4284 6267
552 884 702 929 End.
717 898 799 935 xvi.

534 950 603 1001 ει,
625 951 693 992 ai.

830 478 951 544 546
1448 498 1798 549 umanum
1840 498 1903 546 m
1947 500 2085 547 car.
2133 499 2240 547 xv1
2282 498 2441 547 unm
2483 498 2842 547 summm.
2893 521 2974 530 —
3013 502 3155 548 aar.
3202 501 3306 547 xvl

830 688 913 733 na
956 669 1023 732 in
1062 669 1223 733 coelo
1262 671 1459 748 aerio,
1491 679 1556 735 et
1590 671 1879 735 fecerunt
1916 671 2075 734 illud
2126 670 2318 733 simul
2351 670 2402 732 A
2429 674 2846 733 nutrirentur
2857 674 3051 749 justi,
3071 674 3248 749 ignis
3273 674 3470 733 etiam
3491 691 3625 732 suae
3655 671 3928 731 virtutis

830 788 976 831 cum
1028 787 1168 833 rore
1213 771 1616 833 descendere.
1669 770 1811 832 Filii
1872 779 2084 832 autem
2133 768 2322 832 Israel

830 868 1225 948 collegerunt
1252 888 1508 945 manna,
1526 870 1698 950 quod
1726 875 1862 931 erat
1891 868 2074 949 quasi
2104 887 2321 931 semen

829 968 1251 1044 coriandri,et
1281 967 1430 1031 inde
1459 967 1748 1030 fecerunt
1776 985 1973 1049 panes
1998 967 2121 1029 :ita
2151 967 2320 1047 quod

832 1066 969 1129 sine
998 1084 1217 1130 eorum
1253 1066 1469 1129 labore
1498 1084 1733 1128 manna
1762 1064 2051 1147 pervenit
2079 1067 2158 1129 ad
2189 1084 2316 1129 eos,

832 1169 1033 1226 Omne
1074 1168 1604 1225 delectamentum
1657 1167 1730 1225 in
1768 1185 1833 1224 se
1874 1167 2236 1234 habentem,
2264 1174 2324 1225 et

828 1264 1039 1323 omnis
1067 1264 1316 1340 saporis
1341 1264 1755 1323 suavitatem.
1788 1262 2104 1324 Naturalis
2134 1280 2325 1344 sapor

832 1379 1083 1423 mannae
1128 1360 1251 1422 fuit
1294 1379 1481 1422 unus.
1516 1361 1601 1422 De
1639 1379 1768 1442 quo
1816 1361 2125 1442 scriptum
2175 1370 2318 1424 est:

552 1474 800 1527 wialan,
830 1458 1007 1522 Mane
1045 1478 1147 1522 ros
1185 1460 1387 1540 jacuit
1428 1477 1540 1541 per
1576 1460 1915 1522 circuitum
1944 1469 2319 1537 castrorum,

536 1541 604 1583 31.

556 2556 692 2601 Num.
712 2570 795 2609 xxi,

626 2944 693 2999 21

626 5302 697 5357 23

830 1566 893 1622 et
921 1558 1219 1639 apparuit
1249 1558 1315 1619 in
1346 1556 1690 1620 solitudine
1714 1577 1947 1620 manna
1979 1558 2318 1634 minutum,

829 1663 892 1717 et
922 1654 1099 1736 quasi
1130 1655 1264 1737 pilo
1295 1662 1507 1717 tusum
1542 1654 1606 1715 in
1636 1654 2126 1718 similitudinem
2159 1656 2326 1737 prui-

830 1773 927 1817 nae
957 1773 1147 1836 super
1177 1763 1411 1817 terram
1449 1770 1463 1813 :
1497 1753 1667 1834 quod
1707 1761 1837 1816 erat
1880 1754 2061 1835 quasi
2103 1773 2322 1817 semen

2430 772 2664 831 oblitus
2711 780 2799 830 est
2838 791 2860 830 .·
2901 770 2963 833 id
3016 778 3132 843 est,
3187 770 3308 833 hoc
3359 787 3578 831 rursus
3626 768 3926 846 mirabile-

2435 867 2580 945 fuit,
2613 868 2784 949 quod
2817 868 2982 949 ignis
3015 888 3191 931 suam
3225 867 3578 930 naturalem
3607 867 3926 930 actionem

2433 987 2562 1031 non
2593 968 2874 1031 exercuit
2904 968 2970 1029 in
3001 966 3405 1049 quibusdam,
3440 974 3510 1028 ut
3535 965 3694 1046 justi
3727 966 3929 1029 nutri-

2435 1075 2652 1129 rentur
2699 1086 2776 1129 ex
2827 1066 2948 1143 his,
2999 1085 3142 1147 quae
3190 1064 3360 1146 ignis
3405 1065 3504 1143 (ut
3550 1063 3926 1127 naturaliter

2435 1166 2772 1246 potuisset)
2819 1184 2946 1228 non
2996 1164 3415 1245 consumpsit.
3449 1162 3664 1244 Aliqui
3713 1172 3924 1225 autem

2433 1272 2761 1345 exponunt
2805 1263 2974 1325 istud
3021 1263 3101 1325 de
3148 1262 3414 1337 Anania,
3459 1261 3698 1336 Azaria‚
3741 1260 3922 1323 Misa—

2431 1362 2531 1425 ele
2566 1380 2580 1423 :
2613 1380 2774 1443 quos
2812 1361 2978 1441 ignis
3013 1359 3290 1423 fornacis
3325 1378 3450 1422 non
3483 1359 3666 1435 laesit,
3701 1368 3770 1421 ut
3808 1378 3925 1421 nu·
3951 1382 4214 1431 mnaso.

2434 1459 2761 1536 trirentur,
2805 1458 2868 1522 id
2907 1467 3022 1532 est,
3061 1458 3124 1519 in
3169 1458 3301 1519 vita
3347 1466 3696 1533 manerent,
3731 1466 3922 1539 atque

2435 1556 2874 1620 reficerentur.
2909 1556 3028 1618 Alii
3061 1555 3389 1639 app-licant
3426 1557 3594 1618 istud
3638 1556 3712 1618 ad
3747 1554 3921 1618 filios

2432 1655 2618 1718 lsrael
2679 1656 2744 1717 in
2793 1656 3082 1737 AEgypto,
3131 1654 3246 1735 qui
3293 1654 3666 1716 habitabant
3712 1653 3801 1716 ibi
3853 1655 3918 1717 in

2432 1762 2599 1817 terra
2644 1754 2878 1817 Gessen
2923 1772 2936 1815 :
2982 1772 3173 1833 quam
3224 1752 3391 1833 ignis
3439 1752 3548 1817 ille
3596 1752 3919 1834 AEgyptios
3985 1773 4212 1823 ama-1.

828 1852 1144 1915 coriandri
1176 1851 1414 1927 album,
1450 1860 1804 1933 gustusque
1846 1853 1985 1933 eJus
2025 1853 2209 1933 quasi
2239 1854 2323 1915 si·
2359 1860 2404 1921 Β
2433 1860 2710 1928 vastans,
2745 1871 2873 1915 non
2913 1851 3195 1929 intravit,
3231 1870 3348 1914 nec
3378 1851 3778 1915 llebraeorum
3814 1850 3919 1913 lae-
3949 1839 4020 1879 ²⁶·

829 1950 999 2013 milae
1030 1970 1173 2014 cum
1206 1950 1418 2013 melle.
1453 1950 1691 2013 Idcirco
1722 1951 1891 2031 quod
1926 1950 2162 2014 dicitur
2189 1952 2317 2030 hic,

826 2048 1125 2112 habuisse
1181 2067 1370 2112 omne
1418 2048 1949 2112 delectamentum
1998 2058 2062 2111 et
2109 2050 2318 2113 omnis

826 2149 1071 2230 saporis
1104 2148 1502 2223 suavitatem,
1536 2166 1663 2210 non
1694 2156 1826 2209 erat
1858 2149 2167 2225 naturale,
2203 2168 2320 2212 nec

827 2267 903 2311 ex
932 2255 1160 2308 natura
1188 2254 1252 2309 et
1279 2246 1343 2309 vi
1374 2264 1639 2322 mannae,
1662 2246 1769 2307 sed
1800 2246 2017 2308 divina
2048 2246 2312 2311 virtute:

827 2345 1359 2427 quemadmodum
1393 2343 1584 2407 etiam
1628 2344 1836 2425 ipsum
1878 2364 2113 2408 manna
2154 2345 2220 2407 in
2251 2366 2320 2409 se

824 2445 925 2524 (ut
972 2444 1218 2506 dictum
1266 2444 1389 2522 est)
1436 2441 1644 2519 dulce,
1700 2442 2033 2507 videbatur
2082 2443 2318 2525 iniquis

828 2542 1179 2624 insipidum
1229 2558 1241 2602 τ
1292 2540 1401 2622 qui
1454 2540 1772 2616 dixerunt,
1825 2541 2050 2603 Anima
2101 2552 2320 2605 nostra

829 2648 1091 2703 nauseat
1138 2658 1328 2721 super
1375 2638 1519 2701 cibo
1563 2639 1685 2702 isto
1734 2639 2081 2703 levissimo.
2123 2640 2317 2703 Justis

827 2757 977 2801 vero
1007 2746 1072 2802 et
1101 2739 1228 2802 Deo
1256 2737 1451 2819 gratis
1487 2736 1772 2819 sapiebat
1813 2737 1993 2819 quasi
2028 2740 2316 2801 omnium

826 2836 1067 2900 habens
1110 2855 1409 2919 saporum
1452 2835 1854 2900 suavitatem.
1888 2835 2046 2899 Hinc
2096 2837 2316 2900 subdi-

824 2944 928 2997 tur
963 2954 977 2997 :
1009 2936 1437 2997 substantiam
1469 2936 1670 3002 enim,
1704 2933 1768 2996 id
1797 2943 1893 2996 est
1924 2935 2315 3017 opulentiam

2430 1950 2510 2012 sit
2555 1951 2866 2031 jumenta,
2915 1969 3116 2032 quum
3168 1958 3382 2012 tamen
3428 1950 3802 2013 naturaliter
3851 1968 3918 2013 se

2431 2047 2698 2112 forsitan
2746 2047 3119 2111 diffudisset
3163 2048 3230 2110 in
3276 2056 3509 2111 terram
3545 2047 3802 2124 Gessen,
3855 2056 3917 2111 et

2430 2147 2695 2210 laesisset
2736 2147 2972 2209 ibidem
3019 2166 3246 2228 pecora
3286 2145 3713 2210 Hebraeorum.

2511 2248 2822 2307 Creatura
2851 2248 3027 2306 enim
3056 2245 3246 2307 etiam
3290 2245 3638 2307 inanimata
3670 2247 3788 2305 tibi
3815 2247 3918 2322 fa·
4047 2252 4122 2306 24

2426 2348 2589 2405 ctori
2615 2348 2996 2415 deserviens,
3027 2346 3451 2416 excandescit,
3487 2344 3550 2406 id
3593 2352 3710 2421 est,
3745 2344 3918 2407 acui-

2428 2451 2551 2517 tur,
2586 2452 2650 2505 et
2676 2444 2861 2524 quasi
2891 2442 2987 2505 ira
3017 2441 3291 2517 fervenS,
3327 2442 3572 2505 intense
3603 2451 3913 2517 movetur,

2427 2545 2500 2602 in
2534 2551 2950 2611 tormentum,
2981 2540 3044 2602 id
3086 2549 3184 2603 est
3224 2540 3302 2603 ad
3342 2539 3746 2604 inferendum
3791 2560 3920 2623 poe-

2427 2650 2561 2714 naS,
2597 2644 2904 2701 adversus
2935 2641 3233 2716 injusto-5,
3254 2639 3315 2701 id
3347 2647 3441 2701 est
3473 2639 3628 2721 ipsis
3660 2640 3916 2721 injustis

2427 2759 2502 2803 ac
2543 2738 2854 2821 reprobiS,
2899 2756 3028 2802 non
3071 2738 3150 2801 ad
3188 2737 3429 2801 bonum
3477 2738 3912 2814 correctionis,

2428 2839 2537 2901 sed
2566 2838 2645 2900 ad
2674 2837 2914 2900 malum
2945 2845 3240 2900 extremae
3271 2837 3647 2919 perditionis
3674 2855 3912 2916 eorum3

2425 2949 2485 2999 et
2515 2940 2744 3009 lenior,
2780 2936 2842 2997 id
2889 2944 2986 2999 est
3031 2936 3250 2999 mitior
3289 2954 3365 2998 ac
3408 2936 3913 3013 convenientior,

826 3044 1033 3105 tuam,
1072 3045 1131 3096 et
1167 3036 1604 3102 dulcedinem,
1647 3032 1709 3095 id
1753 3040 1849 3095 est
1887 3034 2055 3116 piam
2108 3044 2172 3099 et
2217 3054 2318 3098 ca-
2353 3034 2396 3097 C
2425 3041 2501 3113 fit
2547 3040 2636 3096 ad
2685 3037 3214 3112 benefaciendum
3255 3055 3378 3114 pro
3425 3036 3527 3095 his
3573 3037 3691 3115 qui
3736 3038 3808 3097 in
3862 3046 3919 3095 te

821 3134 1140 3197 ritativam
1189 3131 1705 3195 munificentiam
1753 3143 1957 3204 tuam,
2000 3154 2199 3213 quam
2242 3137 2316 3195 in

819 3234 992 3310 filios
1034 3231 1389 3314 adoptiVOS,
1423 3230 1645 3311 quales
1698 3238 1851 3292 tunc
1900 3240 2081 3293 erant
2128 3232 2315 3295 multi

823 3329 890 3393 in
927 3330 1139 3407 lsrael,
1176 3331 1380 3401 habes,
1416 3331 1777 3389 ostendebas
1817 3347 1931 3410 per
1979 3337 2107 3392 tam
2161 3350 2318 3413 prae-

820 3429 1063 3492 clarum
1094 3426 1495 3501 miraculum,
1529 3435 1593 3489 et
1626 3426 1959 3490 delicatam
1997 3429 2314 3509 justorum

826 3527 1080 3592 illorum
1114 3526 1567 3605 refectionem;
1596 3537 1656 3587 et
1684 3529 2046 3588 deserviens
2083 3548 2317 3591 manna

825 3627 1341 3705 uniuscujusque
1393 3624 1549 3707 justi
1612 3628 1960 3695 voluntati,
2004 3629 2092 3687 ad
2149 3630 2320 3707 quod

824 3728 1095 3804 quisque
1138 3727 1408 3794 volebat,
1448 3727 1959 3794 convertebatur,
2002 3724 2063 3786 id
2103 3733 2200 3788 est
2238 3727 2319 3789 ad

825 3822 1231 3906 praebendum
1266 3821 1451 3884 talem
1486 3823 2061 3904 saporem‚qualem
2098 3824 2316 3887 talium

826 3920 1101 4004 quisque
1141 3920 1405 4003 optavit,
1442 3920 1747 4002 sapiendo
1788 3940 1959 3983 nunc
1998 3930 2069 3983 ut
2109 3922 2314 4003 paniS,

827 4040 998 4083 nunc
1028 4028 1099 4082 ut
1127 4038 1371 4094 carnes,
1409 4038 1579 4082 nunc
1610 4027 1680 4081 ut
1708 4019 1937 4102 pisceS.

910 4120 1051 4183 Nioe
1078 4128 1293 4179 autem
1323 4128 1382 4179 et
1402 4118 1748 4195 ylaci63‚id
1781 4126 1878 4181 est
1910 4118 2019 4180 nix
2046 4128 2109 4182 et
2135 4138 2320 4200 gran-

2425 3137 2788 3212 eonfidant,
2810 3133 2874 3195 id
2904 3142 3000 3195 est
3031 3132 3432 3215 sperantibus
3465 3132 3530 3195 in
3559 3141 3643 3209 te,
3666 3134 3745 3196 ad
3775 3152 3919 3215 pro-

2427 3231 2661 3295 fectum
2711 3252 2784 3295 ac
2832 3231 3100 3294 salutem
3146 3232 3452 3314 ipsorum,
3497 3230 3782 3294 finaliter
3831 3240 3918 3293 ta-

2427 3350 2574 3393 men
2607 3331 2686 3393 ad
2717 3329 3022 3393 honorem
3053 3338 3116 3392 et
3145 3329 3412 3410 gloriam
3443 3330 3530 3391 tui
3565 3330 3783 3412 ipsius
3804 3330 3915 3412 qui

2426 3448 2493 3492 es
2551 3429 2994 3493 universorum
3044 3428 3308 3490 ultimus
3358 3428 3534 3503 finis,
3585 3428 3664 3491 ad
3721 3448 3916 3510 quem

2427 3546 2616 3591 omne
2655 3528 2894 3590 bonum
2939 3535 3033 3589 est
3063 3526 3492 3603 referendum,
3527 3526 3636 3608 qui
3673 3535 3738 3590 et
3777 3546 3916 3609 pro-
3973 3548 4216 3594 emm—1.

2426 3634 2566 3709 pter
2608 3634 2668 3687 te
2712 3624 2920 3707 ipsum
2967 3634 3263 3708 operatus
3306 3644 3374 3688 es
3415 3625 3652 3688 omnia.

2509 3728 2783 3803 Propter
2809 3726 2923 3784 hoc
2949 3733 3011 3783 et
3043 3734 3196 3784 tunc
3229 3725 3451 3785 omnia
3491 3729 3918 3801 transfiqura·
4043 3740 4122 3794 25

2430 3835 2517 3893 ta,
2552 3822 2615 3884 id
2665 3829 2760 3884 est
2809 3821 2996 3901 igniS,
3029 3840 3214 3901 aqua,
3249 3840 3505 3898 manna,
3551 3822 3630 3885 de
3679 3822 3914 3903 quibus

2425 3922 2554 4002 jam
2603 3921 2845 3983 dictum
2895 3928 3012 3996 est,
3059 3927 3296 3982 mutata
3355 3928 3507 3983 tunc
3555 3940 3594 3983 a
3641 3921 3914 3984 naturali

2425 4039 2637 4095 cursu,
2691 4018 3101 4100 proprietate,
3153 4025 3217 4080 et
3271 4018 3541 4096 actione,
3594 4020 3683 4082 ita
3741 4020 3914 4101 quod

2427 4117 2592 4197 ignis
2633 4117 2700 4178 in
2741 4135 2906 4196 aqua
2946 4116 3093 4199 plus
3137 4116 3358 4196 viguit,
3394 4116 3559 4180 sicut
3603 4116 3916 4199 praehabi-

824 4217 1009 4280 dines
1035 4217 1207 4297 (quae
1250 4223 1397 4277 sunt
1436 4235 1617 4297 aquae
1657 4216 2022 4297 congelatae,
2059 4226 2121 4279 et
2168 4238 2312 4281 cum
2347 4216 2398 4277 D
2429 4225 2558 4277 tum
2605 4223 2721 4288 est,
2756 4217 3054 4275 omnium
3100 4218 3351 4275 nutrici
3385 4219 3622 4293 qratioe
3667 4228 3814 4289 tuae,
3847 4217 3912 4279 id

824 4315 994 4394 igne,
1028 4323 1098 4375 ut
1142 4314 1381 4376 dictum
1425 4322 1541 4391 est,
1578 4314 2095 4394 descendebant),
2130 4319 2318 4377 sasti-

822 4416 1061 4474 nebant
1106 4414 1240 4472 vim
1284 4414 1481 4488 iynis,
1524 4423 1583 4474 et
1625 4433 1756 4473 non
1804 4415 2216 4485 tabescebant,
2251 4414 2317 4475 id

821 4520 939 4588 est,
973 4512 1215 4592 absque
1246 4529 1357 4572 sua
1386 4511 1796 4594 corruptione
1825 4519 1889 4573 et
1920 4510 2318 4591 liquefactio-

822 4629 903 4673 ne
952 4609 1355 4673 sustinebant
1401 4609 1970 4691 supernaturaliter
2019 4610 2184 4690 ignis
2237 4611 2314 4672 il·—

821 4710 945 4771 lius
984 4708 1297 4786 calorem3
1332 4717 1404 4768 ut
1442 4710 1681 4768 scirent
1720 4710 2031 4786 quoniam
2058 4710 2316 4785 fructus

818 4808 1243 4867 inimicorum
1290 4808 1762 4867 exterminabat
1819 4807 2020 4882 tynis,
2071 4806 2133 4867 id
2195 4816 2312 4885 est,

818 4912 1133 4985 quatenus
1170 4902 1292 4965 filii
1325 4904 1512 4967 lsrael
1556 4904 1982 4979 adverterent,
2019 4913 2081 4966 et
2123 4924 2316 4987 super

819 5001 940 5065 hoc
996 5001 1231 5081 gratias
1280 5003 1408 5064 Deo
1466 5001 1781 5065 referrent
1835 5002 1970 5065 zelo
2021 5003 2310 5083 justitiae,

820 5099 990 5179 quod
1032 5097 1199 5178 ignis
1244 5098 1355 5162 ille
1385 5102 1622 5161 ardens
1650 5102 1723 5159 in
1758 5102 2111 5177 yrandine,
2144 5112 2203 5162 et
2243 5104 2312 5161 in

812 5199 1048 5275 pluvia
1081 5218 1441 5270 coruscam,
1474 5198 1787 5260 destruxit
1830 5206 2009 5261 terrae
2055 5218 2317 5261 nascen-

824 5295 915 5357 tia
959 5296 1418 5378 AEgyptiorum.
1472 5298 1608 5357 Hoc
1655 5307 1869 5357 autem
1928 5298 2194 5367 iterum,
2243 5309 2316 5359 ut

2424 4323 2520 4377 est
2550 4323 2671 4377 tuae
2700 4313 3101 4394 gratiositati,
3138 4334 3249 4376 seu
3277 4313 3568 4393 gratiosae
3598 4315 3912 4377 voluntati

2425 4412 2721 4475 omnibus
2769 4410 3152 4493 providenti,
3195 4414 3662 4483 deserviebant,
3701 4413 3916 4477 obedi-

2417 4511 2587 4574 ·endo
2623 4510 2831 4572 eidem
2873 4510 2949 4571 ad
2991 4518 3238 4586 nutum,
3271 4513 3358 4571 ad
3385 4514 3782 4572 voluntatem
3811 4516 3917 4575 leo-

2423 4630 2573 4669 rum
2601 4610 2720 4688 qui
2747 4630 2788 4668 a
2818 4618 2874 4669 te
2902 4609 3257 4669 desiderati
3283 4619 3461 4678 sunt,
3494 4608 3556 4671 id
3597 4617 3695 4673 est
3735 4611 3916 4691 juxta

2425 4704 2814 4769 desiderium
2845 4713 2906 4768 et
2942 4706 3316 4787 petitionem
3362 4705 3645 4770 filiorum
3697 4707 3910 4785 Israel,

2424 4824 2696 4886 quorum
2743 4804 3098 4886 profectum
3141 4813 3204 4866 et
3241 4804 3507 4867 salutem
3549 4806 3915 4888 specialiter

2424 4903 2796 4966 desiderasti
2837 4920 2850 4964 :
2887 4904 2964 4965 de
3003 4902 3237 4984 quibus
3277 4902 3526 4967 locutus
3566 4922 3634 4967 es
3665 4904 3857 4987 Moysi
3891 4922 3908 4967 ε

2422 5001 2571 5075 Quis
2600 5002 2706 5063 det
2739 5001 2925 5063 talem
2955 5019 3063 5064 eos
3095 5001 3328 5064 habere
3367 5011 3668 5079 mentem,
3707 5010 3778 5064 ut
3807 5003 3914 5065 be-
3943 5022 4072 5065 Dear„
4092 5027 4214 5074 ωε

2425 5119 2503 5163 ne
2533 5100 2616 5162 sit
2645 5100 2772 5162 eis?
2792 5100 2868 5161 Et
2897 5099 3050 5161 alibi
3082 5119 3194 5182 per
3222 5099 3596 5182 Prophetam
3623 5100 3912 5163 :Utinam
3947 5122 4216 5172 numia

2423 5198 2800 5261 attendisses
2849 5198 3146 5260 mandata
3191 5218 3353 5261 mea.
3399 5200 3476 5259 Ut
3511 5201 3749 5260 seirent
3777 5202 3916 5278 filii
4041 5212 4120 5265 26

2427 5300 2548 5369 tui,
2581 5318 2734 5377 quos
2761 5299 3079 5369 dilexisti,
3112 5299 3412 5367 Domine,
3445 5296 3507 5359 id
3537 5305 3636 5360 est
3673 5297 3800 5359 filii
3831 5298 3916 5359 ls-
