4284 6267
575 1110 743 1167 Ephee.
763 1124 806 1162 v,

541 1175 610 1215 27.

585 2696 649 2740 18.
669 2710 697 2747 ι,
714 2698 783 2739 21.

587 3088 666 3131 Pa.
685 3102 808 3139 mxxii,

545 3154 614 3196 27.

583 4658 648 4701 18.
669 4672 712 4711 n,
736 4662 775 4704 3.

834 500 954 571 406

1401 524 1757 572 ENARRATIO
1799 525 1862 571 m
1905 525 2042 572 CAP.
2081 527 2144 572 vl
2188 525 2429 572 CANTICI
2474 524 2877 573 CANTICORUM.
2923 545 3005 555 —
3044 528 3187 573 ΛΒΤ.
3234 526 3384 573 XVIII

835 715 909 759 ac
940 706 1366 774 conservatur,
1393 707 1612 780 utpote
1641 697 2022 761 universalis
2051 697 2331 760 Ecclesia
2358 696 2409 759 A
2439 698 2734 761 Ecclesiae
2760 697 3109 773 militantis,
3133 698 3507 779 intelligitur
3534 698 3931 781 triumphans

835 795 1121 859 militans
1157 814 1171 858 ε
1205 816 1348 880 quae
1379 816 1508 859 una
1537 804 1633 859 est
1662 797 1906 859 unitate
1946 795 2124 871 fidei,
2170 796 2328 878 spei,

835 903 901 956 et
929 895 1234 973 caritatiS,
1262 896 1499 959 unione
1531 916 1695 959 verae
1725 895 2099 971 concordiae,
2126 903 2191 957 et
2222 913 2335 977 per

835 994 1054 1056 eadem
1111 994 1318 1057 media
1370 996 1448 1058 ad
1495 994 1786 1057 eumdem
1841 992 2040 1056 finem
2087 990 2337 1057 salvifi-

835 1111 981 1154 cum
1012 1094 1292 1157 'tendens
1319 1094 1402 1157 De
1433 1113 1560 1175 qua
1588 1094 1678 1155 ait
1706 1093 2045 1176 Apostolus
2081 1112 2095 1156 :
2129 1092 2336 1172 Elegit

837 1190 958 1253 sibi
1009 1190 1353 1272 gloriosam
1400 1192 1771 1267 Ecclesiam,
1820 1210 1948 1254 non
1992 1190 2334 1254 habentem

833 1290 1148 1353 maculam
1181 1310 1389 1372 neque
1419 1308 1660 1371 rugam.
1685 1290 1859 1364 Quod
1893 1289 2187 1371 quamvis
2220 1308 2335 1371 pro

835 1396 1002 1450 statu
1074 1388 1290 1451 futuro
1349 1390 1554 1470 magis
1613 1388 1952 1452 conveniat
2008 1388 2329 1465 Ecclesiae,

833 1488 1181 1549 secundum
1231 1487 1684 1569 Hieronymum
1731 1505 1922 1569 super
1967 1485 2330 1562 Jeremiam,

833 1594 894 1649 et
938 1587 1286 1649 secundum
1328 1587 1714 1648 Bernardum
1765 1586 1832 1647 in
1867 1604 2202 1664 sermone3
2246 1592 2335 1646 ta-

831 1704 978 1748 men
1010 1694 1072 1748 et
1097 1703 1214 1768 pro
1245 1693 1410 1747 statu
1447 1686 1744 1767 praesenti
1779 1684 2149 1767 aliqualiter
2168 1703 2335 1747 com-

832 1784 994 1867 petit
1036 1784 1090 1846 ei
1144 1802 1157 1845 :
1205 1784 1509 1866 quoniam
1560 1793 1871 1864 quantum
1925 1784 2000 1845 ad
2047 1782 2332 1845 membra

2438 795 2741 872 Ecclesia,
2772 816 2915 878 quae
2944 796 3325 859 militantem
3356 795 3599 860 meritis
3630 796 3761 859 suis
3792 814 3931 878 pre-

2438 896 2749 977 cibusque
2781 904 3013 959 tuetur.
3046 896 3198 957 Nam
3240 904 3303 957 et
3344 895 3644 975 gaudium
3686 904 3779 957 est
3821 914 3929 957 an·
3958 912 4195 961 Lumo.
4267 912 4268 923 ³

2439 994 2600 1073 ge’lis
2656 994 2761 1057 Dei
2814 1012 3006 1077 super
3056 1012 3183 1057 uno
3232 1002 3561 1077 peccatore
3616 994 3923 1076 poenitcn-

2442 1093 2591 1155 tiam
2637 1102 2884 1175 agente.

2526 1195 2840 1254 Viderunt
2869 1214 3011 1254 eam
3034 1196 3194 1270 filiae
3222 1195 3409 1265 Sion,
3432 1191 3496 1254 id
3526 1200 3622 1254 est
3653 1190 3927 1273 prael'atae

2439 1291 2929 1354 adolescentulae
2959 1310 3070 1354 seu
3100 1290 3330 1353 animae
3368 1291 3446 1353 de
3476 1308 3642 1354 novo
3669 1308 3927 1353 conver-

2439 1408 2523 1451 soe
2559 1406 2572 1451 :
2610 1409 2752 1470 quae
2781 1398 2929 1452 sunt
2961 1389 3113 1451 siliae
3153 1388 3325 1464 Sion,
3365 1389 3427 1451 id
3468 1398 3562 1451 est
3602 1387 3759 1450 filiae
3794 1407 3927 1470 spe-

2439 1487 2775 1552 culationis
2808 1507 2918 1569 per
2949 1486 3179 1567 sidem3
3210 1506 3354 1569 quae
3390 1488 3607 1551 vident
3648 1505 3761 1569 per
3790 1505 3927 1568 spe
3980 1507 4194 1559 waram,

3960 1573 4023 1612 12.

2440 1588 2655 1649 culum
2718 1587 2783 1650 in
2842 1587 3198 1667 aenigmate,
3260 1596 3323 1649 et
3372 1587 3639 1649 virtutes
3698 1594 3926 1648 sanctae

2440 1686 2663 1748 matris
2694 1686 2991 1748 Ecclesiae
3022 1685 3349 1762 intuendo,
3374 1685 3685 1747 mirantur
3712 1692 3775 1746 et
3804 1683 3929 1746 lau-

2442 1784 2595 1846 dant
2637 1801 2809 1859 eam3
2842 1794 2901 1844 et
2946 1786 3377 1845 beatissimam
3414 1786 3933 1861 proedicaverum

832 1902 946 1945 sua
977 1883 1145 1959 viva,
1173 1890 1344 1945 caret
1373 1882 1738 1945 mortalium
1771 1882 2069 1943 vitiorum
2104 1888 2167 1943 et
2198 1900 2334 1963 pra·
2370 1890 2416 1951 Β
2444 1884 2709 1959 νερίπατ,
2762 1883 2839 1945 dc
2901 1882 3136 1963 quibus
3184 1883 3314 1963 jam
3376 1881 3614 1944 dictum
3666 1888 3761 1943 est
3802 1898 3816 1941 :
3870 1880 3930 1941 id

833 1999 1056 2044 varum
1118 1979 1542 2043 intentionum
1605 1998 1761 2060 ruga
1817 1999 1886 2042 ac
1947 1978 2218 2054 macula,
2272 1986 2335 2040 et

833 2097 1085 2161 semper
1118 2077 1308 2140 habet
1338 2077 1404 2139 in
1444 2096 1512 2140 se
1549 2077 1797 2158 aliquas
1846 2084 2094 2140 sanctas
2125 2095 2335 2158 perso-

835 2198 971 2241 nas,
1007 2177 1232 2240 Totum
1263 2185 1474 2239 autem
1504 2196 1541 2239 a
1572 2178 1704 2239 suis
1736 2176 2024 2258 partibus
2055 2176 2335 2239 denomi-

838 2276 1161 2339 nationem
1193 2276 1475 2359 sortitur,
1505 2276 1631 2338 imo
1662 2274 2216 2337 denominationes
2247 2273 2335 2336 di-

836 2394 1051 2441 versas
1096 2382 1158 2437 et
1198 2374 1380 2455 quasi
1415 2373 1780 2449 contrariaS,
1817 2374 1978 2437 sicut
2021 2374 2153 2435 haec
2197 2372 2335 2454 ipsa

837 2473 1120 2537 Ecclesia
1149 2472 1383 2535 dicitur
1414 2480 1631 2536 sancta
1661 2482 1724 2535 et
1752 2471 2126 2545 deformata,
2155 2472 2333 2550 virgo

836 2582 900 2637 et
948 2571 1267 2646 meretrix,
1321 2572 1668 2634 secundum
1726 2571 2117 2653 expositores
2177 2587 2335 2631 non-

839 2671 1046 2735 nullos
1089 2690 1279 2753 super
1323 2670 1483 2732 illud
1526 2670 1700 2733 Isaiae
1743 2688 1756 2732 :
1800 2669 2125 2745 Quomodo
2167 2667 2333 2731 facta

837 2779 933 2834 est
979 2770 1280 2833 meretrix
1331 2769 1484 2831 urbs
1533 2768 1796 2831 fidelis?
1842 2767 2141 2850 quoniam
2194 2766 2334 2847 qui-

838 2871 982 2932 dam
1033 2868 1097 2931 in
1151 2868 1434 2933 Ecclesia
1481 2868 1606 2931 Deo
1649 2888 1810 2950 pura
1861 2876 2075 2929 mente
2123 2866 2333 2928 adhae-

839 2975 1000 3045 rent,
1053 2967 1268 3049 plures
1316 2986 1465 3030 vero
1509 2976 1744 3043 mente,
1795 2966 1922 3029 imo
1956 2974 2018 3027 et
2067 2982 2333 3046 corpore

2443 1990 2561 2057 est,
2607 1980 2836 2045 animae
2881 1980 3311 2063 perfectorum
3361 1980 3606 2043 acutius
3649 1979 3935 2042 conside-

2443 2081 2645 2143 rando
2685 2081 2852 2143 dona
2892 2089 2954 2141 et
2996 2079 3335 2161 privilegia
3379 2078 3563 2142 almae
3600 2078 3788 2141 matri
3824 2078 3935 2140 Ec-

2445 2178 2656 2241 clesiae
2704 2178 3007 2260 praestita,
3045 2177 3228 2240 fassae
3268 2186 3416 2239 sunt
3461 2196 3597 2241 eam
3648 2177 3937 2240 beatissi-

2443 2296 2609 2338 mam
2660 2295 2802 2339 esse
2849 2276 2915 2337 in
2963 2296 3095 2358 spe,
3129 2276 3557 2351 inchoatione,
3591 2274 3817 2339 merito
3862 2295 3934 2338 ac

2442 2375 2902 2457 praelibatione.
2928 2374 3163 2457 Nempe
3192 2394 3321 2456 quo
3349 2374 3629 2438 Ecclesia
3658 2374 3935 2437 sanctior

2440 2473 2908 2555 gratiosiorque
2937 2473 3251 2549 consistit,
3285 2492 3361 2537 eo
3403 2473 3521 2536 hoc
3561 2474 3749 2536 modo
3788 2471 3932 2536 bea-

2446 2573 2567 2636 tior
2616 2572 3009 2655 perhibetur.
3062 2575 3149 2634 Ee
3204 2574 3575 2633 concubinae
3629 2576 3930 2633 laudave-

2439 2682 2599 2733 runt
2645 2692 2810 2742 eam,
2852 2680 3153 2753 tanquam
3203 2671 3377 2733 omni
3420 2670 3549 2733 alia
3595 2688 3927 2752 congrega-

2442 2771 2615 2834 tione
2664 2778 2727 2833 et
2761 2769 2947 2851 plebe
2996 2770 3484 2851 praeclariorem.

2526 2872 2677 2937 Quae
2722 2878 2811 2929 esc
2860 2870 2984 2929 ista
3023 2890 3166 2949 quoe
3194 2870 3669 2946 progreditur?
3698 2866 3759 2929 id
3806 2875 3917 2940 est,

2441 2986 2631 3047 quam
2660 2974 2940 3043 venusta,
2963 2965 3487 3029 commcndabilis
3516 2974 3579 3027 et
3610 2965 3932 3047 praeclara,

840 3064 1242 3129 fornicantur
1270 3066 1349 3127 ab
1379 3084 1475 3139 eo,
1514 3074 1705 3147 prout
1750 3064 1814 3127 in
1861 3063 2201 3127 Moralibus
2234 3082 2332 3125 su·
2365 3067 2409 3129 C
2442 3072 2538 3128 est
2588 3063 2972 3127 universalis
3016 3063 3339 3133 Ecclesial
3387 3082 3656 3146 pergens
3704 3064 3785 3126 de
3828 3062 3929 3125 via

840 3184 952 3247 per
998 3164 1114 3228 Job
1165 3163 1407 3227 diffuse
1459 3172 1681 3227 tractat
1725 3163 2085 3244 Gregorius.

958 3268 1098 3325 Una
1158 3274 1248 3325 esc
1303 3264 1504 3323 matri
1559 3284 1718 3333 suae,
1775 3267 1970 3324 electa
2024 3263 2333 3339 yenitrae'ci

835 3384 1009 3425 επακ·
1033 3362 1096 3424 id
1127 3370 1243 3439 est,
1278 3363 1412 3425 haec
1441 3362 1582 3443 ipsa
1610 3360 1993 3425 venerabilis
2027 3358 2327 3433 Ecclesia,

839 3460 1131 3523 subsistit
1160 3468 1222 3523 et
1251 3468 1347 3522 est
1386 3459 1464 3521 ad
1504 3460 1755 3523 laudem
1796 3468 1857 3522 et
1900 3457 2167 3539 gloriam
2200 3458 2333 3540 pie-

836 3560 987 3622 tatis
1017 3568 1080 3622 et
1107 3559 1324 3639 gratiae
1354 3558 1486 3635 Dei,
1521 3579 1630 3622 seu
1665 3559 1960 3621 increatae
2000 3558 2331 3640 sapientiae

838 3661 976 3742 ejus
1013 3678 1026 3721 :
1061 3678 1203 3741 quae
1238 3658 1462 3740 pietaS,
1495 3658 1718 3739 gratia,
1755 3657 2088 3740 sapientia,
2130 3670 2331 3719 mater

839 3758 1032 3822 totius
1065 3757 1364 3820 Ecclesiae
1402 3755 1780 3839 appellatur,
1826 3755 1976 3837 quia
2020 3776 2134 3838 per
2164 3756 2329 3818 dona

836 3856 1055 3938 gratiae
1091 3854 1510 3938 justificantis
1549 3874 1687 3917 eam
1736 3863 2088 3936 regenerat,
2132 3853 2325 3930 fovet,

837 3955 1401 4036 maternaliterque
1457 3954 1755 4017 custodit.
1818 3954 1892 4015 Et
1950 3960 2158 4036 potest.
2217 3972 2331 4035 per

839 4062 1127 4127 matrem,
1163 4052 1367 4134 gratia
1404 4052 1802 4134 baptismalis
1845 4052 2141 4133 int-elligi,
2188 4071 2330 4133 quae

837 4152 1235 4233 originaliter
1301 4159 1632 4233 regenerat
1694 4152 1960 4228 animaS,
2025 4160 2329 4233 tanquam

2440 3164 2633 3245 hujus
2663 3162 2872 3225 exsilii
2903 3164 2980 3225 ad
3016 3173 3268 3226 aeternae
3298 3161 3567 3245 patriam
3596 3161 3924 3237 claritatiS‚

2440 3280 2567 3325 non
2621 3261 2958 3343 quiesce-ns
3002 3280 3115 3343 per
3145 3269 3485 3343 torporem,
3526 3260 3835 3342 quamdiu
3863 3259 3927 3321 in

2440 3360 2635 3442 hujus
2676 3360 2824 3425 vitae
2864 3370 3155 3422 versatur
3198 3358 3555 3438 curriculo;
3589 3362 3779 3440 quasi
3818 3380 3931 3420 au-

2440 3479 2592 3520 rora
2633 3479 3043 3536 consumens,
3077 3458 3139 3520 id
3171 3466 3287 3533 est,
3322 3459 3399 3521 de
3443 3456 3816 3540 imperfecto
3852 3458 3929 3519 ad

2440 3556 2823 3638 perfectiora
2866 3557 3104 3638 jugiter
3152 3575 3521 3639 properanS,
3570 3575 3608 3618 a
3654 3556 3929 3619 tenebris

2440 3656 2814 3736 ignorantiae
2857 3657 2936 3718 ad
2979 3656 3183 3718 lucem
3231 3653 3557 3737 sapientiae
3595 3655 3924 3731 scandenS,

2438 3772 2475 3815 a
2507 3753 2612 3816 via
2640 3755 2974 3835 purgativa
3020 3773 3131 3836 per
3161 3753 3649 3817 illuminativam
3682 3755 3762 3816 ad
3790 3754 3930 3817 uni-

2439 3853 2633 3915 tivam
2680 3854 3065 3933 ascendens;
3104 3856 3383 3932 pulchra
3424 3862 3497 3914 uc
3534 3856 3694 3914 luna
3726 3874 3748 3912 .·
3775 3871 3931 3933 quo·

2438 3951 2609 4013 niam
2638 3971 2675 4013 a
2718 3951 2859 4014 Sole
2888 3951 3151 4033 justitiae
3180 3970 3457 4027 omnem,
3493 3971 3684 4032 quani
3716 3951 3925 4028 habet,

2438 4050 2669 4133 accipit
2705 4050 2911 4113 lucem
2954 4059 3015 4112 et
3048 4050 3422 4127 claritatem,
3460 4049 3839 4132 sapientiam
3868 4060 3927 4113 et

2437 4148 2760 4214 virtutem.
2794 4148 2871 4210 Et
2910 4149 3075 4210 sicut
3115 4148 3268 4210 luna
3302 4147 3623 4210 illuminat
3653 4156 3923 4221 noctem,

835 4252 1030 4332 janua
1080 4258 1641 4313 sacramentorum.
1697 4250 1886 4313 Mater
1933 4268 2191 4332 quoque
2237 4257 2329 4312 to·
2358 4253 2407 4314 D
2437 4268 2510 4311 ac
2541 4248 2707 4309 inter
2732 4255 3043 4310 nocturna
3066 4247 3273 4310 sidera
3305 4247 3471 4310 lucet
3497 4247 3923 4329 splendidius;

834 4349 963 4411 tius
992 4348 1309 4427 Ecclesiae,
1344 4356 1550 4431 potest
1595 4349 1806 4412 vocari
1847 4348 2175 4431 primitiva
2220 4346 2331 4409 illa

837 4448 1138 4525 Ecclesia,
1172 4448 1293 4510 suh
1321 4446 1768 4528 Apostolorum
1800 4446 2110 4527 regimine
2139 4447 2206 4507 in
2234 4446 2331 4507 Je-

839 4546 1114 4609 rusalem
1145 4545 1462 4621 inchoata,
1504 4565 1540 4607 a
1581 4564 1709 4627 qua
1756 4552 1883 4608 tota
1923 4544 2205 4607 Ecclesia
2235 4552 2329 4607 est

839 4653 1076 4721 exorta,
1106 4646 1282 4727 juxta
1315 4644 1474 4706 illud
1507 4644 1571 4706 in
1605 4643 1799 4707 lsaia:
1835 4644 1920 4704 De
1951 4642 2100 4705 Sion
2131 4642 2330 4706 exibit

841 4745 960 4822 lex,
984 4752 1048 4806 et
1077 4742 1342 4806 verbum
1373 4742 1620 4806 Domini
1655 4742 1734 4805 de
1759 4742 2121 4805 Jerusalem.
2145 4742 2333 4803 Juxta

835 4842 1011 4905 illius
1043 4840 1382 4923 primitivae
1405 4839 1702 4904 Ecclesiae
1731 4822 2219 4913 institutionem,
2242 4859 2329 4901 re-

834 4941 1071 5022 gulam,
1107 4959 1180 5003 ac
1218 4938 1594 5015 doctrinam,
1637 4937 1926 4999 subsistit
1963 4946 2024 5000 et
2064 4956 2329 5001 conver-

834 5047 1010 5101 satur
1045 5036 1425 5101 universalis
1465 5036 1745 5099 Ecclesia
1775 5055 1788 5099 :
1825 5037 1998 5117 quod
2025 5036 2217 5099 etiam
2252 5038 2326 5099 ad

832 5135 1176 5221 primitivae
1208 5135 1504 5199 Ecclesia)
1542 5154 1843 5216 magnum
1889 5134 2059 5198 cedit
2096 5154 2332 5218 praeco-

831 5238 1007 5299 nium
1051 5243 1115 5297 et
1157 5234 1483 5310 honorem,
1529 5241 1590 5295 et
1629 5234 1707 5295 ad
1745 5233 1962 5313 gloriae
2001 5235 2139 5315 ejus
2178 5254 2331 5315 aug-

831 5342 1129 5397 mentum.
1149 5333 1399 5407 RursuS,
1421 5351 1536 5414 per
1566 5338 1832 5394 matrem
1863 5341 1924 5394 et
1953 5333 2323 5412 genitricem

2438 4348 2528 4409 ita
2568 4346 2848 4410 Ecclesia
2889 4346 3183 4423 illustrat,
3228 4347 3432 4423 docet,
3476 4354 3537 4409 et
3575 4346 3793 4427 dirigit
3834 4364 3925 4408 se-

2436 4446 2659 4508 dentes
2699 4444 2763 4506 in
2807 4444 3088 4507 tenebris
3130 4454 3191 4507 et
3222 4444 3446 4506 umbra
3482 4445 3705 4508 mortis
3736 4445 3923 4526 huJus

2440 4543 2677 4607 saeculi.
2724 4544 2800 4605 Et
2843 4544 3090 4606 cunctis
3131 4544 3197 4605 in
3236 4544 3355 4607 hoc
3404 4543 3644 4606 mundo
3682 4543 3927 4625 sapien-

2439 4643 2563 4706 tior
2611 4642 2958 4717 invenitur‚
3009 4643 3443 4706 determinans
3492 4643 3647 4725 quid
3696 4643 3777 4706 de
3823 4661 3925 4705 ne-

2440 4741 2734 4804 cessitate
2785 4741 3007 4803 salutis
3055 4750 3344 4823 oporteat
3392 4741 3671 4817 credere,
3718 4759 3919 4821 agere,

2441 4848 2504 4903 et
2552 4848 2792 4903 tenere.
2826 4842 3047 4901 Electa
3091 4850 3163 4901 ut
3200 4844 3296 4901 sol
3325 4861 3347 4899 .·
3388 4840 3691 4921 quoniam
3742 4858 3927 4922 spon-

2442 4958 2507 5001 sa
2553 4946 2647 5000 est
2694 4938 2859 5001 Solis
2906 4938 3151 5014 aeterni,
3200 4948 3263 5001 et
3312 4938 3366 5002 ei
3419 4938 3486 5000 in
3536 4936 3926 5021 perfectione

2441 5036 2736 5113 similior,
2788 5037 2865 5099 ad
2914 5038 3206 5100 eamdem
3265 5037 3725 5099 beatitudinem
3775 5056 3927 5119 prae-

2440 5135 2753 5199 destinata
2789 5145 2980 5216 atque
3016 5144 3306 5213 ventura,
3340 5136 3417 5198 ad
3457 5155 3651 5217 quam
3687 5136 3797 5199 ille
3835 5156 3925 5199 sc—

2440 5234 2715 5295 cundum
2758 5243 3147 5315 assumptam
3206 5240 3493 5296 naturam
3547 5234 3787 5296 electus
3833 5244 3925 5297 est

2438 5351 2511 5395 ac
2552 5331 2875 5414 pervenit3
2915 5333 3223 5393 terribilis
3258 5343 3329 5393 ut
3365 5342 3723 5393 castrorum
3760 5336 3921 5394 acies

3962 4368 4065 4411 Luc.
4082 4382 4107 4417 ι,
4124 4369 4180 4407 ἵ..

4067 2880 4101 2933 9
