4284 6267
561 1168 822 1221 Romami.

551 2546 713 2653 ⁷t1taeo.
731 2562 813 2605 κνι,

857 481 980 548 ³64

1448 501 1804 551 amam
1844 502 1910 550 m
1949 502 2090 551 GAP.
2133 504 2199 550 tv
2236 502 2477 551 CAXUOE
2516 503 2922 551 cmm.
2964 524 3047 533 —
3084 505 3229 550 m.
3272 505 3363 551 111

855 691 980 753 que
1033 692 1102 732 eo
1167 676 1342 753 quod
1405 674 1798 735 intrinsecus
1865 678 2043 745 latet,
2101 675 2168 737 id
2224 683 2344 749 est,
2377 674 2429 737 A
2456 694 2601 757 quae
2640 684 2861 737 mutua
2896 676 3215 741 ordinatio
3246 676 3721 738 multitudinem
3762 677 3947 739 valde

858 778 1086 851 praeter
1139 769 1598 833 lnmtitudinem
1655 772 2018 835 aeternalem
2069 772 2184 835 tibi
2240 792 2349 855 pa-

859 874 1080 945 ratam,
1133 888 1326 951 quam
1375 870 1748 949 degustasti,
1797 880 1861 933 et
1913 890 2058 953 quae
2105 872 2173 933 in
2220 871 2346 933 tuis

854 966 1102 1029 meritis
1131 967 1496 1029 continetur
1533 969 1700 1031 sicut
1725 968 2002 1032 effectus
2035 969 2100 1031 in
2131 989 2343 1045 causa,

853 1073 919 1127 ct
961 1064 1128 1127 sicut
1171 1064 1416 1129 fructus
1463 1066 1526 1129 in
1577 1066 1762 1143 flore,
1791 1087 1866 1131 ac
1907 1067 2114 1131 forma
2150 1068 2215 1129 in
2256 1068 2351 1129 in·

855 1160 1214 1227 clinatione.
1267 1163 1445 1227 L'nde
1489 1164 1580 1227 ait
1627 1165 1969 1248 Apostolus
2023 1184 2038 1227 :
2089 1166 2349 1229 Habetis

857 1256 1136 1325 fructum
1183 1270 1462 1325 vestrum
1507 1262 1573 1325 in
1618 1262 2221 1341 sanctificationem,
2268 1264 2349 1328 fi·-

853 1378 998 1423 nem
1045 1380 1194 1425 vero
1239 1362 1432 1426 vitam
1475 1372 1802 1425 aeternam.

953 1458 1062 1523 Vel
1115 1478 1129 1523 τ
1185 1460 1454 1524 Pulchra
1503 1482 1570 1523 es
1615 1462 1680 1524 in
1721 1462 2205 1527 conversatione
2240 1482 2347 1525 ex-

851 1558 1092 1635 teriori,
1153 1558 1439 1623 virtuosa
1501 1568 1564 1623 et
1625 1560 2015 1643 exemplari3
2075 1561 2345 1644 pulchra

846 1674 1106 1739 quoque
1155 1656 1220 1719 in
1261 1657 1712 1740 praedicatione
1761 1658 2025 1736 salubri,
2071 1678 2148 1722 ac
2194 1659 2345 1723 aedi-

849 1752 1142 1817 ficatoria
1193 1754 1513 1819 locutione
1566 1772 1580 1819 ε
1632 1776 1776 1839 quae
1825 1757 2340 1839 pulchritudines

2458 782 2779 855 perornat.
2812 774 2972 836 Hinc
3012 794 3158 855 quae
3196 795 3235 837 a
3278 776 3403 837 Deo
3444 784 3617 837 sunt.
3654 776 3945 837 ordinata
3972 793 4221 843 nusum.

2456 890 2597 935 esse
2628 872 2945 935 feruntur.
2978 874 3169 935 Porro
3194 872 3427 935 Galaad
3468 874 3939 956 interpretatur,

2458 970 2743 1032 tumulus
2786 972 2986 1047 testiS,
3021 971 3123 1033 'vel
3160 992 3427 1034 acervus
3466 973 3837 1040 testimonii,
3872 982 3944 1034 nt
3998 980 4221 1032 Gen-xm,

2456 1078 2630 1151 patet
2676 1071 2741 1131 in
2784 1069 3035 1131 Genesi.
3068 1070 3309 1133 idcirco
3349 1090 3465 1153 per
3500 1080 3782 1133 montem
3824 1072 3943 1135 Ga-

2454 1168 2620 1245 laad,
2652 1168 3025 1249 deSIgnatur
3050 1188 3245 1231 saerae
3282 1168 3625 1252 Scriptura
3652 1170 3945 1235 sublimi-

2456 1274 2574 1342 tas,
2606 1266 2671 1328 in
2699 1285 2831 1346 qua
2868 1275 2965 1329 est
3000 1266 3394 1329 abundantia
3433 1268 3939 1333 testimoniorum

2452 1365 2533 1427 de
2574 1364 2847 1427 Christo.
2900 1365 2976 1426 Et
3031 1366 3225 1427 etiam
3284 1385 3399 1447 per
3442 1376 3723 1431 montem
3770 1368 3943 1431 hunc

2452 1462 2859 1543 significatur
2894 1473 3437 1528 sacramentorum
3486 1465 3764 1542 ubertas,
3804 1484 3947 1546 gra-

2456 1562 2557 1625 tiae
2586 1582 2659 1625 ac
2689 1562 2994 1627 virtutum
3025 1562 3322 1626 fertilitas
3346 1585 3362 1629 :
3386 1564 3619 1645 quibus
3646 1566 3947 1628 omnibns

2450 1661 2693 1744 optime
2743 1661 3113 1724 nutriuntur
3161 1662 3410 1736 fideles,
3450 1661 3615 1726 sicut
3660 1665 3739 1725 ad
3785 1664 3946 1727 litte

2453 1778 2585 1821 ram
2630 1760 2695 1821 in
2739 1768 2954 1823 monte
2990 1758 3222 1823 Galaad
3264 1761 3427 1825 bona
3454 1781 3572 1844 pro
3604 1763 3947 1844 pecoribus

844 1852 1209 1935 aliqualiter
1235 1862 1547 1939 apparent
1573 1857 1652 1918 ad
1689 1876 1969 1933 sensum,
2003 1858 2110 1919 sed
2143 1876 2220 1919 ex
2251 1857 2341 1919 in·
2378 1858 2424 1919 B
2452 1877 2689 1941 pascua
2725 1858 3158 1922 abundabant.
3192 1859 3429 1941 Itaque,
3463 1861 3541 1923 de
3578 1860 3699 1924 hoc
3726 1870 3944 1924 monte

847 1952 1062 2016 teriori
1094 1962 1157 2015 et
1186 1952 1550 2017 insensibili
1593 1954 2074 2038 pulchritudine
2101 1956 2341 2038 depen-

843 2050 998 2113 dent
1019 2068 1093 2113 ac
1123 2048 1434 2114 oriuntur.
1459 2050 1544 2115 De
1575 2070 1702 2133 qua
1729 2052 2056 2133 sequitur:
2083 2052 2339 2134 Absque

843 2166 918 2211 co
962 2148 1130 2231 quod
1185 2147 1566 2213 intrinsecus
1612 2149 1784 2227 latet,
1833 2150 1895 2213 id
1946 2159 2062 2227 est,
2109 2160 2339 2233 praeter

844 2248 1182 2333 puritatem
1223 2256 1394 2313 tuam
1438 2248 1776 2327 internam,
1810 2250 2091 2313 caritatis
2133 2250 2339 2315 fervo-

845 2364 1002 2420 rem,
1037 2346 1595 2431 contemplationis
1636 2349 2064 2431 splendorem,
2103 2348 2340 2411 indesi-

847 2453 1099 2507 nentem
1147 2444 1500 2529 profcctum
1547 2446 1908 2521 mentalem,
1955 2466 2098 2528 quae
2138 2446 2339 2509 homi-

847 2561 960 2607 nos
1020 2543 1240 2621 latent,
1300 2544 1548 2625 Deoquc
1609 2552 1846 2627 patent.
1908 2544 2104 2608 Homo
2164 2544 2335 2608 enim

847 2640 1017 2705 videt
1063 2641 1126 2704 in
1173 2640 1356 2721 facie,
1407 2642 1567 2705 Deus
1611 2651 1822 2705 autem
1871 2644 2154 2706 intuetur
2201 2662 2331 2706 eor.

925 2740 1166 2817 Capilli
1206 2743 1306 2803 tui
1333 2742 1500 2803 sieut
1535 2760 1752 2819 ‚qreyes
1786 2761 2159 2820 caprarum,
2194 2763 2337 2823 quoe

838 2841 1264 2901 asscenderunt
1294 2842 1374 2899 de
1403 2848 1613 2901 monte
1656 2842 1931 2901 Galaad.
1972 2839 2040 2901 In
2081 2839 2334 2922 capillis

837 2936 1039 3001 multa
1080 2936 1589 3001 considerantur.
1625 2936 1854 3014 Primo,
1899 2937 2070 3019 quod
2115 2956 2191 3001 ex
2237 2957 2333 3001 ca-

2448 1958 2805 2019 ascendunt
2851 1955 3078 2019 fideles
3126 1976 3240 2040 per
3285 1958 3679 2040 spiritualem
3727 1959 3942 2041 profe—

2446 2062 2619 2116 ctum
2670 2055 2749 2117 ad
2796 2072 3064 2135 regnum
3108 2055 3440 2119 coelorum.

2524 2156 2757 2214 Dentes
2799 2156 2899 2213 tui
2937 2156 3107 2214 sicul
3142 2175 3363 2232 yreyes
3408 2166 3763 2226 comarum,
3791 2177 3939 2235 quoe

2444 2255 2868 2312 ascenderunt
2896 2256 2976 2311 de
3005 2252 3530 2332 lavaer0.Greges
3560 2253 3773 2316 ovium
3806 2262 3939 2316 ton·

2446 2368 2655 2411 sarum
2706 2352 3119 2413 ascendentes
3160 2352 3241 2413 dc
3280 2370 3467 2433 aqua,
3512 2352 3577 2413 in
3622 2370 3747 2433 qua
3790 2352 3936 2415 lotae

2446 2457 2617 2526 sunt,
2654 2456 2779 2511 tam
2811 2468 2847 2509 a
2882 2449 3236 2529 quantitate
3273 2458 3339 2511 et
3366 2468 3559 2513 onere
3588 2469 3717 2513 suae
3747 2450 3931 2525 lanae,

2445 2565 2637 2628 quam
2682 2566 2719 2609 a
2763 2548 3059 2611 sordibus
3094 2548 3213 2610 sub
3258 2547 3402 2610 lana
3446 2548 3812 2626 latentibuS,
3842 2550 3939 2612 al-

2445 2642 2691 2706 leviatae
2740 2652 2891 2706 sunt
2940 2664 3013 2707 ae
3062 2653 3364 2725 purgatae.
3401 2644 3503 2708 Sic
3545 2646 3765 2708 dentes
3814 2645 3933 2709 Ec-

2442 2742 2674 2818 clesiae,
2727 2743 2792 2805 id
2844 2752 2941 2806 est
2991 2743 3457 2826 praedicatoreS,
3508 2745 3818 2822 doctores,
3868 2754 3939 2807 et

2444 2850 2947 2923 propugnatores
2997 2841 3153 2904 fidei
3204 2842 3567 2906 christianae
3611 2842 3751 2924 (qui
3798 2844 3939 2907 ani-

2444 2959 2691 3002 marum
2746 2939 3005 3018 cibaria,
3064 2941 3309 3004 scilieet
3356 2960 3565 3004 sacras
3613 2942 3937 3006 doctrinas

835 3034 967 3119 pito
999 3034 1363 3099 immediate
1393 3043 1760 3111 naseuntur,
1797 3044 1860 3099 et
1891 3035 2047 3098 illud
2081 3044 2325 3113 ornant,
2368 3045 2411 3108 C
2443 3044 2677 3115 terunt,
2730 3038 3055 3120 frangunt,
3105 3038 3687 3122 transfunduntque
3727 3042 3939 3123 proxi-

832 3141 1024 3216 atque
1082 3132 1348 3197 subtiles
1405 3141 1570 3211 sunt,
1624 3140 1686 3197 ct
1745 3152 1874 3216 proe
1920 3133 2329 3197 multitudine

835 3230 1333 3295 innumerabiles
1375 3250 1513 3295 esso
1542 3232 1864 3296 videntur.
1900 3231 2165 3306 Quidam
2208 3232 2328 3313 igi-

833 3338 936 3395 tur
977 3350 1088 3415 per
1125 3330 1390 3415 capillos
1431 3331 1747 3408 lit-clema,
1784 3330 2153 3411 intelligunt
2188 3332 2327 3413 ejus

835 3428 1125 3513 proelatos
1163 3445 1177 3492 z
1211 3429 1364 3511 quia
1401 3430 1588 3493 matri
1635 3429 1930 3493 Ecclesiae
1975 3430 2327 3513 proximius

835 3526 1096 3604 haereut,
1130 3535 1192 3591 et
1231 3547 1344 3611 por
1377 3547 1536 3611 quos
1576 3528 1714 3611 ipsa
1761 3528 1926 3611 parit
1965 3538 2029 3591 et
2067 3528 2327 3591 instruit

833 3636 1142 3708 ornatque
1174 3626 1354 3692 alios.
1389 3626 1510 3691 Alii
1549 3646 1662 3711 per
1698 3626 1966 3710 capillos
2005 3628 2329 3710 accipiunt

832 3726 1361 3809 contemplativos
1397 3744 1409 3789 :
1441 3726 1552 3809 qui
1593 3726 1859 3791 subtiles
1899 3745 2038 3789 esse
2067 3745 2328 3789 censen-

835 3832 955 3903 tur,
1000 3834 1061 3889 et
1111 3845 1147 3890 a
1188 3825 1581 3903 carnalitate,
1625 3824 2130 3907 rudimentisque
2180 3844 2325 3888 sen-

834 3942 1019 3988 suum
1079 3923 1422 4001 extenuati,
1475 3942 1547 3987 ac
1604 3924 1872 4004 graciles
1922 3931 2320 3987 conversatu.

829 4020 1132 4086 Nonnulli
1175 4040 1286 4105 per
1325 4020 1614 4104 capilIOS,
1661 4021 1743 4085 ob
1783 4040 2001 4085 eorum
2043 4021 2326 4084 multitu-

830 4118 1070 4195 dinem,
1109 4118 1478 4199 intelligunt
1515 4118 1766 4201 plebem
1808 4137 2214 4182 communem
2252 4138 2325 4182 ac

2443 3138 2615 3217 mis),
2654 3137 2737 3199 ab
2774 3137 2946 3201 omni
2990 3138 3341 3201 carnalium
3388 3138 3689 3202 vitiorum
3732 3139 3938 3202 molli-

2441 3234 2549 3311 tie,
2584 3234 2665 3297 ab
2696 3254 2889 3299 onere
2929 3236 3380 3300 sollicitudinis
3410 3236 3857 3315 immoderatae,
3892 3257 3937 3299 a

2440 3331 2889 3416 superfluitate
2920 3334 3367 3417 temporalium
3408 3354 3643 3413 rerum,
3676 3344 3864 3417 atque
3894 3356 3939 3398 a

2441 3431 2726 3495 foeditate
2773 3431 3107 3516 culparum
3157 3433 3617 3516 temporalibus
3659 3452 3937 3497 annexa-

2439 3550 2602 3608 rum,
2647 3532 2883 3595 debent
2924 3549 3062 3595 esse
3106 3532 3426 3594 exonerati
3472 3540 3535 3594 et
3577 3532 3929 3609 emundati,

2435 3638 2627 3710 atque
2674 3630 2754 3693 ad
2800 3629 3202 3712 baptismalis
3261 3629 3643 3693 innocentiae
3694 3630 3935 3711 purita-

2435 3736 2562 3790 tem
2613 3728 2855 3791 reducti
2900 3746 2913 3791 :
2960 3737 3295 3810 quatenuS‚
3351 3728 3460 3810 qui
3512 3727 3785 3791 futuram
3836 3729 3935 3791 vi-

2437 3836 2587 3903 tam,
2621 3835 2685 3890 et
2712 3828 2852 3909 ejus
2892 3834 3215 3903 internam,
3253 3827 3815 3909 incomparabilem
3853 3847 3932 3891 ac

2435 3924 2785 4009 perfectam
2813 3926 3275 3989 beatitudinem
3305 3926 3651 4008 praedicant
3680 3935 3743 3989 et·
3764 3943 3931 3989 eom·

2436 4025 2761 4100 mendant,
2808 4024 3217 4088 inveniantur
3268 4032 3516 4086 terrena
3564 4032 3935 4087 contemne-

2436 4142 2524 4200 re,
2560 4132 2623 4185 et
2656 4125 2733 4185 ad
2776 4122 3058 4185 futuram
3104 4122 3474 4186 felicitatem
3515 4131 3647 4186 toto
3684 4121 3931 4186 affeetu

828 4217 1078 4301 copiam
1111 4216 1508 4281 subditorum
1547 4234 1560 4279 t
1595 4217 1706 4299 qui
1741 4226 1906 4281 recte
1939 4217 2319 4296 obediende,
2353 4218 2404 4282 D
2434 4221 2819 4301 accelerare3
2846 4222 2960 4303 qui
2992 4222 3182 4285 etiam
3204 4221 3483 4284 lacrimis
3515 4220 3925 4303 poenitentiae,

830 4324 978 4379 sunt
1027 4324 1401 4379 ornamenta
1447 4314 1750 4399 capitum,
1785 4316 1850 4379 id
1899 4324 1994 4379 cst
2043 4316 2325 4399 superio-

830 4434 970 4479 rum
1013 4432 1294 4477 suorum.
1337 4412 1566 4477 Omnes
1609 4414 1670 4477 hi
1712 4414 2150 4478 assimilantur
2186 4433 2325 4496 gre-

826 4513 1014 4595 gibus
1057 4531 1388 4596 caprarum
1428 4530 1442 4575 :
1477 4531 1641 4594 quae,
1689 4512 1856 4576 sicut
1898 4513 2320 4596 praehabitum

826 4621 944 4686 ost,
979 4620 1128 4675 sunt
1164 4610 1514 4675 acutissimi
1557 4611 1754 4687 visua,
1789 4620 1850 4675 et
1887 4612 2084 4692 agiles
2118 4620 2319 4691 motu,

826 4720 884 4776 et
933 4710 996 4774 in
1039 4710 1358 4774 montanis
1398 4718 1749 4793 pascentes.
1786 4710 1886 4775 Sic
1922 4710 2167 4794 prael'ati
2212 4730 2325 4794 per

829 4808 1028 4873 fidem
1082 4808 1503 4873 illuminatam
1556 4816 1618 4871 ot
1669 4808 2043 4891 sapientiam
2092 4809 2326 4872 saluta·

829 4926 960 4971 rem
996 4906 1324 4971 intuentur
1352 4914 1556 4978 acute,
1599 4915 1664 4971 ot
1697 4907 2070 4971 discernunt
2109 4926 2260 4972 vera
2289 4926 2326 4971 a

830 5004 1027 5079 salsis
1061 5004 1342 5069 salubria
1369 5024 1406 5069 a
1437 5004 1714 5084 nocivis3
1749 5006 2040 5071 celeriter
2067 5025 2325 5088 quoque

831 5104 1051 5171 divina
1088 5112 1523 5187 exsequuntur
1562 5113 1900 5188 praecepta,
1935 5114 1994 5169 et
2036 5105 2102 5167 in
2131 5105 2328 5169 eccle-

831 5202 1104 5267 siasticis
1133 5202 1546 5267 sacramentis
1570 5210 1762 5284 atquc
1788 5201 2130 5286 Scripturis
2156 5202 2329 5266 alun-

837 5308 990 5381 ειη-ς,
1045 5298 1320 5365 invicem
1379 5318 1635 5383 quoquc
1691 5300 2046 5365 coordinati
2105 5309 2257 5364 sunt
2308 5318 2323 5363 ε

2435 4318 2725 4400 fletuque
2762 4320 3007 4383 oriente
3046 4339 3122 4382 ex
3161 4319 3477 4384 desiderio
3513 4339 3588 4383 ac
3624 4319 3931 4383 dilatione.

2432 4418 2709 4482 coelestis
2754 4417 2996 4500 patriae,
3033 4418 3267 4481 debent
3309 4436 3377 4480 se
3423 4418 3595 4499 ipsos
3638 4418 3929 4500 quotidie

2432 4516 2775 4598 baptizare,
2814 4524 2883 4577 ut
2914 4516 3042 4578 sint
3074 4516 3347 4597 purgati,
3385 4515 3751 4593 illuminati,
3783 4535 3930 4598 per-

2435 4613 2609 4691 fecti,
2645 4632 2915 4696 quorum
2958 4613 3253 4678 officium
3293 4623 3390 4677 est
3426 4614 3585 4678 alios
3628 4632 3921 4696 purgare,

2436 4712 2819 4787 illuminare,
2869 4712 3203 4794 perficere.
3251 4712 3407 4776 Hinc
3450 4712 3733 4776 Christus
3771 4731 3927 4775 suos

2432 4811 2513 4875 ad
2557 4810 3031 4894 praedicandum
3071 4811 3333 4874 mittens
3375 4810 3727 4893 discipulos
3768 4829 3782 4871 :
3826 4811 3927 4873 Ni-

2434 4908 2549 4985 hil,
2591 4908 2825 4991 inquit,
2873 4910 3146 4972 tuleritis
3186 4910 3253 4972 in
3292 4908 3415 4985 via,
3455 4928 3663 4991 neque
3708 4928 3927 4972 saccu-

2434 5008 2591 5084 lum,
2642 5026 2851 5088 neque
2895 5008 3254 5091 pecuniam,
3302 5026 3421 5071 nec
3470 5007 3629 5070 duas
3675 5006 3924 5071 tunicas

2436 5104 2745 5168 habeatis

2533 5208 2765 5267 Omnes
2804 5206 3095 5281 yemellis
3146 5205 3383 5282 fetibus
3418 5226 3442 5263 .·
3490 5203 3553 5265 id
3602 5211 3719 5279 est,
3770 5220 3925 5268 oves

2439 5300 2532 5365 sie
2583 5310 2803 5381 tonsa),
2838 5302 3109 5386 duplum
3154 5302 3393 5365 habent
3434 5300 3657 5377 fetum,
3698 5300 3925 5365 saltem

3968 1043 4040 1089 67,
4058 1046 4125 1085 48.

3972 4833 4081 4875 Luc.

4099 4846 4147 4875 tx,
4162 4832 4193 4871 ³.
