4284 6267
1062 500 1416 549 nummo
1458 500 1523 547 m
1562 499 1701 547 clu».
1735 499 1776 544 v
1818 498 1977 547 unm
2018 496 2378 546 summm.
2423 516 2505 528 -
2545 497 2688 547 Αιιτ.
2723 496 2764 541 v
3336 475 3458 540 479

53 681 322 735 Barth-xxv,
348 691 484 754 que
514 671 581 734 in
622 669 837 751 ignem
867 668 1287 752 projicientur
1314 676 1644 733 aeternum.
1678 666 1854 741 Quod
1885 666 1936 729 A
1964 676 2026 729 et
2091 666 2565 731 accusabuntur
2618 685 2655 730 a
2712 663 3104 731 conscientia
3170 660 3452 745 propria.

52 749 117 797 ⁴¹·
136 748 203 789 ⁴⁶·
352 778 561 834 totum
590 788 703 833 eos
731 768 1184 852 promeruisse,
1209 766 1730 850 protestabantur
1758 784 1857 829 eo-
1966 766 2196 847 Sicque
2223 764 2410 845 justis
2435 764 2500 826 in
2533 763 2806 827 sublime
2834 761 3306 837 scandentibuS,
3333 758 3456 841 ipsi

350 888 499 933 rum
530 868 822 933 facinora
865 884 880 930 ε
914 886 1191 949 quorum
1218 865 1343 928 sibi
1372 865 1611 929 conscii
1642 872 1851 941 erunt,
1966 862 2404 946 deprimentur
2437 862 2502 924 in
2544 862 2693 924 ima.

1518 1268 2174 1356 ARTICULUS
2228 1270 2314 1365 ,V

666 1556 979 1604 nxmsrrlo
1020 1554 1295 1603 camum
1336 1552 1541 1609 QUINTI
1583 1552 1597 1597 :
1642 1549 1797 1597 ruNc
1838 1548 2112 1597 STABUNT
2154 1549 2318 1596 Jusrl
2359 1548 2423 1595 IN
2463 1549 2684 1596 xAGNA
2725 1550 3128 1599 CONSTANTIA.

500 1848 663 1912 UAM
730 1846 1160 1913 diversimode
1215 1844 1424 1927 justus
1490 1842 1657 1905 Deus
1713 1846 1857 1922 post
1892 1839 1938 1901 B
2061 1844 2354 1904 Vidences
2395 1845 2830 1905 turbabuntur
2864 1844 3090 1905 timore
3121 1844 3452 1905 horribili.
3599 1864 3636 1921 ς

504 1948 673 2012 hanc
714 1946 913 2010 vitam
963 1952 1189 2008 tractet
1234 1941 1438 2024 justos
1486 1948 1551 2004 et
1596 1938 1854 2021 impioS,
1964 1942 2087 2005 Nec
2126 1942 2385 2019 mirum,
2418 1943 2570 2025 quia
2608 1944 2996 2008 horrendum
3037 1951 3134 2007 est
3176 1942 3458 2007 incidere
3491 1965 3748 2019 aeos-,nan

175 2041 203 2098 1
358 2047 465 2110 hic
504 2053 824 2111 narratur.
866 2048 1067 2113 Tunc,
1097 2042 1342 2106 scilicet
1383 2041 1450 2103 in
1496 2038 1711 2102 futuro
1752 2054 1859 2117 ge—
1967 2040 2033 2102 in
2063 2060 2291 2104 manus
2320 2043 2429 2106 Dei
2469 2044 2766 2107 viventis.
2802 2043 3125 2120 VidenteS,
3163 2042 3453 2123 inquam,

360 2144 561 2209 nerali
605 2163 681 2208 ac
728 2142 913 2207 finali
958 2142 1202 2224 judicio
1248 2158 1263 2203 ε
1307 2140 1389 2203 de
1435 2156 1563 2221 quo
1607 2137 1672 2199 in
1722 2134 1857 2198 fine
1964 2140 2250 2203 Judicem
2279 2142 2782 2225 omnipotentem
2823 2143 3052 2206 iratum
3088 2160 3103 2204 :
3137 2160 3328 2224 quem
3370 2138 3463 2203 of·

62 2260 331 2317 Sammo.
358 2242 781 2326 praecedentis
814 2240 1020 2305 fertur
1049 2238 1338 2323 capituli,
1359 2238 1633 2301 Venient
1664 2234 1729 2297 in
1760 2250 1859 2297 co·
1968 2238 2332 2316 fenderunt,
2383 2240 3006 2323 blasphemaverunt,
3058 2247 3457 2323 spreverunt.

356 2342 669 2423 gitatione
712 2349 1116 2424 peccatorum
1162 2356 1421 2401 suorum
1455 2320 1860 2413 tfmid13sca·
1964 2335 2081 2410 Qui
2128 2338 2200 2405 in
2247 2338 2627 2422 Apocalypsi
2677 2338 2765 2403 ita
2809 2339 3193 2403 describitur
3242 2356 3256 2401 ε
3307 2337 3458 2401 vidi
3505 2360 3640 2415 apoc.
3655 2363 3755 2411 ..12-

62 2448 331 2557 getth-m.
360 2444 523 2504 bunt
534 2442 719 2518 justi
754 2440 836 2503 ad
881 2439 1206 2502 dexteram
1246 2434 1485 2498 ludicis
1524 2431 1758 2497 elevati
1788 2430 1861 2493 in
1966 2436 2266 2501 vestitum
2311 2438 2568 2519 podere,
2599 2447 2664 2501 et
2699 2437 2869 2503 oculi
2907 2438 3047 2519 ejus
3089 2446 3158 2500 ut
3195 2435 3460 2499 flamma
3493 2425 3559 2465 ¹⁶·

357 2557 529 2614 acre,
566 2540 641 2601 in
670 2557 917 2616 mayna
956 2537 1343 2606 constantia,
1378 2532 1443 2596 id
1486 2539 1583 2596 est
1632 2530 1699 2592 in
1750 2528 1863 2591 im·

356 2635 589 2701 mobili
628 2636 993 2713 securitate,
1027 2652 1101 2697 ac
1150 2630 1568 2715 insuperabili
1611 2626 1862 2693 fortitu-

349 2734 527 2812 dine,
558 2738 869 2797 adversus
900 2753 1001 2795 eos
1030 2733 1148 2813 qui
1183 2751 1247 2792 se
1282 2730 1861 2807 anqustiaverunt,

348 2833 415 2897 id
460 2842 563 2897 est
627 2841 857 2897 contra
910 2849 1061 2894 suos
1109 2836 1572 2913 persecutoreS,
1627 2844 1664 2890 a
1722 2823 1862 2906 qui·

344 2931 465 2995 bus
498 2931 767 2996 fuerunt
794 2928 1087 3012 oppressi
1114 2936 1309 3011 atque
1337 2924 1601 2990 afflicti.
1623 2922 1857 2987 Contra

340 3049 506 3113 quos
556 3030 988 3094 movebuntur
1044 3026 1179 3092 zelo
1235 3025 1522 3108 justifiat,
1566 3022 1844 3086 zelantes
1891 3020 1937 3085 C
1966 3045 2101 3089 sua.
2153 3024 2391 3099 Quibus
2442 3024 2653 3091 verbis
2711 3026 2945 3107 adjecit
2990 3026 3264 3091 loannes
3317 3043 3332 3088 ε
3385 3028 3462 3091 Et
3519 3047 3723 3091 man.

342 3148 464 3211 pro
498 3128 742 3203 Judice,
778 3135 844 3190 et
886 3145 1001 3209 pro
1051 3125 1288 3190 divinae
1337 3121 1689 3205 majestatis
1747 3119 1855 3183 ho-

348 3246 527 3305 nore,
552 3233 625 3289 ut
651 3224 927 3289 satisfiat
956 3225 1083 3289 Deo
1112 3242 1227 3307 per
1256 3220 1855 3287 condemnationem

351 3325 747 3407 iniquorum,
780 3341 897 3406 pro
928 3322 1182 3405 injuriis
1213 3330 1278 3385 et
1310 3319 1582 3385 offensis
1614 3318 1851 3401 ipsius;

354 3442 485 3489 non
514 3432 730 3487 autem
773 3421 909 3486 zelo
940 3420 1200 3485 invidiae
1228 3427 1339 3483 aut
1368 3418 1688 3492 vindictae,
1722 3414 1851 3478 nisi

355 3522 423 3585 in
470 3530 786 3604 quantum
816 3519 1101 3583 vindicta
1130 3526 1230 3581 est
1257 3516 1528 3581 effectus
1564 3513 1849 3597 justitias.

350 3620 539 3683 Juxta
565 3638 761 3702 quem
790 3618 1075 3695 modum,
1103 3616 1385 3681 vindicta
1414 3633 1553 3679 esse
1582 3631 1728 3695 pars
1755 3612 1857 3693 ju-

354 3720 549 3783 stitiae
579 3716 973 3803 perhibetur.
1002 3718 1087 3777 Et
1114 3716 1232 3795 qui
1259 3716 1663 3775 abstulerunt
1693 3712 1855 3771 labo-

351 3840 455 3881 res
488 3838 738 3888 eorum,
776 3814 841 3877 id
877 3822 996 3891 est,
1028 3813 1199 3877 bona
1238 3830 1461 3877 eorum
1501 3828 1694 3893 opera
1732 3807 1854 3870 im-

352 3918 739 4001 pediverunt
778 3930 893 3996 pro
932 3929 1141 3995 posse,
1173 3920 1239 3974 et
1270 3910 1587 3973 virtuosos
1628 3925 1853 3971 eorum

352 4017 605 4085 labores
662 4030 735 4077 ac
781 4010 1121 4093 patientias
1180 4009 1246 4071 in
1294 4006 1603 4085 adversiS,
1657 4013 1851 4087 atque

350 4112 704 4179 certamina
754 4128 871 4193 pro
912 4110 1040 4172 Deo
1086 4116 1153 4170 et
1198 4106 1353 4183 fide,
1397 4110 1854 4189 reputaverunt

1966 2534 2156 2615 igniS,
2181 2543 2246 2598 et
2272 2535 2466 2617 pedes
2497 2536 2638 2617 ejus
2669 2535 2912 2599 similes
2943 2534 3331 2611 aurichalco,
3350 2533 3464 2597 sic·

1968 2640 2039 2694 ut
2083 2630 2151 2693 in
2198 2631 2450 2695 camino
2498 2632 2768 2709 ardenti,
2821 2640 2885 2695 et
2935 2650 3058 2695 vox
3104 2631 3281 2694 illius
3327 2638 3464 2693 tan-

1966 2748 2161 2813 quam
2205 2749 2326 2795 vox
2368 2750 2677 2812 aquarum
2721 2731 3090 2807 multarum,
3125 2737 3189 2793 et
3228 2729 3307 2793 de
3354 2747 3464 2793 ore

1966 2829 2106 2911 ejus
2144 2828 2398 2909 gladius
2435 2848 2513 2892 ex
2549 2836 2819 2911 utraque
2859 2837 3038 2910 parte
3076 2835 3300 2891 acutus
3330 2826 3462 2889 cxi-

1967 2927 2095 3005 bat,
2114 2936 2178 2990 et
2209 2927 2406 2991 facies
2437 2926 2578 3009 ejus
2606 2927 2773 2993 sicut
2802 2926 2898 2990 sol
2929 2926 3096 2990 lucet
3129 2926 3195 2989 in
3225 2926 3462 2989 virtute

1964 3143 2163 3206 quum
2195 3124 2497 3189 vidissem
2528 3143 2698 3201 eum,
2733 3124 2933 3187 cecidi
2973 3126 3051 3187 ad
3097 3126 3289 3209 pedes
3319 3128 3461 3209 ejus

1964 3232 2267 3306 tanquam
2312 3231 2621 3288 mortuuS.
2656 3222 2720 3286 Si
2765 3242 2916 3306 ergo
2955 3224 3332 3306 imaginaria
3367 3225 3462 3289 vi-

1964 3322 2059 3385 sio
2106 3322 2342 3404 judicis
2384 3322 2579 3403 hujus
2625 3320 2751 3384 tuit
2793 3321 2883 3385 ita
2923 3323 3228 3387 terribilis
3268 3325 3461 3387 etiam

1965 3420 2026 3483 S.
2077 3420 2329 3497 loanni,
2381 3420 2555 3502 quod
2599 3439 2678 3483 ex
2725 3421 2864 3501 eJus
2922 3421 3184 3486 horrore
3231 3424 3466 3489 cecidit

1966 3525 2178 3579 tantus
2209 3515 2548 3599 Apostolus
2589 3524 2890 3598 tanquam
2929 3525 3220 3583 mortuus
3254 3538 3268 3583 :
3302 3522 3459 3603 quid

1963 3615 2221 3693 mirum,
2256 3615 2310 3677 si
2341 3614 2547 3696 iniqui
2578 3624 2642 3678 et
2673 3615 2928 3697 reprobi
2968 3616 3037 3679 in
3067 3617 3173 3681 die
3201 3620 3454 3701 Judicii,

1964 3732 2039 3777 ex
2070 3712 2224 3776 reali
2255 3722 2317 3777 et
2355 3712 2662 3777 sensitiva
2697 3713 2935 3795 judicis
2974 3714 3168 3797 hujus
3208 3718 3461 3782 visione

1963 3811 2390 3875 turbabuntur
2433 3811 2662 3875 timore
2707 3812 3046 3876 horribili?
3081 3814 3459 3879 Turbabun-

1963 3917 2067 3972 tur
2094 3928 2352 3991 quoque
2397 3917 2524 3973 tam
2565 3908 2956 3973 horribiliter
2986 3929 3071 3973 ex
3110 3913 3457 3995 magnifica

1961 4007 2362 4091 apparitione
2389 4016 2454 4071 et
2489 4007 2886 4091 inspectione
2917 4009 3260 4091 justorum,
3291 4031 3454 4094 quos

1963 4126 2079 4189 pro
2107 4106 2312 4170 nihilo
2343 4114 2800 4189 reputaverunt
2826 4115 2890 4171 et
2917 4110 3455 4189 angustiaverunt.

352 4231 569 4279 cassos
606 4218 673 4275 et
707 4227 927 4284 vanos,
964 4206 1141 4270 nulla
1182 4206 1471 4269 mercede
1513 4204 1697 4267 beata
1750 4220 1849 4265 re·
1881 4203 1931 4264 D
1964 4204 2199 4284 Tertio,
2233 4203 2660 4269 turbabuntur
2688 4224 2764 4269 ex
2793 4206 2892 4269 sui
2925 4207 3213 4289 ipsorum
3251 4209 3460 4293 inspe-

355 4309 811 4376 munerandos.
858 4305 1333 4369 Laboraverunt
1388 4320 1649 4385 quoque
1698 4300 1853 4384 justi

355 4416 733 4477 convertere
779 4404 1123 4489 proximoS,
1167 4420 1443 4485 quorum
1498 4401 1857 4466 conversio-

358 4528 509 4574 nem
539 4504 724 4588 impii
754 4502 1189 4586 impediebant
1220 4519 1335 4583 pro
1366 4498 1635 4563 viribus.
1662 4500 1859 4563 Inter-

358 4611 515 4672 dum
565 4604 759 4669 etiam
807 4600 1085 4666 sumitur
1130 4598 1311 4663 labor
1351 4616 1468 4682 pro
1520 4599 1853 4682 temporali

360 4703 792 4789 possessione,
821 4718 968 4783 quae
996 4698 1325 4762 laboribus
1351 4706 1769 4778 congregatur
1797 4706 1862 4762 et

62 4826 334 4875 Paenu-
362 4804 621 4879 colitur,
654 4800 821 4865 sicut
858 4798 925 4861 in
951 4797 1199 4862 Psalmo
1233 4814 1247 4859 :
1284 4796 1469 4861 Dedit
1498 4796 1632 4858 illis
1662 4796 1861 4880 regio-

362 4920 479 4967 nes
507 4898 819 4981 gentium,
851 4905 917 4960 et
943 4896 1191 4960 labores
1223 4893 1607 4978 populorum
1638 4912 1853 4977 posse-

359 5004 620 5069 derunt.
676 4996 855 5061 Tales
901 5004 1116 5060 autem
1161 4994 1411 5058 labores
1452 4993 1855 5057 abstulerunt

362 5099 554 5182 impii
589 5096 803 5180 justis,
840 5094 1195 5179 praesertim
1232 5092 1639 5175 martyribus,
1675 5092 1861 5173 Juxta

68 5222 331 5275 aetram.
362 5200 433 5263 id
493 5198 574 5260 ad
616 5195 911 5259 Hebraeos
964 5213 979 5259 :
1028 5192 1333 5276 Rapinam
1392 5191 1705 5255 bonorum
1766 5208 1865 5255 ve-

264 5302 271 5307 '
360 5305 647 5361 atrorum
684 5312 833 5358 cum
873 5292 1106 5373 gaudio
1148 5288 1541 5371 suscepistis.

1965 4304 2177 4367 ctione
2231 4320 2244 4365 ε
2295 4302 2449 4385 quia
2494 4302 2882 4368 deformiora
2938 4313 3002 4369 et
3052 4306 3459 4373 horribiliora

1964 4408 2154 4464 erunt
2180 4419 2402 4465 eorum
2432 4420 2718 4483 corpora,
2744 4420 2938 4483 quam
2970 4402 3230 4469 fuerunt
3257 4425 3458 4488 quan-

1966 4500 2048 4564 do
2078 4498 2144 4562 in
2175 4499 2607 4563 monumentis
2646 4508 2828 4564 erant
2863 4519 2982 4583 pro
3022 4503 3230 4566 media
3274 4513 3454 4584 parte

1968 4618 2005 4661 a
2030 4598 2359 4661 vermibus
2388 4596 2922 4679 serpentibusque
2950 4618 3226 4665 corrosa.
3261 4602 3454 4677 Quar-

1968 4703 2054 4773 to,
2088 4695 2514 4759 ineffabiliter
2555 4694 2983 4760 turbabuntur
3021 4717 3152 4781 prae
3194 4699 3456 4765 horrore

1968 4794 2298 4859 sententiae
2335 4801 2556 4858 contra
2581 4812 2650 4857 se
2680 4795 3096 4877 proferendas,
3121 4806 3312 4879 atque
3341 4798 3462 4862 im-

1968 4892 2272 4956 minentis
2313 4891 2742 4956 damnationis
2780 4901 3055 4957 aeternae.

2050 4992 2135 5051 Ec
2165 4992 2582 5052 mirabuntur
2599 4994 2672 5050 in
2699 4992 3090 5053 subitatione
3117 4995 3460 5072 insperata·

1968 5092 2226 5157 salutis,
2261 5088 2325 5150 id
2351 5095 2447 5151 est
2476 5089 2555 5151 de
2593 5087 2736 5163 hoc,
2777 5088 2948 5180 quod
2985 5089 3171 5152 electi
3211 5098 3272 5154 et
3301 5091 3458 5173 justi

1970 5196 2104 5250 tam
2132 5195 2395 5269 repente
2433 5194 2497 5249 et
2534 5184 2883 5268 improvise
2919 5186 3012 5249 eis
3043 5197 3355 5270 apparent
3390 5190 3458 5253 in

1970 5284 2175 5367 gloria
2210 5291 2406 5361 tanta,
2437 5292 2502 5346 et
2538 5291 2780 5347 tantam
2821 5283 3090 5349 salutem
3125 5294 3274 5349 sunt
3307 5304 3464 5351 con-
