4284 6267
536 1111 727 1219 quhoe'
742 1125 799 1164 vt,

639 1792 706 1847 18

540 2690 805 2741 Lue.xix,l³.

546 3376 811 3485 ἕαῗϋιὲιιν,

601 3872 687 3917 Job
706 3886 817 3925 xvm,

554 3938 595 3989 5,
614 3938 655 3980 6.

655 4063 722 4119 19

830 503 948 576 {98

830 708 1021 783 atque
1061 700 1391 764 illecebras
1419 700 1761 764 victoriose
1798 699 2078 763 refrenat
2114 698 2329 763 Eccle-
2358 698 2407 759 A
2519 702 2788 761 Manum
2830 720 3018 759 suam
3056 700 3316 778 aperuit
3346 700 3549 775 inopi,
3581 707 3640 758 et
3670 700 3930 775 palmas

831 799 947 862 sia.
986 803 1068 862 Et
1108 802 1434 861 roboravit
1474 801 1809 860 brachium
1847 820 2065 870 suum,
2100 798 2166 860 id
2206 805 2324 873 est,

833 897 1183 960 naturalem
1215 898 1345 961 vim
1379 917 1556 959 suam
1596 897 1985 980 operativum
2017 916 2133 980 per
2160 897 2330 960 dona

830 996 1047 1076 gratiae
1105 996 1338 1058 meruit
1392 995 1763 1070 confortari,
1819 996 1985 1059 sicut
2040 995 2328 1057 hortatur

830 1095 1168 1177 Apostolus
1204 1114 1217 1157 :
1253 1094 1712 1158 Confortamini
1747 1094 1812 1156 in
1844 1094 2133 1171 Domino,
2168 1102 2232 1156 et
2261 1094 2326 1155 in

830 1193 1115 1278 potentia
1157 1193 1413 1257 virtutis
1453 1194 1614 1275 ejus.
1662 1194 1944 1276 Insuper,
1988 1191 2330 1256 Roboravit

829 1292 1163 1355 brachium
1216 1311 1424 1368 suum,
1471 1291 1532 1353 id
1581 1299 1697 1368 est,
1745 1292 1823 1354 ad
1872 1291 2037 1355 bona
2086 1291 2331 1370 agenda

828 1391 1101 1454 viriliter
1129 1408 1197 1453 se
1236 1390 1504 1472 paravit,
1537 1399 1600 1453 et
1640 1397 1896 1452 strenue
1924 1408 1996 1452 ea
2036 1405 2330 1469 aggressa

820 1497 947 1566 est,
984 1498 1175 1571 atque
1223 1488 1285 1549 in
1336 1488 1465 1550 illis
1510 1507 1577 1551 se
1620 1486 2023 1551 confortavit.
2070 1486 2329 1549 Habitus

829 1596 1039 1650 autem
1088 1594 1183 1649 est
1232 1586 1433 1649 altera
1474 1594 1719 1662 natura,
1763 1593 1826 1647 et
1866 1586 2139 1649 maxime
2182 1603 2330 1647 con-

832 1684 1167 1750 fortativus
1209 1684 1518 1748 naturalis
1560 1684 1879 1767 potentiae.
2026 1690 2035 1699 ‘

916 1787 1234 1855 Gustavit,
1268 1794 1329 1845 et
1350 1786 1521 1844 vidit
1550 1786 1706 1863 quia
1739 1785 1901 1843 bona
1927 1792 2016 1843 est
2048 1782 2332 1859 neyotia-

1442 530 1791 576 ENARRATIO
1834 530 1897 575 IN
1938 529 2078 575 GAP.
2124 528 2274 574 xxxi
2317 526 2799 573 rnovEnmonmt.
2847 547 2928 557 —
2969 528 3110 573 ΛΒΤ.
3157 527 3304 573 xxxi

4057 704 4131 759 20

2434 818 2588 858 suas
2615 799 2906 858 extendit
2935 800 3022 857 ad
3043 816 3396 876 pauperem
3427 817 3449 856 .·
3481 796 3544 859 id
3582 803 3698 870 est,
3732 812 3926 877 opera

2435 896 2888 959 misericordiae
2937 904 3060 958 tam
3105 896 3458 978 corporalia
3503 914 3694 977 quam
3741 892 3929 975 spiri-

2439 995 2634 1058 tualia
2683 995 2964 1057 exercuit
3003 995 3279 1077 copiose,
3315 993 3660 1057 liberaliter
3695 1012 3768 1056 ac
3802 992 3928 1055 fer-

2437 1103 2680 1171 venter,
2721 1113 2794 1157 eo
2833 1095 3001 1175 quod
3042 1094 3345 1157 Dominus
3373 1092 3633 1175 jusserit
3664 1112 3679 1156 ε
3714 1092 3926 1155 Εεῖοῖθ
3965 1117 4224 1167 Lamnas.

2438 1192 3088 1269 misericordeS,sicut
3117 1201 3178 1255 ct
3207 1192 3386 1255 Pater
3415 1199 3622 1256 vester
3648 1190 3927 1255 coelestis

2438 1293 2801 1356 misericors
2843 1300 2960 1355 est.
2993 1291 3252 1355 Summa
3291 1290 3526 1355 etenim
3567 1290 3928 1353 christianae

2439 1391 2810 1473 ReligioniS‚
2846 1391 2912 1453 in
2957 1390 3206 1454 actibus
3248 1390 3529 1453 caritatis
3571 1396 3634 1451 et
3676 1388 3927 1472 pietatis

2439 1490 2751 1553 consistit.
2788 1492 2934 1553 Non
2967 1491 3212 1551 timebit
3239 1491 3468 1549 domui
3503 1508 3636 1549 suoe
3663 1508 3702 1548 a
3728 1488 3930 1565 friyo-

2437 1592 2618 1651 ribus
2647 1591 2842 1650 nivis.
2879 1588 3134 1668 Frigora
3181 1587 3350 1650 nivis
3399 1595 3546 1648 sunt
3597 1580 3932 1651 exstinctio

2439 1688 2743 1763 caritatiS,
2787 1686 3086 1770 perfidia,
3130 1687 3370 1763 acedia,
3410 1694 3474 1749 et
3517 1704 3934 1767 quaecumque

2441 1785 2573 1867 igni
2606 1784 2811 1849 divini
2853 1784 3322 1847 contrariantur
3356 1783 3621 1861 amoris3
3654 1783 3755 1846 vel
3795 1800 3934 1863 gra-

4061 1501 4130 1557 21

833 1886 920 1945 te‘o
949 1884 1090 1961 ejus
1121 1904 1143 1942 .·
1176 1881 1239 1943 id
1284 1889 1400 1957 est,
1436 1899 1549 1963 per
1595 1880 1949 1961 spiritualis
1998 1878 2330 1942 suavitatis
2369 1882 2414 1942 B
2441 1886 2722 1948 vissimae
2771 1882 3244 1966 persecutiones
3259 1902 3276 1963 3
3319 1903 3432 1945 seu
3479 1890 3792 1945 tormenta
3839 1882 3935 1943 in-

830 1980 1285 2062 experientiam
1312 1979 1536 2060 sapuit,
1550 1986 1613 2041 et
1643 1986 1814 2041 certe
1835 1977 2134 2058 cognovit
2161 1975 2332 2058 quod

830 2079 1018 2144 valde
1053 2078 1379 2141 fructuosa
1409 2085 1472 2139 et
1502 2076 1778 2140 salubris
1809 2076 1886 2139 sit
1919 2074 2332 2140 commutatio

832 2188 896 2241 et.
924 2177 1227 2241 mercatio
1258 2176 1391 2257 agri
1424 2175 1699 2239 coelestis
1730 2175 2016 2258 praefata,
2040 2182 2103 2237 et
2133 2174 2334 2236 incre-

834 2277 1129 2341 dulorum
1174 2294 1248 2338 ac
1289 2293 1732 2358 perversorum
1777 2273 2131 2350 conversio,
2180 2271 2333 2354 quia

835 2383 1095 2457 experta
1124 2381 1221 2436 est
1249 2392 1437 2455 quam
1471 2372 1657 2435 dulce
1694 2372 1797 2448 sit,
1832 2370 2213 2453 contemptis
2243 2388 2335 2431 re-

835 2473 957 2536 bus
988 2470 1267 2547 caducis,
1304 2470 1615 2533 inbaerere
1654 2469 1916 2547 diviniS,
1949 2488 2021 2532 ac
2053 2468 2331 2530 futuram

836 2569 1296 2633 beatitudinem
1332 2568 1686 2651 praelibare.
1709 2567 1886 2629 Unde
1914 2576 1976 2629 et
2006 2566 2329 2629 Christus:

835 2667 1281 2749 Negotiamini,
1319 2668 1551 2748 inquit,
1586 2667 1736 2728 dum
1788 2665 1997 2730 venio.
2031 2667 2179 2729 Non
2227 2686 2337 2725 εω-

832 2769 1206 2843 -scinyuetur
1234 2767 1308 2826 in
1336 2774 1514 2825 nocte
1554 2769 1818 2825 lucerna
1856 2764 2017 2842 eju-3.
2050 2763 2336 2825 Lucerna

835 2863 1156 2939 Ecclesiae,
1190 2870 1287 2925 est
1325 2862 1580 2925 claritas
1622 2861 1807 2925 famae
1844 2860 2006 2941 ejuS,
2040 2879 2150 2922 seu
2193 2860 2338 2922 illu-

835 2961 1107 3027 minatio
1140 2961 1373 3023 mentis
1405 2980 1517 3042 per
1550 2960 1745 3023 fidem
1778 2967 1841 3022 et
1870 2958 2200 3040 sapientiae
2229 2960 2338 3022 do-

2445 1983 2630 2059 ferni‚
2646 1982 2824 2062 juxta
2857 1980 3147 2057 illud‚Ab
3175 1980 3361 2063 aquis
3392 1980 3638 2043 nivium
3670 1980 3933 2042 transiet
4003 2002 4092 2047 soh
4115 2016 4222 2048 xm.

2440 2083 2515 2145 ad
2559 2079 2837 2144 calorem
2879 2078 3171 2141 nimium.
3205 2078 3406 2153 Quum
3455 2096 3605 2159 ergo
3651 2077 3933 2140 Ecclesia
3963 2070 4030 2108 ³⁹·

2441 2182 2524 2244 sit
2567 2178 2948 2243 confirmata
2993 2178 3057 2240 in
3098 2178 3302 2257 gratia
3341 2186 3532 2259 atque
3569 2176 3634 2238 in
3673 2177 3932 2240 caritate
3973 2208 4220 2254 110⁶„ss

2442 2277 2745 2362 perfecta,
2786 2275 2956 2339 foras
2987 2275 3163 2357 ejicit
3195 2275 3487 2338 servilem
3523 2275 3836 2351 timorem,
3869 2283 3932 2336 et
3960 2275 4032 2315 ¹⁸·

2441 2396 2588 2440 cum
2627 2374 2928 2457 Apostolo
2970 2373 3254 2455 loquitur
3289 2393 3302 2436 ε
3336 2371 3484 2447 Quis
3529 2392 3644 2436 nos
3684 2390 3934 2454 separa·
3997 2400 4220 2447 nomm„

2442 2475 2538 2538 bit
2575 2494 2612 2536 a
2642 2472 2902 2536 caritate
2946 2472 3216 2534 Christi?
3253 2471 3396 2534 ldeo
3434 2490 3472 2533 a
3509 2470 3788 2553 praefatis
3824 2470 3936 2532 fri-
3961 2466 4032 2506 ³⁵·

2441 2572 2702 2655 goribus
2733 2590 2858 2635 non
2905 2578 3159 2633 veretur
3196 2569 3562 2633 domesticis
3593 2569 3749 2645 suis„
3783 2568 3936 2651 quia

2443 2678 2664 2735 contra
2692 2668 3062 2750 hujusmodi
3098 2666 3333 2747 frigora
3361 2674 3510 2728 sunt
3539 2666 3701 2729 bene
3733 2685 3938 2728 arma-

2446 2770 2516 2845 ti,
2551 2766 3086 2851 quemadmodum
3133 2764 3428 2827 subditur
3460 2782 3475 2826 :
3510 2785 3724 2825 omnes
3761 2768 3938 2827 enim

2443 2868 2775 2929 domestici
2817 2866 2956 2942 ejus
2997 2866 3213 2923 vestiti
3248 2874 3401 2924 sunt
3445 2865 3843 2942 duplicibus,
3873 2863 3938 2925 id

2447 2974 2542 3029 est
2593 2963 2726 3026 fide
2773 2972 2835 3025 et
2883 2960 3207 3045 operibuS‚
3258 2962 3360 3024 vel
3415 2961 3674 3024 caritate
3720 2961 3828 3024 Dei
3877 2969 3940 3025 et

836 3079 1143 3138 num,seu
1174 3059 1625 3141 contemplatio
1656 3059 2020 3121 divinorum
2050 3075 2062 3119 :
2097 3076 2238 3139 quae
2269 3057 2335 3119 in
2373 3067 2416 3130 C
2448 3063 2908 3145 proximorum,
2955 3080 3067 3124 seu
3105 3060 3341 3123 virtute
3373 3060 3596 3123 morali
3637 3080 3710 3123 ac
3747 3060 3942 3123 ime-J-

838 3168 1025 3224 nocte
1050 3160 1142 3240 (id
1176 3167 1273 3221 est
1302 3166 1588 3240 tempore
1616 3156 2103 3240 persecutioniS,
2140 3164 2338 3218 tenta-

841 3259 1035 3323 tionis
1078 3266 1141 3322 et
1184 3256 1613 3337 adversitatis)
1651 3274 1777 3319 non
1822 3254 2332 3334 exstinguuntur,

842 3360 953 3423 sed
985 3356 1451 3421 confortantur.
1471 3355 1669 3419 Media
1700 3373 1957 3437 quoque
1988 3363 2194 3430 nocte,
2213 3372 2337 3433 qua

843 3456 1245 3531 clamabitur,
1277 3455 1438 3518 Ecce
1476 3472 1749 3536 sponsus
1780 3454 1977 3529 venit,
2016 3453 2337 3534 lampades

844 3557 984 3638 ejus
1025 3572 1153 3617 non
1200 3555 1703 3634 exstinguentur.
1752 3552 1968 3632 Neque
2008 3552 2074 3613 in
2125 3558 2332 3627 nocte,

845 3654 909 3717 id
957 3662 1052 3715 est
1098 3652 1255 3716 hora
1298 3652 1546 3729 mortiS,
1589 3650 1919 3728 deficient,
1966 3650 2073 3713 sed
2126 3650 2337 3731 potius

848 3752 1269 3833 augebuntur,
1314 3756 1421 3813 aut
1464 3748 1903 3832 perficientur.
1948 3748 2218 3812 Econtra
2262 3748 2340 3810 de

848 3850 1138 3934 reprobis
1175 3850 1241 3911 in
1284 3848 1449 3911 libro
1485 3848 1599 3912 Iob
1639 3848 1870 3928 legitur
1914 3865 1928 3910 :
1971 3848 2193 3912 Nonne
2231 3848 2340 3910 lux

850 3950 1034 4033 impii
1078 3949 1535 4027 exstinguetur,
1570 3954 1632 4009 et
1671 3947 1929 4010 lucerna
1968 3965 2108 4028 quae
2149 3966 2341 4029 super

849 4049 1031 4112 illum
1078 4056 1195 4123 θεῖ,
1230 4065 1356 4110 non
1402 4045 1803 4127 splendebit?
1842 4049 2119 4108 Manum
2151 4068 2340 4108 suam

850 4150 1028 4209 misit
1058 4150 1145 4208 ad
1173 4148 1401 4224 fortia,
1433 4142 1496 4207 id
1539 4154 1654 4222 est,
1690 4164 1883 4227 opera
1923 4144 2340 4227 perfectionis

2448 3160 2727 3238 lectuali,
2758 3158 3103 3224 virtutibus
3133 3177 3388 3241 quoque
3427 3166 3492 3220 et
3529 3159 3734 3222 donis.
3769 3159 3939 3222 istud

2447 3260 2748 3324 convenit
2778 3257 3095 3335 Ecclesiae,
3130 3265 3444 3338 quantum
3474 3257 3552 3320 ad
3589 3255 3760 3320 filios
3797 3258 3940 3340 ejus

2448 3360 2786 3443 perfectoS‚
2837 3356 3062 3439 quales
3121 3376 3372 3439 semper
3429 3355 3677 3437 aliquos
3724 3355 3938 3419 habet.

2447 3459 2670 3522 Totum
2698 3457 2937 3538 quippe
2963 3455 3331 3537 frequenter
3359 3454 3938 3518 denominationem

2447 3558 2708 3621 sortitur
2738 3576 2774 3619 a
2805 3564 3004 3638 parte.
3038 3555 3277 3635 Jugiter
3314 3565 3523 3618 autem
3556 3564 3704 3617 sunt
3738 3555 3935 3637 aliqui

2447 3656 2644 3719 sancti
2680 3663 2741 3717 et
2771 3654 2895 3717 viri
2928 3652 3170 3717 heroici
3203 3653 3270 3715 in
3301 3652 3582 3717 Ecclesia
3611 3652 3935 3717 militanti.

2445 3754 2532 3817 De
2571 3754 2694 3816 ist-o
2731 3752 2966 3816 vestitu
3007 3750 3209 3814 fertur
3243 3768 3256 3812 :
3289 3749 3404 3824 Qui
3443 3750 3686 3822 vicerit,
3719 3751 3944 3815 vestie-
4007 3772 4139 3828 Αρω.
4161 3786 4213 3817 m.

2447 3860 2550 3914 tur
2579 3850 2976 3915 vestimentis
3015 3848 3200 3911 albis,
3236 3849 3440 3911 Etiam
3482 3848 3760 3912 Ecclesia
3798 3869 3942 3931 pro-
3968 3838 4008 3877 ⁵·

2449 3958 2716 4013 testatur
2751 3967 2764 4011 ε
2801 3948 3011 4011 lnduit
3041 3966 3144 4011 me
3182 3946 3563 4011 vestimento
3601 3948 3846 4025 salutiS,
3875 3957 3941 4011 ct
3981 3968 4212 4017 12.1.‹1,1o.

2451 4049 2830 4111 indumento
2859 4047 3124 4129 justitiae
3147 4046 3565 4109 circumdedit
3596 4065 3720 4109 me.

2530 4150 2984 4224 Straqulatam
3021 4155 3246 4237 vestem
3277 4146 3433 4222 fecit
3461 4147 3606 4206 sibi.
3634 4144 3943 4226 Stragula·
4061 4154 4128 4209 22

848 4264 1143 4328 aggressa
1190 4251 1308 4320 est,
1360 4262 1488 4307 non
1538 4252 1834 4307 contenta
1888 4243 2157 4326 implere
2207 4245 2341 4308 sola
2371 4250 2421 4311 D
2453 4255 2514 4309 ta
2551 4247 2746 4309 vestis
2787 4253 2884 4307 est
2925 4243 3202 4307 discolor
3242 4242 3478 4319 tunica,
3512 4262 3704 4306 manu
3739 4244 3945 4306 artifi-

845 4351 1181 4427 praecepta‚
1226 4343 1334 4405 sed
1387 4342 1754 4423 evangelica
1797 4360 2053 4424 quoque
2098 4342 2342 4405 studuit

846 4442 1196 4524 adimplere
1226 4440 1518 4519 consilia,
1551 4449 1613 4503 et
1643 4440 1861 4523 praelia
1888 4448 2106 4503 contra
2138 4441 2338 4504 aciem

845 4541 1147 4605 vitiorum
1188 4548 1381 4622 atque
1418 4539 1814 4621 tyrannidem
1862 4548 2338 4622 persecutorum

843 4638 1185 4704 victoriose
1229 4638 1513 4703 exercuit
1536 4656 1552 4718 3
1596 4648 1656 4698 et
1698 4639 1899 4716 diyiti
1937 4640 2077 4716 ejus
2115 4658 2341 4716 appre-

846 4740 1207 4799 henderunt
1251 4740 1477 4817 fusum
1507 4754 1531 4797 .·
1576 4736 1637 4798 id
1688 4744 1803 4812 est,
1852 4754 1966 4818 per
2013 4736 2341 4801 discretio-

847 4855 989 4899 nem
1048 4843 1299 4899 strenue
1353 4842 1647 4898 exsecuta
1698 4842 1797 4897 est
1847 4834 2019 4914 quod
2071 4834 2334 4918 incepit,

848 4935 1013 4998 sicut
1053 4933 1308 4997 filantes
1347 4934 1426 4995 de
1464 4932 1609 4996 lana
1640 4931 1887 4996 faciunt
1925 4932 2131 5008 filum,
2168 4935 2340 5015 quod

846 5035 1169 5098 deducunt
1226 5032 1293 5095 in
1356 5030 1596 5109 fusum,
1652 5030 1754 5094 cui
1814 5032 2340 5096 circumvolvitur

848 5132 1019 5214 quod
1054 5130 1295 5193 filatur.
1339 5130 1517 5193 Unde
1542 5130 1673 5212 jam
1716 5129 1956 5193 dictum
1986 5138 2082 5192 est
2117 5148 2131 5192 :
2164 5129 2342 5205 Quae-

850 5229 1002 5295 sivit
1042 5230 1253 5293 lanam
1294 5237 1358 5292 et
1398 5228 1625 5304 linum,
1659 5236 1722 5292 et
1761 5238 2019 5311 operata
2059 5237 2155 5292 est
2193 5248 2342 5293 con-

848 5327 995 5394 silio
1033 5344 1335 5392 manuum
1376 5346 1656 5391 suarum.

2450 4345 2542 4407 cis
2589 4344 2854 4426 pulchra
2899 4342 3202 4406 varietate
3245 4342 3544 4404 distincta
3585 4361 3658 4405 ac
3693 4342 3944 4406 decora-

2451 4452 2552 4507 ta:
2578 4462 2691 4525 per
2721 4461 2914 4523 quam
2944 4441 3252 4503 virtutum
3287 4448 3858 4522 contemperatum,
3881 4450 3944 4504 et

2452 4541 2880 4605 virtuosorum
2907 4539 3276 4603 commixtio
3307 4548 3580 4617 actuum,
3595 4539 3947 4622 multiplex-

2452 4658 2576 4721 que
2633 4646 2893 4703 ornatus
2951 4637 3285 4711 donorum,
3345 4636 3814 4700 beatitudinum
3871 4657 3944 4700 ac

2453 4738 2774 4801 fructuum
2811 4735 3466 4820 exprimuntur.Unde
3498 4734 3562 4797 in
3591 4735 3838 4799 Psalmo
3867 4736 3945 4799 de

2451 4836 2732 4899 Ecclesia
2762 4834 3015 4898 canitur
3051 4851 3065 4896 ε
3099 4833 3360 4897 Adstitit
3391 4833 3611 4913 regina
3642 4853 3678 4896 a
3706 4833 3944 4897 dextris
3970 4858 4210 4905 maman.

2453 4936 2579 4997 tuis
2636 4935 2705 4996 in
2753 4933 2986 4998 vestitu
3044 4934 3344 4996 deaurato
3399 4933 3787 4996 circumdata
3843 4952 3944 4995 va-

2452 5034 2696 5096 rietate.
2741 5036 2986 5111 Byssus
3023 5041 3082 5092 et
3121 5052 3454 5110 purpura,
3487 5033 3944 5101 indumentum

2449 5134 2610 5210 eju-3.
2627 5131 2743 5193 Per
2765 5130 3042 5213 byssum,
3061 5128 3446 5209 virginitatis
3469 5136 3532 5192 et
3555 5128 3944 5193 castimonia)

2450 5229 2686 5293 candor
2731 5236 2984 5292 notatur
3008 5247 3023 5307 ;
3071 5245 3183 5309 per
3226 5244 3598 5309 purpuram,
3639 5245 3817 5291 amor
3856 5226 3945 5288 di·

2450 5328 2660 5394 vinus.
2705 5326 2986 5394 Ecclesia
3021 5324 3215 5411 igitur
3251 5325 3622 5393 carnalium·
3647 5324 3944 5413 inquina-
