4284 6267
110 2002 192 2045 Jer.
205 2017 248 2057 n,
261 2005 327 2045 ΞΘ.

99 2296 190 2341 θωε
200 2311 250 2349 tv.
264 2302 326 2343 ¹⁶.

99 2493 328 2549 lmumn,

140 2788 290 2833 Ezoeh.

95 2855 328 2904 :mausz

1089 530 1443 578 malumno
1485 531 1548 577 m
1591 530 1730 578 GAP.
1775 531 1841 577 11
1881 529 2318 579 nchESIAsTAE.
2363 552 2443 563 -—
2484 533 2627 579 Am.
2672 534 2738 580 11

3336 514 3457 578 265

343 716 433 761 na
463 701 688 781 gratias
718 702 916 783 gratis
948 702 1132 780 datae,
1152 710 1223 765 ut
1261 711 1540 785 potestas
1576 701 1854 766 faciendi
1887 703 1936 764 A
1968 710 2075 765 aut
2101 702 2301 765 animi
2333 704 2433 767 sui
2470 702 3109 782 irrationabilitatem,
3142 704 3319 768 canis
3349 722 3457 770 vo-

343 799 687 877 miracula,
742 802 982 866 donum
1029 801 1402 884 prophetias,
1455 820 1689 883 genera
1735 800 1857 863 lin—

345 915 648 977 guarum,
683 899 960 963 maxime
998 908 1374 983 reputantur
1403 920 1439 963 a
1467 900 1656 983 plebe
1688 919 1857 964 eom-

343 996 547 1059 muni.
563 997 894 1080 Sapientes
925 1007 1138 1063 autem
1173 1000 1334 1063 dona
1355 1000 1574 1081 gratiae
1603 1007 1850 1079 gratum

351 1094 677 1173 facientiS‚
713 1096 1304 1180 incomparabiliter
1330 1096 1608 1180 amplius
1637 1098 1853 1179 magni

352 1194 647 1275 pendunt
695 1203 756 1258 et
807 1203 1141 1279 appetunt.
1176 1196 1524 1279 lmplentur
1567 1195 1757 1258 etiam
1797 1204 1856 1255 ec

347 1302 720 1371 contemptu
761 1296 838 1355 in
882 1297 1023 1357 vita
1069 1316 1214 1367 sua,
1265 1294 1356 1358 ita
1406 1295 1578 1375 quod
1631 1314 1706 1357 ex
1753 1314 1856 1356 su-

347 1391 581 1472 perbia
636 1410 706 1455 se
763 1392 1041 1458 invicem
1093 1402 1538 1476 aspernantur,
1592 1392 1692 1458 vel
1754 1411 1857 1455 su-

350 1490 640 1571 periores
687 1510 840 1554 suos
888 1500 950 1555 et
1007 1511 1226 1556 eorum
1276 1492 1594 1573 jussiones
1652 1490 1858 1574 despi-

349 1590 554 1666 ciunt,
587 1597 654 1653 et
696 1590 866 1653 circa
912 1599 1228 1673 praecepta
1269 1591 1378 1653 Dei
1425 1600 1551 1653 tam
1594 1608 1856 1673 parvam

347 1696 457 1750 aut
500 1689 751 1752 nullam
795 1690 1031 1753 habent
1071 1710 1286 1753 curam
1330 1697 1394 1753 et
1431 1690 1852 1771 diligentiam,

351 1788 521 1868 quod
552 1788 694 1871 ipso
727 1787 899 1852 facto
922 1790 1264 1852 ostendunt
1295 1808 1363 1852 se
1387 1796 1702 1871 praecepta
1721 1788 1852 1865 Dei,

1966 810 2165 865 catur.
2215 802 2393 867 Unde
2440 805 2519 867 de
2564 804 2943 887 quibusdam
2984 804 3051 866 in
3098 804 3255 867 Isaia
3300 802 3457 867 dici-

1965 909 2068 964 tur
2103 922 2116 967 :
2154 901 2592 985 Speculatores
2628 903 2768 984 ejus
2797 903 2946 966 caeci
2984 921 3237 983 omnes;
3267 922 3455 965 canes
3497 925 3659 977 [aun.
3681 928 3745 969 ιο.

1964 1001 2148 1078 muti,
2182 1020 2310 1065 non
2341 1001 2625 1065 valentes
2654 1002 2903 1066 latrare.
2934 1003 3049 1065 Per
3078 1004 3327 1067 leonem
3356 1021 3458 1068 ve-

1965 1117 2036 1164 ro
2065 1108 2411 1178 mortuum,
2445 1099 2745 1181 intelligit
2774 1100 3099 1165 hominem
3134 1102 3455 1183 iniquum,

1966 1198 2345 1281 superbum,
2397 1199 2525 1281 jam
2578 1206 2895 1263 mortuum
2949 1218 3213 1282 corpore
3265 1218 3279 1262 :
3332 1219 3459 1281 quo

1965 1296 2199 1359 melior
2228 1296 2462 1361 dicitur
2490 1304 2783 1379 peccator
2810 1298 3015 1359 adhuc
3045 1298 3290 1376 vivens,
3309 1317 3460 1380 quo·

1968 1393 2141 1456 niam
2192 1401 2402 1476 potest
2443 1413 2512 1458 se
2558 1396 2919 1471 emendare,
2957 1414 3033 1458 ac
3076 1396 3270 1459 vitam
3316 1414 3462 1478 pro-

1965 1494 2197 1556 mereri
2228 1493 2510 1572 beatam3
2543 1512 2661 1556 nec
2690 1503 2785 1556 est
2814 1492 3165 1557 obstinatus
3198 1493 3265 1556 in
3294 1494 3459 1559 malo

1968 1582 2266 1667 totaliter,
2304 1591 2469 1654 sicut
2506 1592 2617 1673 qui
2658 1592 2725 1654 in
2760 1591 3013 1656 mortali
3052 1592 3461 1655 decesserunt

1967 1700 2249 1775 peccam.
2294 1690 2454 1754 Hinc
2496 1690 2789 1753 subditur
2832 1711 2845 1756 :

2065 1793 2355 1854 Viventes
2384 1791 2559 1850 enim
2587 1793 2801 1851 sciunt
2828 1810 2890 1850 se
2918 1810 3045 1851 esse
3075 1793 3456 1851 morituros:
3598 1798 3635 1853 5

355 1887 484 1949 imo
531 1895 596 1949 et
643 1888 837 1950 Deum
886 1887 1389 1970 praecipientem,
1421 1896 1851 1952 contemnere.
1894 1891 1940 1952 B
1970 1890 2111 1953 ideo
2168 1910 2243 1953 ex
2291 1888 2797 1953 consideratione
2844 1907 2973 1951 suae
3029 1887 3453 1963 mortalitatiS,

355 1984 616 2047 Talibus
677 1986 986 2050 Dominus
1044 2005 1158 2068 per
1208 1986 1544 2049 Ieremiam
1602 1986 1692 2049 ait
1743 2003 1758 2047 z
1807 1985 1857 2047 A

356 2084 592 2149 saeculo
621 2084 996 2166 confregisti
1024 2085 1271 2166 jugum,
1307 2085 1535 2168 rupisti
1576 2084 1853 2161 vincula,

353 2193 411 2246 et
439 2183 840 2259 dixisti,Non
873 2184 1179 2264 serviam3
1202 2192 1264 2247 et
1295 2204 1516 2247 rursus
1547 2203 1662 2266 per
1683 2183 1854 2261 Osee,

355 2282 528 2345 Sicut
556 2300 752 2346 vacca
783 2279 1125 2345 lasciviens
1155 2281 1500 2345 declinavit
1529 2282 1738 2344 Israel.
1771 2284 1859 2343 Ει

353 2392 488 2460 post
533 2384 674 2444 hoee
718 2385 808 2443 ad
853 2383 1101 2459 inferos
1147 2384 1566 2443 deducentur.
1617 2380 1856 2455 Quibus

354 2481 649 2544 dicturus
678 2488 776 2543 est
801 2480 1000 2543 Judex
1021 2497 1035 2542 :
1055 2480 1163 2558 lte,
1183 2478 1528 2556 maledicti,
1549 2479 1615 2541 in
1646 2479 1856 2558 ignem

353 2588 691 2643 aeternum.
734 2578 991 2642 Interim
1032 2596 1208 2655 ver0,
1244 2585 1552 2659 quantum
1601 2577 1679 2638 ad
1729 2577 1861 2639 ani-

355 2698 514 2755 mas»,
568 2677 638 2739 in
699 2676 1028 2740 infernum
1087 2675 1497 2757 dejiciuntur,
1558 2676 1860 2757 quemad-

353 2778 621 2839 modum
661 2776 727 2837 in
776 2774 1106 2838 Ezechiele
1146 2773 1419 2837 habetur
1463 2794 1477 2839 ε
1524 2772 1753 2837 Omnes
1792 2773 1858 2836 hi

355 2875 828 2939 descenderunt
867 2874 944 2937 ad
984 2883 1216 2937 terram
1261 2872 1586 2953 ultimam3
1618 2882 1683 2936 et
1721 2892 1861 2955 por-

357 2980 655 3039 taverunt
702 2972 1119 3053 ignominiam
1173 2992 1350 3035 suam
1403 2991 1544 3036 cum
1598 2972 1697 3035 his
1745 2972 1858 3053 qui

1969 1997 2238 2072 possunt
2268 2006 2381 2070 per
2419 1987 2857 2070 poenitentiam
2889 1987 3205 2068 corrigere
3235 1986 3454 2063 vitam,

1969 2106 2163 2169 seque
2188 2106 2411 2170 parare
2434 2087 2512 2149 ad
2536 2096 2791 2150 mortem
2805 2105 2822 2166 ;
2848 2089 3089 2147 morcui
3110 2106 3269 2155 vero,
3286 2087 3435 2146 nihi
3440 2089 3461 2145 l

1967 2197 2289 2248 noverunt
2317 2189 2624 2264 amplius,
2658 2188 2744 2249 De
2784 2185 3041 2267 injustis
3070 2185 3338 2248 mortuis
3370 2184 3461 2247 lo-

1967 2286 2189 2369 quitur
2237 2285 2531 2348 Salomon
2576 2302 2591 2347 :
2645 2303 2806 2367 quos
2853 2284 3142 2348 affirmat
3190 2284 3280 2346 nil
3329 2302 3461 2345 am-

1969 2385 2141 2468 plius
2182 2384 2367 2461 scire,
2400 2384 2700 2449 videlicet
2737 2384 2803 2447 in
2845 2383 3123 2461 inferno,
3154 2403 3230 2448 eo
3268 2401 3457 2446 sensu

1968 2501 2097 2565 quo
2147 2481 2317 2545 infra
2364 2482 2453 2545 ait
2502 2482 2570 2545 in
2617 2482 2740 2546 isto
2789 2482 3090 2566 capitulo,
3143 2482 3295 2564 quia
3342 2500 3459 2545 nec

1968 2600 2153 2664 opuS,
2191 2581 2321 2644 nec'
2348 2582 2529 2660 ratio,
2573 2601 2691 2646 nec
2730 2582 3065 2665 sapientia,
3099 2601 3215 2645 nec
3262 2581 3461 2644 scien-

1969 2680 2058 2743 tia
2097 2687 2287 2744 erunt
2323 2682 2492 2763 apud
2536 2680 2776 2745 inferos
2812 2700 2825 2745 :
2862 2681 3034 2762 quod
3080 2680 3272 2762 paulo
3320 2687 3465 2761 post

1969 2787 2345 2861 exponetur.
2394 2778 2492 2841 Nil
2550 2780 2793 2862 quippe
2840 2779 3181 2841 salubriter
3228 2778 3460 2856 sciunt,

1971 2896 2099 2958 quo
2138 2877 2217 2939 ad
2256 2877 2771 2953 consolationem,
2806 2877 3167 2940 relevamen
3196 2885 3307 2939 aut
3334 2894 3468 2959 poe-

1971 2974 2310 3037 nitentiam
2358 2974 2605 3057 possint
2642 2974 2873 3055 juvari.
2918 2976 3051 3037 Nec
3097 2976 3329 3036 habent
3366 2978 3467 3036 ul-

3512 2509 3627 2540 vers.
3650 2496 3713 2539 to.

354 3073 758 3137 descendunt
795 3070 861 3134 in
903 3072 1144 3151 lacum;
1178 3079 1242 3133 et
1277 3071 1742 3134 descenderunt
1777 3072 1856 3133 ad
1894 3076 1939 3140 C
1973 3082 2073 3135 tra
2125 3077 2469 3134 mercedem
2515 3094 2539 3133 .·
2588 3072 2740 3153 quia
2797 3071 3077 3135 damnati
3126 3082 3297 3151 sunt,
3348 3092 3466 3137 nec

357 3171 711 3235 infernum.

437 3272 642 3333 Nemo
675 3280 765 3330 est
802 3271 923 3349 qui
957 3288 1203 3347 semper
1232 3269 1412 3330 vivat
1445 3268 1576 3330 vita
1614 3277 1858 3331 naturae

355 3367 420 3429 in
466 3368 704 3431 soeculo
749 3368 871 3430 isto
904 3384 919 3429 ε
954 3368 1109 3450 quia
1149 3374 1399 3450 oportet
1442 3386 1698 3431 omnem
1746 3367 1859 3430 bo-

353 3466 595 3530 minem
629 3466 876 3530 solvere
905 3467 1190 3530 debitum
1223 3466 1682 3549 mortiS,quum
1715 3485 1858 3530 con-

353 3573 474 3627 stet
535 3582 613 3627 ex
674 3565 1010 3628 contrariis
1069 3565 1426 3641 elementis„
1479 3574 1542 3629 et
1597 3574 1858 3647 propter

354 3672 602 3726 reatum
631 3661 964 3746 originalis
993 3664 1253 3746 peccati.
1271 3663 1449 3726 Unde
1480 3672 1542 3727 et
1571 3663 1856 3745 quotidie

355 3760 618 3839 famem,
643 3761 841 3839 sitim,
867 3770 929 3823 et
957 3762 1320 3826 consimilia
1349 3770 1590 3825 naturae
1619 3762 1858 3825 incom-

353 3861 569 3935 moda,
631 3868 934 3942 tanquam
996 3860 1403 3942 quotidianas
1465 3860 1854 3925 sustinemus

356 3958 774 4022 infirmitates
800 3976 814 4021 t
844 3968 1064 4022 contra
1093 3979 1252 4041 quas
1283 3960 1452 4038 cib0‚
1477 3967 1655 4043 potu,
1689 3979 1856 4024 som-

357 4076 463 4136 no,
513 4066 818 4140 tanquam
857 4058 1348 4121 medicinalibus
1392 4058 1688 4121 remediis
1732 4060 1855 4122 uti-

104 4163 329 4223 Pt-uxxvm.
355 4175 524 4219 mur.
575 4156 736 4219 Hinc
781 4153 873 4218 ait
916 4156 1248 4219 Psalmista
1284 4173 1298 4217 :
1332 4155 1481 4230 Quis
1529 4163 1628 4219 est
1663 4155 1854 4221 homo

1970 3180 2122 3233 sunt
2171 3171 2237 3233 in
2287 3177 2453 3233 statu
2500 3171 2786 3233 merendi
2835 3190 2906 3234 ac
2955 3171 3343 3234 demerendi.
3396 3172 3463 3234 In

1968 3271 2086 3334 hac
2142 3280 2355 3334 autem
2415 3271 2568 3346 vita,
2634 3270 2823 3333 etiam
2881 3270 3107 3334 vitiose
3163 3271 3462 3351 vivendo,

1968 3369 2329 3433 habuerunt
2359 3370 2698 3451 quamdam
2730 3370 3083 3432 mercedem
3112 3389 3126 3433 :
3163 3370 3464 3451 quoniam

1967 3488 2083 3553 pro
2121 3470 2505 3552 quibusdam
2542 3468 2729 3532 bonis
2767 3488 2843 3531 ex
2883 3486 3135 3549 genere,
3178 3487 3323 3551 quae
3371 3470 3467 3532 in-

1965 3568 2219 3632 terdum
2269 3576 2557 3648 egerunt,
2610 3566 2883 3631 contulit
2930 3566 3023 3630 eis
3071 3567 3214 3649 pius
3262 3577 3327 3631 et
3364 3570 3465 3651 ju-

1966 3676 2101 3730 stus
2132 3667 2296 3729 Deus
2326 3665 2568 3748 aliquid
2597 3665 2965 3748 temporalis
2996 3667 3456 3749 prosperitatis,

1962 3765 2193 3829 vitaeve
2239 3764 2567 3843 longioris.
2600 3763 2778 3826 Unde
2806 3764 2994 3826 diviti
3036 3765 3459 3829 condemnato

1963 3863 2280 3927 Abraham
2335 3863 2493 3925 dixit
2545 3880 2559 3925 ε
2613 3858 2925 3945 Recepisti
2987 3862 3153 3927 bona
3211 3864 3278 3926 in
3327 3864 3460 3929 vita
3486 3878 3751 3931 Luaxvnas.

1963 3973 2092 4026 tua.
2147 3961 2383 4026 Verum
2424 3970 2569 4044 post
2616 3962 2811 4027 vitam
2860 3961 3045 4039 hanc,
3095 3973 3301 4026 cessat
3347 3964 3459 4026 hu-

1961 4061 2239 4144 jusmodi
2299 4079 2563 4124 merces.
2594 4064 2790 4130 'Quia
2844 4062 3157 4123 oblivioni
3212 4066 3458 4125 tradita

1962 4170 2051 4220 est
2099 4161 2407 4221 memoria
2458 4179 2679 4221 eorum
2727 4180 2751 4220 .·
2800 4160 2862 4221 id
2910 4169 3026 4237 est,
3079 4161 3240 4224 Deus
3298 4160 3459 4225 ohli-

355 4255 468 4337 qui
497 4256 688 4329 vivet,
710 4263 771 4318 et
803 4273 931 4319 non
961 4254 1205 4320 videbit
1234 4258 1542 4318 mortem?
1564 4256 1641 4317 Et
1671 4255 1850 4338 impii
1883 4259 1935 4323 D
1965 4268 2066 4321 tus
2122 4266 2218 4321 est
2274 4276 2517 4335 eorum,
2581 4258 2670 4321 ita
2724 4259 2898 4340 quod
2956 4259 3457 4324 misericordiam

354 4355 506 4417 dum
539 4353 922 4431 moriuntur,
950 4354 1017 4416 in
1050 4353 1374 4418 infernum
1407 4354 1732 4417 labuntur.
1774 4358 1853 4417 Et

351 4457 472 4536 qui
497 4454 713 4533 hujus·
728 4456 829 4513 rei
856 4455 1082 4515 habeat
1108 4456 1446 4532 fiduciam.

421 4554 662 4614 Melior
687 4562 778 4614 eat
805 4555 990 4614 canis
1017 4556 1204 4613 vivus
1238 4557 1410 4614 leone
1438 4562 1706 4615 mortua
1723 4554 1853 4617 Hoc

351 4652 530 4735 juxta
559 4648 976 4733 superficiem
1007 4651 1232 4714 litterae
1259 4660 1524 4726 constat,
1553 4652 1724 4733 quod
1753 4671 1852 4716 res

353 4750 525 4827 viva,
558 4750 858 4832 quamvis
899 4750 1145 4813 ratione
1189 4768 1432 4827 carenS,
1477 4750 1703 4815 melior
1745 4750 1848 4829 sit,

355 4869 482 4913 non
518 4846 869 4925 moraliter,
913 4848 1021 4911 sed
1062 4847 1344 4911 bonitate
1383 4848 1496 4926 rei,
1542 4857 1690 4912 ente
1723 4868 1852 4913 non

351 4947 501 5014 vivo
544 4955 742 5029 atque
786 4947 1113 5009 cadavere.
1162 4948 1282 5011 Iste
1326 4955 1536 5011 tamen
1587 4966 1713 5013 non
1757 4957 1856 5012 est

351 5065 578 5110 sensus
619 5044 952 5125 litteralis;
985 5047 1094 5109 sed
1135 5046 1431 5111 Salomon
1473 5047 1856 5131 metaphori-

351 5164 422 5208 ce
471 5145 768 5225 loquenS,
822 5162 940 5226 per
984 5162 1204 5207 canem
1255 5145 1498 5223 vivum,
1551 5146 1854 5228 intelligit

351 5244 686 5308 bominem
725 5243 791 5305 in
834 5260 1026 5305 carne
1064 5242 1405 5320 viventem,
1453 5252 1670 5327 utpote
1709 5265 1854 5329 pec-

351 5350 654 5419 catorem,
691 5339 804 5422 qui
834 5348 1094 5423 propter
1135 5340 1482 5405 iracundias
1514 5341 1849 5425 impetum,

1965 4375 2147 4419 suam
2178 4355 2387 4419 aufert
2417 4355 2500 4418 ab
2529 4357 2623 4419 eis
2656 4358 2719 4419 in
2762 4357 3245 4440 sempiternum,
3279 4359 3460 4439 juxta

1965 4456 2124 4519 illud
2182 4454 2297 4518 Job
2349 4473 2362 4518 τ
2419 4454 2843 4519 Obliviscatur
2900 4457 3039 4538 ejus
3097 4456 3456 4521 misericor·
3527 4479 3610 4523 10⁶
3636 4490 3749 4529 xm,

1965 4554 2104 4631 dia3
2139 4555 2409 4618 dulcedo
2452 4554 2647 4632 illius,
2682 4574 2952 4619 vermes.
2986 4555 3165 4619 Unde
3206 4556 3271 4618 in
3301 4554 3455 4620 Osee
3483 4545 3551 4585 ²⁰·

1967 4654 2269 4717 Dominus
2317 4652 2600 4734 loquitur
2635 4670 2649 4715 ε
2691 4652 2849 4728 Quia
2893 4654 3130 4718 oblitus
3188 4674 3256 4716 es
3301 4654 3450 4733 mei,
3500 4676 3739 4724 omme.

1963 4751 2306 4817 obliviscar
2362 4761 2426 4815 et
2480 4768 2596 4831 ego
2661 4751 2777 4813 tui.
2843 4751 3010 4815 Hanc
3066 4751 3453 4816 oblivionem

1963 4848 2417 4914 misericordiae
2473 4850 2579 4912 Dei
2652 4857 2977 4913 merentur
3034 4848 3262 4931 iniqui,
3326 4868 3455 4913 non

1962 4950 2111 5027 Deo,
2148 4950 2255 5013 sed
2296 4948 2688 5012 vanitatibus
2727 4948 3113 5024 inhaerendo,
3149 4950 3455 5030 quemad-

1964 5050 2223 5111 modum
2262 5047 2571 5130 scriptum
2612 5056 2710 5111 est
2741 5064 2755 5110 ε
2787 5046 2903 5121 Qui
2946 5047 3311 5112 custodiunt
3351 5068 3458 5113 va·
3496 5072 3735 5121 Jonaenm.

1966 5148 2218 5223 nitateS,
2254 5145 2491 5209 frustra
2530 5146 3030 5209 misericordiam
3064 5166 3238 5209 suam
3279 5149 3457 5212 dere-

1965 5246 2287 5328 linquunt.
2322 5244 2679 5319 Quocontra
2711 5244 2944 5307 dicitur
2983 5245 3063 5309 de
3102 5246 3301 5310 electo
3338 5264 3353 5309 ε
3387 5247 3454 5310 ln
3499 5267 3741 5317 paena.

1965 5342 2273 5407 memoria
2308 5350 2546 5406 aeterna
2580 5342 2706 5406 erit
2738 5342 2970 5423 justus.
3004 5344 3457 5408 Verumtamen
