4284 6267
545 3931 683 3977 Hebr.
707 3945 734 3983 ι,
753 3935 790 3977 1.

815 494 934 557 296

1431 512 1779 558 mannum
1823 512 1884 557 m
1927 510 2063 558 CAP.
2112 511 2134 556 1
2175 510 2415 557 CANTICI
2456 510 2859 557 cAN‘rlcomm.
2904 528 2985 539 -·
3026 509 3167 555 Am.
3214 508 3281 555 111

813 682 1301 745 rationabilibus
1349 682 1545 745 dediti
1591 682 1893 759 motibuS,
1933 681 2297 746 celsitudini
2330 682 2379 744 A
2412 688 2637 757 tenteS‚
2671 680 2952 744 carnalia
2991 680 3433 760 imaginentur,
3466 679 3577 741 sed
3625 696 3772 741 mox
3814 679 3890 741 ad

812 799 1008 843 sacrae
1038 781 1379 863 Scripturae
1409 781 1864 863 propinquant,
1901 790 1962 845 et
2001 800 2138 843 eam
2173 798 2300 843 non

814 879 1160 941 seeundum
1209 880 1379 960 quod
1436 879 1694 955 debent,
1743 898 1901 962 pure
1960 879 2306 961 spirituali-

815 986 1038 1059 terque
1081 977 1467 1057 intelligunt,
1501 980 1610 1041 sed
1663 977 2182 1041 irrationabiliter
2225 979 2302 1041 ad

816 1094 946 1138 suae
989 1076 1334 1158 voluptatis
1379 1076 1869 1159 intelligentiam
1915 1076 2206 1140 flectunt.

923 1174 1188 1257 Insuper
1244 1174 1674 1239 Cancellarius
1733 1175 2127 1253 ParisienSiS,
2192 1196 2305 1259 per

816 1293 1010 1355 quem
1042 1274 1106 1335 in
1138 1281 1272 1337 toto
1302 1274 1610 1356 opusculo
1643 1274 1764 1337 isto
1804 1275 2178 1353 magistrum
2204 1274 2305 1338 Jo-

814 1390 1042 1433 annem
1076 1373 1154 1434 de
1179 1370 1416 1435 Gerson
1440 1373 1867 1436 doctissimum
1888 1373 2094 1435 virum
2125 1373 2306 1436 intel-

815 1470 971 1550 ligo,
1006 1470 1069 1531 in
1103 1471 1383 1534 editione
1423 1491 1537 1534 sua
1567 1492 1758 1555 super
1787 1471 2045 1535 Cantica
2082 1470 2252 1534 fatur
2286 1491 2300 1535 :

814 1568 1264 1631 Credulitatem
1305 1569 1870 1634 secretissimorum
1909 1590 2210 1633 sensuum
2244 1580 2306 1633 et

815 1666 1318 1730 castissimorum
1353 1666 1729 1745 affectuum,
1771 1687 1930 1750 quos
1961 1668 2180 1732 sumus
2212 1670 2307 1732 lit-

818 1765 1031 1828 teralis
1081 1766 1370 1843 includit,
1423 1766 1641 1829 nullus
1689 1767 2048 1845 abhorreat,
2098 1787 2307 1850 neque

2412 779 2868 843 intellectualia
2893 787 2955 842 et
2980 777 3337 861 spiritualia
3361 777 3725 841 eleventur:
3751 776 3897 841 alio-

2412 878 2523 960 qui
2576 879 2747 941 intus
2801 878 3131 941 laedentur.
3183 876 3342 951 Quid
3385 894 3535 958 ergo
3580 876 3895 957 agendum

2412 985 2507 1040 est
2565 977 2785 1039 multis
2845 975 3159 1057 religiosis
3216 984 3409 1056 atque
3464 974 3789 1038 canonicis
3835 982 3898 1038 et

2412 1076 2556 1139 aliis
2600 1076 2667 1137 in
2712 1075 2907 1138 sacris
2949 1073 3317 1150 Ordinibus,
3361 1073 3475 1155 qui
3518 1074 3583 1136 in
3628 1072 3899 1137 ecclesia

2412 1184 2474 1238 et
2522 1174 2741 1239 divino
2787 1172 3019 1237 Officio
3078 1172 3211 1236 baec
3256 1172 3475 1234 audire
3530 1192 3643 1235 seu
3688 1171 3897 1252 legere

2412 1274 2667 1350 habent,
2706 1292 2904 1354 quum
2937 1272 3218 1335 nondum
3260 1272 3388 1335 sint
3429 1271 3637 1334 taliter
3674 1290 3898 1334 emun-

2414 1372 2567 1450 dati,
2592 1380 2656 1435 et
2696 1371 2835 1434 sine
2870 1370 3037 1433 t'oeda
3077 1369 3530 1449 imaginatione
3562 1369 3628 1432 in
3669 1368 3779 1431 tali
3811 1369 3896 1432 lo-

2413 1491 2487 1535 co
2526 1481 2587 1534 et
2626 1471 2781 1534 hora
2813 1470 2918 1535 vix
2958 1470 3176 1549 legunt
3204 1476 3269 1532 et
3296 1468 3563 1531 audiunt
3592 1468 3733 1545 ista,
3768 1468 3896 1531 imo

2414 1569 2809 1654 spiritualem
2870 1576 2933 1631 et
2991 1587 3203 1633 veram
3262 1586 3484 1631 eorum
3542 1567 3902 1647 intelligen-

2415 1670 2567 1731 tiam
2600 1670 2708 1732 vix
2736 1667 3102 1747 attingunt?
3130 1666 3237 1729 His
3268 1666 3540 1729 arbitror
3569 1666 3905 1730 consulen-

2415 1770 2591 1845 dum,
2623 1775 2695 1829 ut
2738 1785 2853 1850 pro
2898 1784 3084 1848 posse
3123 1766 3417 1829 studeant
3459 1764 3693 1828 librum
3732 1765 3903 1828 bunc

815 1864 1186 1928 scandalum
1218 1863 1404 1929 foedae
1432 1866 1823 1928 carnalitatis
1853 1866 2156 1930 incurrat.
2200 1867 2311 1930 Pu·
2345 1867 2389 1927 B
2417 1885 2565 1930 vere
2603 1874 2665 1929 et
2694 1884 2851 1947 pure
2893 1864 3270 1944 intelligere,
3304 1862 3469 1926 sicut
3497 1871 3766 1946 oportet,
3802 1864 3904 1928 vel

816 1964 994 2027 deret
1025 1963 1262 2026 referre
1299 1965 1453 2045 quid
1485 1974 1780 2047 expertus
1812 1966 2023 2029 audivi
2053 1987 2066 2031 :
2101 1966 2309 2031 offen·

815 2063 993 2125 deret
1036 2062 1208 2124 enim
1256 2063 1393 2145 pias
1436 2082 1643 2126 aures,

896 2161 1056 2223 Ecce
1088 2168 1180 2224 tot
1209 2161 1725 2243 prudentissimis
1755 2172 1816 2225 et
1847 2164 2309 2244 expertissimis

815 2258 1083 2323 testibus
1133 2268 1399 2334 constat,
1435 2260 1655 2341 quales
1704 2270 1990 2342 oporteat.
2033 2282 2175 2325 esse
2224 2263 2311 2326 le-

815 2367 1021 2421 ctores
1061 2365 1123 2420 et
1153 2358 1473 2420 auditores
1507 2358 1700 2440 hujus
1735 2359 1905 2435 libri,
1942 2360 2054 2441 qui
2099 2360 2165 2422 in
2206 2382 2311 2424 su-

816 2455 1086 2539 perficie
1116 2454 1590 2519 carnalissimus
1621 2476 1759 2520 esse
1790 2457 2061 2535 videtur,
2098 2461 2209 2522 sed
2241 2461 2307 2523 in

817 2574 969 2617 vera
997 2553 1420 2633 intelligentia
1451 2556 2004 2637 spiritualissimus
2029 2577 2311 2641 compro-

818 2651 1025 2715 batur.
1060 2651 1338 2734 Oportet,
1375 2652 1656 2736 inquam,
1690 2662 1760 2715 ut
1799 2655 1928 2717 sint
1980 2654 2308 2720 reformati

818 2758 1008 2831 atque
1055 2769 1091 2811 a
1139 2751 1542 2813 sensualibus
1598 2751 1941 2816 affectibus
1989 2754 2304 2836 depurati‚

819 2868 900 2913 ne
931 2848 1238 2913 vocabula
1277 2849 1398 2913 ista
1441 2870 1650 2914 rerum
1692 2852 2044 2915 carnalium
2081 2853 2307 2917 adver-

2418 1965 2639 2028 saltem
2682 1963 2747 2024 in
2786 1962 3070 2043 generali
3108 1970 3492 2043 cognoscant
3520 1970 3585 2025 et
3612 1972 3900 2044 pensent,

2418 2064 2635 2127 omnia
2681 2062 2873 2128 verba
2928 2062 3074 2124 libri
3126 2061 3313 2123 istius
3364 2060 3781 2144 spiritualiter
3830 2080 3905 2125 ac

2418 2162 2763 2247 purissime
2815 2180 2954 2223 esse
3014 2160 3430 2240 intelligenda
3486 2177 3500 2221 :
3552 2160 3772 2242 sicque
3826 2161 3903 2223 ad

2420 2260 2786 2325 memoriam
2818 2259 2951 2335 Dei,
2986 2261 3065 2322 ad
3094 2259 3667 2323 considerationem
3703 2258 3907 2322 Domi-

2420 2362 2484 2423 ni
2531 2358 2731 2423 nostri
2768 2358 2914 2421 Jesu
2954 2357 3210 2435 Christi,
3244 2377 3317 2420 ac
3348 2376 3479 2420 suae
3515 2357 3811 2421 Ecclesiae
3840 2366 3905 2420 et

2417 2458 2697 2539 Virginis
2726 2457 3039 2537 gloriosas,
3062 2457 3391 2537 mutuique
3420 2474 3639 2519 eorum
3670 2456 3903 2519 amoris

2418 2556 2848 2632 mundissimi,
2874 2556 3123 2619 elevent
3160 2556 3351 2619 corda
3380 2574 3514 2633 sua,
3540 2554 3905 2618 meditando

2419 2658 2497 2720 de
2530 2655 2761 2719 talibus
2791 2654 3015 2717 saltem
3048 2654 3112 2716 in
3144 2654 3417 2735 quodam
3448 2653 3907 2727 communi,at-

2420 2775 2544 2838 que
2586 2755 2666 2818 ab
2699 2754 2873 2817 omni
2907 2753 3225 2817 indecenti
3269 2752 3720 2835 imaginatione
3758 2770 3905 2816 mox

2422 2853 2793 2917 abstrahant
2836 2872 2923 2915 se.

1945 3275 2594 3361 ARTICULUS
2668 3277 2807 3361 III

1137 3545 1450 3594 ExP0s1‘r10
1493 3546 1766 3595 CAPt'ruu
1813 3548 1981 3595 Pit-n
2025 3550 2040 3593 :
2086 3548 2429 3595 oscmm'un
2468 3550 2551 3594 ΜΕ
2592 3548 2815 3596 ochLo
2858 3550 2995 3597 oms
3038 3551 3176 3614 8013
3221 3552 3299 3597 DE
3342 3551 3593 3599 cums‘ro

1952 3648 2027 3693 ΕΤ
2070 3647 2430 3694 UNIVERSALI
2472 3647 2778 3695 ECCLESIA.

977 3928 1412 3992 ULTlFARIE
1477 3928 1826 4010 multisque
1881 3928 2086 3992 modis
2143 3929 2309 3992 Deus
2344 3927 2387 3989 C
2422 3936 2592 4005 runt,
2627 3947 2817 4010 quam
2850 3928 3163 3992 aestimare
3196 3928 3503 3994 valemus,
3526 3928 3811 4011 Denique
3840 3928 3907 3992 in

990 4028 1189 4102 Pater,
1220 4028 1647 4109 omnipotenS,
1682 4036 1975 4105 aeternuS,
2008 4027 2089 4090 ab
2131 4047 2312 4091 exor-

819 4126 926 4189 dio
973 4126 1197 4189 mundi
1238 4145 1353 4208 per
1390 4125 1584 4189 verba
1622 4134 1684 4189 et
1723 4126 1924 4206 signa,
1958 4146 2072 4209 per
2117 4126 2308 4190 visio·

818 4243 951 4301 neS‚
1007 4223 1268 4304 figuraS,
1327 4224 1605 4302 oracula,
1663 4225 2060 4305 unigenitum
2119 4246 2307 4288 suum

812 4322 1042 4385 Filium
1092 4322 1384 4405 praedixit
1434 4322 1918 4401 incarnandum,
1953 4344 2027 4386 ac
2076 4324 2307 4387 libera-

815 4429 1028 4483 turum
1066 4439 1266 4501 genus
1305 4422 1680 4485 humanum.
1707 4424 1782 4485 Et
1822 4423 1943 4485 boc
1984 4423 2195 4506 ipsum
2238 4424 2303 4485 in

813 4519 953 4599 lege
1003 4528 1244 4583 naturae
1290 4520 1373 4582 ab
1422 4521 1620 4583 Adam
1681 4540 1880 4604 usque
1929 4523 2004 4583 ad
2051 4520 2303 4604 Moysen

814 4626 878 4680 et
917 4618 1074 4697 legis
1113 4619 1364 4701 scriptae
1403 4618 1831 4695 collationem,
1870 4629 2304 4699 cognoverunt

815 4716 1122 4799 praecipui
1161 4718 1537 4781 Patriarchae
1565 4726 1627 4781 et
1663 4718 1866 4782 sancti
1898 4718 2043 4795 viri,
2079 4719 2299 4797 Adam,

815 4814 986 4891 Seth,
1022 4816 1261 4893 Enoch,
1311 4815 1460 4891 Noe,
1511 4816 1677 4895 Sem,
1716 4816 2055 4891 Abraham,
2107 4817 2299 4892 Isaac,

815 4913 1028 4990 Jacob,
1063 4914 1378 4995 multique
1417 4913 1529 4976 alii
1566 4914 1857 4978 homines
1900 4914 2193 4993 virtuosi,
2228 4934 2303 4978 ex

815 5012 1200 5075 revelatione
1223 5012 1443 5077 divina
1471 5021 1581 5075 aut
1604 5022 1853 5094 patrum
1887 5031 2139 5077 suorum
2166 5032 2304 5075 nar-

2421 4035 2638 4089 monte
2678 4026 2854 4089 Sinai
2898 4026 3177 4089 revelata
3220 4035 3367 4088 sunt
3404 4028 3677 4109 desuper
3714 4026 3904 4111 Moysi

2421 4126 2721 4207 mysteria
2748 4125 3003 4200 Christi,
3038 4132 3102 4189 et
3129 4125 3403 4207 qualiter
3434 4126 3513 4189 de
3538 4125 3787 4191 Christo
3816 4126 3907 4189 fa-

2422 4234 2521 4288 cta
2557 4223 2680 4286 fuit
2719 4224 3057 4307 promissio
3101 4224 3233 4298 illa,
3273 4224 3338 4285 ln
3370 4223 3612 4287 semine
3650 4232 3760 4288 tuo
3798 4226 3906 4289 be—

2420 4324 2791 4386 nedicentur
2820 4342 3041 4385 omnes
3069 4332 3310 4404 genteS,
3328 4340 3455 4386 non
3486 4322 3691 4385 solum
3710 4323 3905 4386 Abra-

2420 4422 2537 4499 hae,
2591 4423 2700 4485 sed
2754 4422 2945 4484 etiam
3010 4422 3179 4484 lsaac
3226 4430 3289 4483 et
3333 4420 3547 4499 Jacob,
3602 4430 3790 4503 prout
3838 4422 3902 4484 in

2414 4520 2641 4584 Genesi
2671 4521 2909 4603 Moyses
2948 4521 3086 4602 ipse
3115 4520 3474 4603 descripsit.
3508 4520 3727 4583 Postea
3754 4539 3903 4585 vero

2416 4619 2535 4681 sub
2570 4619 2709 4700 lege
2751 4638 2866 4701 per
2914 4618 3132 4695 David,
3179 4618 3604 4695 Salomonem,
3652 4618 3897 4697 isaiam,

2414 4717 2703 4799 aliosque
2739 4715 3081 4800 Prophetas
3124 4716 3545 4800 praenuntiata
3578 4724 3641 4779 et
3667 4717 3903 4780 descri-

2414 4824 2523 4899 pta
2552 4825 2698 4878 sunt
2736 4815 3037 4897 mysteria
3078 4814 3423 4878 Salvatoris
3462 4814 3664 4878 multo
3702 4813 3902 4877 dissu-

2416 4913 2569 4991 siuS,
2622 4932 2813 4995 quam
2864 4913 2984 4976 sub
3043 4913 3181 4994 lege
3238 4921 3479 4977 naturae
3528 4931 3543 4977 :
3596 4912 3682 4976 ita
3730 4914 3898 4994 quod

2410 5010 2607 5076 Judaei
2638 5012 2757 5075 sub
2798 5011 2937 5091 lege
2974 5011 3200 5094 Moysis
3241 5011 3667 5074 communiter
3704 5012 3901 5074 credi-

813 5110 1056 5173 ratione
1093 5130 1106 5174 :
1146 5110 1260 5192 qui
1307 5130 1530 5174 omnes
1569 5111 1912 5174 Salvatoris
1955 5112 2297 5175 adventum
2330 5113 2381 5174 D
2412 5111 2642 5173 derunt
2691 5110 3008 5193 explicite,
3053 5110 3440 5174 Salvatorem
3490 5109 3743 5189 generis
3788 5109 3899 5172 hu-

810 5216 872 5270 et
899 5208 1130 5271 Christi
1165 5210 1689 5287 incarnationem,
1709 5210 2193 5292 apparitionem,
2213 5230 2303 5273 re-

810 5307 1366 5389 demptionemque
1403 5309 1626 5371 mundi
1669 5308 1997 5371 ardentius
2041 5317 2297 5391 optave-

2410 5210 2583 5272 mani
2618 5219 2957 5275 venturum
3003 5208 3069 5271 in
3114 5208 3643 5283 mundum.Quod
3696 5217 3895 5271 totum

2406 5316 2655 5374 constat
2684 5328 2761 5373 ex
2788 5326 2887 5386 e0,
2919 5308 3089 5391 quod
3120 5306 3405 5370 Christus
3450 5306 3515 5369 in
3547 5306 3895 5391 Evangelio

3970 4256 4086 4300 Gen.
4108 4271 4199 4305 nn,

3938 4321 4009 4369 28:
4032 4334 4143 4369 τινι,
4163 4322 4199 4371 ⁴;

3932 4394 4083 4433 xxvm,
4108 4386 4169 4425 Η.
