4284 6267
86 1184 168 1227 Job
185 1199 274 1234 zu,
289 1188 366 1227 24.

79 2464 254 2568 ilicum.
267 2479 364 2517 xm,

110 2531 148 2571 Ι.

1000 494 1353 542 RNARnA'rto
1396 496 1459 542 m
1502 496 1639 544 CAP-
1677 498 1740 543 vl
1780 495 2020 545 CANTml
2061 496 2467 545 cAN'rlconmff.
2512 518 2594 528 —
2635 498 2778 545 ΛΒΤ.
2825 499 2933 545 xlx

403 666 606 748 pariS,
644 665 946 731 videlicet
985 668 1535 751 contemplationi,
1577 668 1906 733 dilectioni
1933 668 1984 731 A
2015 668 2175 750 jussi
2208 668 2365 732 filiis
2397 670 2605 748 Israel,
2640 678 2709 732 ut
2740 669 3023 734 facerent
3052 669 3174 733 sibi
3213 667 3503 732 fimbrias
3532 686 3703 791 affuge
3726 698 3794 735 xv.

399 784 481 828 ac
525 765 823 828 laudibus
865 764 998 827 Dei.

515 868 854 927 Terribilis
885 876 958 927 uc
984 874 1343 927 castrorum
1377 869 1544 928 acies
1572 870 1900 929 ordinata.

399 964 454 1029 Ο
486 985 678 1046 quam
712 965 1022 1029 terribilis
1061 973 1158 1028 est
1187 965 1402 1027 anima
1431 966 1735 1040 virtuosa,
1769 986 1907 1029 san-

401 1073 524 1143 cta,
551 1066 1053 1147 contemplativa
1077 1065 1426 1127 immundis
1451 1064 1908 1148 spiritibuseo-

403 1184 681 1247 rumque
710 1165 1013 1247 principi,
1049 1164 1159 1248 qui
1195 1163 1398 1228 factus
1429 1174 1526 1229 est
1555 1173 1627 1227 ut
1657 1165 1905 1228 nullum

405 1265 698 1327 timeret!
745 1265 966 1327 Nonne
1021 1264 1234 1326 anima
1283 1264 1428 1326 talis
1481 1284 1593 1327 sua
1639 1264 1907 1347 prosun-

404 1363 672 1425 dissima
731 1364 1094 1427 humilitate
1144 1363 1452 1427 terribilis
1505 1372 1596 1425 est
1649 1363 1902 1446 spiritui

399 1461 745 1544 superbiae,
789 1470 852 1525 et
897 1462 1098 1526 vincit
1136 1481 1208 1524 ac
1247 1462 1440 1541 agitat
1486 1481 1630 1524 eum
1678 1462 1743 1524 in
1773 1482 1905 1525 om·

401 1580 550 1623 nem
587 1568 871 1637 ventum,
899 1561 1052 1642 quia
1086 1560 1434 1623 fortissime
1463 1562 1520 1623 ei
1554 1560 1806 1637 resistit,
1831 1580 1902 1623 ac

399 1658 571 1741 fugit
603 1659 685 1722 ab
715 1663 829 1721 ea?
861 1659 962 1722 Sic
1010 1678 1268 1742 quoque
1306 1659 1590 1723 caritatis
1634 1678 1764 1721 suae
1800 1679 1900 1720 ar-

396 1760 552 1822 dore
589 1756 898 1833 incendit,
928 1758 1148 1834 vincit,
1180 1756 1378 1839 sugat,
1415 1757 1711 1839 spiritum
1744 1756 1900 1821 invi-

3386 476 3499 542 411

2014 777 2307 850 quatuor,
2360 788 2474 851 per
2516 777 2791 849 quatuor
2832 769 3099 850 angulos
3138 767 3499 851 palliorum,

2013 876 2453 949 ponerentque
2506 867 2569 929 in
2617 869 2711 932 eis
2761 867 2949 931 vittas
3000 867 3444 952 hyacinthinas
3488 885 3502 929 ε

2013 986 2173 1047 quas
2236 985 2435 1047 quum
2481 966 2790 1043 viderent,
2844 968 3327 1031 recordarentur
3373 985 3508 1030 om-

2016 1066 2193 1127 nium
2230 1067 2671 1128 mandatorum
2702 1084 3012 1143 meorum,
3057 1084 3139 1128 ne
3170 1085 3505 1147 sequeren-

2015 1172 2117 1225 tur
2166 1164 2582 1244 cogitationes
2626 1173 2688 1227 et
2732 1164 2948 1227 oculos
2997 1183 3111 1246 per
3158 1182 3259 1226 res
3297 1165 3504 1228 varias

2015 1262 2427 1325 fornicantes.
2464 1263 2528 1325 Si
2563 1280 2711 1341 ergo
2754 1261 2992 1345 populo
3022 1263 3196 1325 durae
3236 1264 3503 1327 cervicis

2009 1370 2253 1424 tantam
2289 1362 2490 1424 indixi
2520 1362 2849 1425 oculorum
2884 1362 3234 1425 custodiam
3264 1380 3277 1423 :
3314 1381 3505 1443 quan-

2011 1468 2073 1521 to
2103 1460 2311 1541 magis
2354 1460 2655 1523 indecens
2700 1469 2796 1523 est
2829 1470 3020 1543 atque
3060 1460 3401 1544 culpabile,
3435 1469 3505 1523 ut

2011 1567 2099 1633 tu,
2133 1577 2281 1639 quae
2320 1578 2553 1639 sponsa
2593 1578 2732 1621 mea
2772 1579 2861 1636 eS,
2898 1579 3010 1641 per
3044 1560 3375 1623 oculorum
3411 1559 3505 1621 in-

2008 1656 2361 1719 custodiam
2414 1676 2516 1719 me
2574 1656 2891 1732 offendaS,
2956 1676 3063 1720 seu
3116 1658 3288 1721 aliud
3345 1658 3502 1740 quid

2010 1756 2303 1818 intendas
2352 1756 2503 1817 dum
2536 1755 2695 1818 mihi
2726 1755 3059 1819 intendere
3097 1757 3331 1819 habes?
3362 1757 3497 1819 Noli

397 1857 520 1921 diae
561 1855 885 1938 infelicis;
922 1856 1015 1920 sic
1052 1866 1116 1919 et
1155 1856 1648 1919 mansuetudine
1685 1875 1760 1918 ac
1795 1876 1898 1937 pa·
1935 1862 1980 1923 B
2009 1874 2157 1935 ergo
2186 1876 2221 1918 a
2254 1875 2356 1918 me
2380 1855 2596 1919 oculos
2626 1856 3028 1920 columbinos
3058 1866 3358 1935 avertere,
3386 1877 3503 1921 nec

396 1955 625 2019 tientia
677 1975 792 2018 sua
849 1955 1148 2037 spiritum
1209 1954 1319 2018 irae
1375 1963 1566 2036 atque
1623 1955 1898 2017 tristitiae

395 2054 592 2118 vertit
641 2054 708 2116 in
764 2053 1004 2134 fugam.
1047 2054 1126 2115 Et
1170 2052 1473 2129 breviter,
1520 2072 1646 2134 quo
1685 2053 1897 2116 anima

397 2174 466 2217 se
501 2154 708 2235 ipsam
740 2153 885 2235 plus
918 2151 1178 2232 frangit,
1212 2169 1341 2232 quo
1381 2151 1546 2213 inter
1575 2151 1896 2233 proximos

397 2261 458 2315 et
494 2253 722 2316 fratres
756 2250 1067 2314 humilius
1097 2259 1160 2313 et
1189 2250 1612 2332 exemplarius
1644 2270 1899 2315 conver-

396 2361 596 2429 satur,
651 2370 780 2433 quo
838 2348 978 2432 paci
1037 2357 1100 2412 et
1157 2349 1511 2413 concordiae
1573 2349 1895 2413 fraternali

397 2449 774 2529 diligentius
806 2450 1038 2525 stude-t,
1066 2457 1359 2527 satagens
1387 2447 1639 2511 auferre
1668 2449 1746 2510 de
1777 2467 1898 2512 me-

395 2549 504 2612 dio
536 2548 755 2611 omnia
801 2546 1120 2624 scandala,
1157 2566 1284 2628 quo
1322 2546 1778 2610 tentationibus
1811 2548 1897 2611 vi-

396 2646 584 2709 rilius
625 2647 996 2723 reluctatur,
1029 2664 1158 2728 quo
1188 2664 1377 2709 omne
1408 2664 1569 2728 opus
1600 2645 1708 2708 Dei
1745 2665 1895 2727 quo-

395 2746 554 2809 tidie
600 2765 743 2810 cum
807 2744 1140 2825 diligentia
1191 2744 1416 2827 implet
1465 2744 1714 2826 majori,
1764 2762 1894 2826 quo

394 2845 704 2908 custodiae
747 2846 956 2908 cordis
1005 2853 1068 2908 et
1114 2843 1369 2906 assiduo
1419 2842 1703 2907 interiori
1749 2863 1894 2926 pro-

395 2942 597 3005 fectui
628 2942 1075 3006 incessabilius
1106 2942 1299 3005 instat
1323 2942 1777 3023 ardentiusque
1803 2943 1893 3004 in-

2009 1975 2175 2019 vana
2202 1964 2263 2019 et
2294 1955 2447 2019 vilia
2478 1955 2735 2033 intueri,
2769 1976 2911 2038 quae
2941 1957 3175 2039 jugiter
3205 1957 3399 2020 habes
3430 1977 3503 2021 ac

2009 2055 2239 2118 merito
2268 2054 2461 2117 debes
2492 2055 2570 2117 ad
2606 2074 2707 2117 me
2738 2055 2954 2119 oculos
2988 2056 3076 2118 tui
3110 2056 3319 2119 cordis
3350 2056 3505 2119 diri-

2008 2173 2177 2236 gere.
2216 2154 2435 2217 Nonne
2474 2154 2895 2217 incustoditus
2940 2156 3187 2231 oculuS,
3231 2153 3505 2218 incusto-

2007 2252 2125 2315 diti
2156 2252 2365 2316 cordis
2397 2261 2489 2315 est
2524 2252 2815 2333 signum?
2846 2253 2988 2316 Ideo
3022 2254 3191 2316 oculi
3224 2253 3505 2316 incusto-

2005 2352 2123 2415 diti
2173 2370 2275 2414 me
2326 2350 2574 2413 faciunt
2619 2350 2896 2429 avolare,
2944 2352 3003 2414 id
3056 2360 3151 2414 est
3204 2371 3241 2414 a
3288 2360 3501 2415 mente

2008 2452 2324 2513 recedere.

2089 2551 2332 2627 Capilli
2381 2550 2481 2609 tui
2524 2550 2694 2609 sicut
2733 2568 2899 2625 qreoe
2946 2570 3325 2627 caprarum,
3373 2558 3495 2613 etc.

2003 2647 2173 2709 Istud
2219 2665 2411 2728 supra
2454 2645 2810 2728 expositum
2856 2654 2971 2709 est.

2085 2746 2447 2822 Seoeaqinta
2465 2754 2619 2805 sunt
2650 2747 2907 2822 reqinoe.
2926 2755 2984 2804 et
3012 2748 3333 2822 octoqinta
3361 2768 3501 2808 con-

1999 2846 2277 2915 cubinoe,
2306 2854 2365 2904 et
2408 2847 3034 2905 adolescentularum
3072 2865 3203 2905 non
3244 2854 3335 2904 est
3378 2868 3500 2908 nu-

2001 2964 2237 3005 merus
2272 2942 2386 3005 Per
2430 2940 2821 3005 concubinas
2867 2942 2932 3003 in
2978 2941 3323 3024 Scripturis
3376 2944 3499 3007 fre-

393 3040 654 3121 vigilatg
691 3060 766 3105 eo
799 3041 1101 3104 omnibus
1131 3040 1513 3103 adversariis
1553 3059 1682 3103 suae
1725 3041 1892 3103 salu·
1928 3048 1972 3111 C
2000 3050 2272 3123 quenter
2320 3040 2767 3120 intelliguntur
2822 3059 3046 3103 uxores
3106 3043 3497 3107 secundariae

393 3139 476 3202 tis
509 3138 860 3203 terribilior
890 3138 1358 3221 comprobatur.
1384 3139 1500 3213 Qui
1532 3158 1682 3219 ergo
1713 3140 1892 3221 cupit
2001 3159 2073 3203 ac
2105 3140 2317 3201 minus
2350 3139 2757 3222 principaleS‚
2791 3148 2855 3201 et
2892 3148 3103 3202 tamen
3141 3139 3442 3221 legitimae
3478 3160 3491 3204 ε

391 3238 795 3301 daemonibus
865 3239 1232 3321 praevalere,
1296 3247 1470 3301 tanto
1538 3236 1890 3302 ferventius
2000 3240 2167 3300 sieut
2198 3238 2266 3299 in
2296 3237 2522 3300 Genesi
2558 3238 2788 3319 legitur
2816 3237 3132 3300 Abraham
3169 3238 3322 3301 siliis
3352 3260 3498 3304 con·
3552 3277 3661 3320 Gen,
3684 3289 3785 3326 m,

390 3336 696 3400 virtuosis
739 3337 992 3399 insistat
1035 3338 1358 3420 operibuS,
1395 3345 1634 3418 quanto
1681 3338 1890 3401 acrius
2000 3337 2379 3400 cubinarum
2422 3355 2687 3399 munera
2728 3336 3112 3417 contulisse3
3151 3346 3215 3401 et
3248 3348 3495 3403 constat
3524 3342 3563 3383 ⁶·

390 3436 472 3499 ab
519 3435 652 3499 illis
703 3444 980 3499 tentatur
1030 3456 1044 3501 :
1089 3437 1523 3519 correptiones
1571 3444 1635 3499 et
1688 3455 1892 3501 corre-
1998 3436 2172 3518 quod
2212 3444 2392 3497 erant
2437 3436 2575 3517 ejus
2616 3454 2841 3498 uxores
2878 3435 3199 3516 legitimae.
3234 3436 3334 3499 Sic
3364 3438 3496 3501 Zel-

390 3536 636 3599 ctiones
666 3553 813 3599 cum
845 3536 1018 3598 omni
1071 3535 1520 3616 regratiatione
1549 3535 1886 3618 suscipiat3
1999 3534 2128 3616 pha
2170 3544 2232 3597 et
2263 3534 2408 3597 Bala
2450 3534 2512 3596 in
2556 3532 2779 3596 Genesi
2827 3533 3145 3597 interdum
3186 3545 3495 3598 vocantur
3554 3562 3786 3611 mmm,

389 3654 458 3697 se
489 3636 702 3717 ipsum
737 3635 803 3696 in
835 3635 1083 3698 cunctis
1121 3635 1458 3697 humiliare
1490 3655 1562 3697 ac
1597 3634 1890 3715 frangere
1998 3634 2374 3697 concubinae
2400 3632 2613 3709 Jacob,
2634 3633 3016 3714 quandoque
3049 3652 3297 3696 uxores,
3318 3634 3403 3695 lta
3432 3644 3496 3698 et
3523 3628 3785 3730 {4²⁶³xffl·

85 4441 209 4485 laid.
225 4444 352 4494 v‚29;

71 4517 186 4557 xvui,
204 4508 247 4549 9.

85 4928 328 4973 &celan
337 4962 349 4979 ‚

83 5226 266 5269 Coton.
285 5240 346 5277 ιιι,
376 5211 582 5275 stolus
630 5229 644 5273 :

388 3733 700 3811 enitatur3
736 3731 957 3814 sieque
987 3732 1452 3814 Omnipotentis
1487 3734 1886 3815 praesentiam

387 3832 608 3895 omnia
657 3831 1010 3894 intuentem
1071 3831 1412 3913 vigilanter
1464 3833 1884 3913 perpendenS,

389 3932 642 3994 studeat
691 3931 816 3993 Deo
864 3949 1006 3993 cum
1058 3931 1355 4013 ampliori
1409 3929 1769 3994 sinceritate
1816 3950 1888 3993 ac

387 4029 725 4110 diligentia
763 4028 1050 4110 quotidie
1098 4028 1442 4092 deservire.

467 4132 703 4191 Averte
730 4132 941 4189 oculos
978 4138 1138 4200 tuo-3,
1175 4128 1237 4189 id
1269 4137 1368 4191 est
1397 4129 1729 4192 oculorum
1761 4136 1890 4193 tuo-

1998 3752 2171 3796 nunc
2212 3752 2329 3816 per
2358 3730 2747 3795 concubinas
2788 3730 3232 3810 intelliguntur
3264 3732 3494 3798 animae

1997 3834 2299 3897 virtuosae
2340 3829 2649 3895 veraciter
2690 3829 2923 3892 Christi
2968 3849 3237 3911 sponsae,
3271 3850 3497 3912 quam-

1997 3932 2097 3994 vis
2132 3932 2339 3995 adhuc
2378 3928 2789 4013 imperfectae.
2827 3928 3148 4006 Praeterea‚
3185 3949 3299 4012 per
3334 3932 3497 4012 regi-

1999 4050 2112 4093 nas
2164 4038 2435 4113 possunt
2482 4026 2749 4107 intelligi
2797 4028 3026 4091 animae
3068 4048 3209 4109 quae
3260 4029 3323 4092 in
3372 4031 3495 4093 vir-

1999 4130 2243 4191 tutibus
2301 4126 2675 4209 theologicis
2726 4126 2927 4205 magis
2971 4126 3331 4207 abundant3
3380 4147 3495 4212 per

385 4246 528 4289 rum
557 4225 852 4300 abusum,
879 4226 1312 4305 evagationem
1340 4236 1400 4290 et.
1431 4227 1883 4305 curiositatem,
1920 4239 1969 4300 D
1997 4228 2411 4303 concubinas,
2457 4244 2601 4307 quae
2645 4225 2708 4286 in
2756 4224 3098 4287 virtutibus
3142 4226 3495 4291 intellectu-

384 4346 424 4385 a
449 4324 764 4387 me.Juxta
791 4344 982 4407 quem
1009 4344 1266 4387 sensum
1297 4326 1361 4388 in
1393 4325 1738 4407 Evangelio
1761 4327 1890 4407 jus-

383 4424 462 4501 si,
490 4422 551 4485 Si
585 4423 808 4486 oculus
841 4432 988 4486 tuus
1021 4424 1402 4488 scandalizat
1432 4432 1513 4496 te,
1535 4443 1684 4487 erue
1713 4444 1883 4503 eum,

383 4529 448 4584 et
491 4522 735 4604 projice
783 4523 900 4585 abs
940 4530 1023 4585 te.
1060 4522 1161 4585 Sic
1211 4541 1359 4603 ergo
1406 4532 1620 4587 averte
1667 4524 1885 4587 oeulos

383 4629 528 4684 tuos
559 4640 596 4683 a
627 4640 749 4697 mc,
778 4640 857 4683 ne
891 4620 957 4682 in
985 4640 1126 4683 mea
1151 4622 1490 4703 praesentia
1517 4640 1739 4704 pecces
1773 4642 1886 4705 per

383 4720 847 4801 evagationem,
880 4718 1338 4795 curiositatem,
1373 4720 1640 4782 abusum
1679 4721 1887 4784 oculo-

381 4835 526 4879 rum
576 4824 828 4879 tuorum
883 4816 1258 4880 interiorum
1315 4826 1423 4879 aut
1471 4817 1878 4881 exteriorum.

381 4914 485 4977 Sic
526 4914 697 4977 enim
738 4934 854 4998 per
887 4914 1282 4978 Ezechielem
1327 4916 1595 4998 praecepi
1633 4936 1648 4980 ε
1683 4916 1884 4978 Unus-

380 5014 656 5094 quisque
684 5011 1085 5077 oi'fensiones
1126 5013 1456 5076 oculorum
1491 5033 1749 5076 suorum
1779 5013 1884 5076 ab·

376 5112 582 5194 jiciat.
623 5112 806 5175 Juxta
852 5130 1044 5193 quem
1086 5130 1343 5173 sensum
1393 5112 1676 5175 hortatur
1717 5113 1882 5195 Apo-

695 5210 1071 5275 Mortil'icate
1130 5211 1416 5272 membra
1475 5218 1682 5275 vestra
1735 5231 1878 5293 quae

375 5318 529 5373 sunt
583 5328 775 5393 super
826 5319 1077 5372 terram.
1114 5309 1420 5372 Praeterea
1468 5328 1579 5391 per
1625 5310 1875 5393 Moysen

1996 4328 2205 4390 alibus
2250 4324 2525 4407 amplius
2570 4322 2854 4405 fulgent;
2909 4342 3019 4405 per
3060 4324 3496 4389 adolescentu-

1999 4426 2090 4488 las
2129 4435 2363 4498 autem,
2406 4424 2637 4486 animae
2676 4421 2802 4485 illae
2844 4442 2987 4503 quae
3033 4422 3096 4484 in
3145 4424 3492 4488 moralibus

1998 4523 2139 4605 plus
2171 4522 2498 4584 abundant
2527 4518 2884 4583 virtutibus,
2900 4520 3031 4595 Vel,
3056 4522 3289 4601 reginae
3320 4530 3487 4598 sunt,

1996 4640 2136 4703 quae
2169 4619 2369 4700 magis
2398 4620 2623 4682 ardent
2656 4618 2720 4680 in
2753 4617 3015 4680 caritate
3042 4636 3058 4697 3
3091 4618 3487 4695 concubinae,

1995 4738 2136 4802 quae
2184 4717 2459 4799 amplius
2507 4717 2747 4780 micant
2798 4716 2865 4779 in
2906 4736 3040 4798 spe,
3090 4716 3490 4798 adspirantes

1991 4818 2247 4880 assidue
2291 4816 2371 4878 ad
2416 4815 2735 4878 sincerum
2770 4823 2835 4878 et
2876 4814 3227 4896 perfectum
3270 4816 3488 4896 sponsi

1991 4915 2392 4997 amplexum3
2436 4913 2920 4976 adolescentulae
2962 4920 3197 4989 autem,
3234 4931 3375 4994 quae
3412 4912 3491 4975 fi-

1992 5016 2070 5078 de
2113 5013 2521 5096 resplendent
2558 5029 2571 5073 ε
2609 5011 2763 5087 side,
2800 5011 3083 5092 inquam,
3122 5010 3395 5074 formata
3424 5021 3488 5075 et

1991 5130 2277 5196 operosa,
2314 5129 2439 5173 non
2484 5110 2745 5173 informi
2790 5118 2853 5172 et
2892 5118 3161 5172 mortua.

2101 5214 2237 5273 Una
2287 5220 2377 5270 esc
2424 5210 2715 5269 columba
2768 5228 2931 5278 mea,
2975 5209 3262 5287 perfecta
3320 5228 3480 5270 mea.

1984 5308 2284 5385 Quamvis
2314 5305 2595 5390 praefatae
2626 5306 2895 5371 virtutes
2933 5306 3229 5369 dicantur
3260 5324 3485 5370 conca·-
