4284 6267
585 3455 722 3501 Ρνου.
741 3470 809 3499 xiv

561 3522 629 3563 81.

852 485 968 551 114

1489 503 1840 554 ENARRATIO
1882 505 1947 552 IN
1986 503 2127 553 cAP.
2173 504 2302 551 xvn
2344 505 2828 553 Pnovunmonmt.
2875 527 2956 538 —
2991 505 3130 553 ΛΒΤ.
3177 505 3306 554 xvn

848 675 1042 757 igitur
1071 676 1138 739 in
1169 677 1474 754 adversiS,
1499 677 1751 758 signum
1782 686 1879 741 est
1910 696 2075 742 verae
2106 677 2345 742 virtuo-
2371 678 2422 739 A
2451 677 2899 742 contritionem
2931 686 2993 741 et
3030 677 3534 760 poenitentialem
3566 674 3948 740 satisfactio-

849 772 1102 836 sitatis:
1146 775 1299 856 quia
1342 776 1495 838 dum
1544 776 1735 838 homo
1785 775 1937 838 ficte
1985 776 2221 852 bonuS,
2275 775 2341 836 in

849 872 1101 936 camino
1146 874 1547 936 adversitatis
1591 874 1912 951 statuitur,
1948 893 2094 937 mox
2144 873 2344 935 instar

850 970 1033 1032 malae
1060 971 1203 1034 ollae
1226 991 1340 1053 per
1368 972 1831 1054 impatientiam
1865 980 2101 1053 crepat,
2137 979 2201 1034 et
2231 990 2344 1053 per

850 1068 1043 1131 verba
1086 1088 1159 1132 ac
1202 1070 1381 1149 signa
1428 1070 1843 1153 impatientiae
1885 1070 2119 1133 exsilit..
2165 1070 2344 1132 Unde

744 1185 770 1228 ·.
852 1168 1159 1250 scriptum
1203 1178 1298 1232 est
1334 1170 1544 1233 :Vasa
1590 1169 1772 1252 figuli
1816 1169 2045 1252 probat
2090 1167 2338 1243 fornax,

850 1275 913 1330 et
959 1267 1250 1331 homines
1308 1268 1513 1348 justos
1571 1269 1835 1332 tentatio
1882 1268 2340 1331 tribulationis,

849 1366 1009 1430 Hinc
1055 1366 1339 1448 loquitur
1385 1368 1775 1448 Augustinus
1825 1386 1839 1430 ε
1885 1366 2200 1431 Perfacile
2249 1376 2344 1432 est

848 1473 1087 1528 vestem
1132 1474 1561 1548 contemptam
1604 1476 1877 1548 portare,
1916 1466 2125 1549 capite
2170 1465 2346 1529 incli-

850 1572 996 1625 nato
1029 1563 1342 1639 incedere,
1373 1564 1587 1627 velum
1628 1584 1820 1647 super
1861 1565 2078 1628 oculos
2118 1564 2346 1627 demit-

849 1668 1011 1742 tere3
1044 1663 1151 1724 sed
1194 1682 1341 1726 vere
1379 1664 1734 1728 virtuosum
1774 1683 1847 1727 ac
1880 1663 2206 1726 humilem
2238 1682 2341 1745 pa-

849 1759 1071 1822 tientia
1112 1771 1444 1825 monstrat.
1486 1761 1967 1844 Concordatque
2017 1780 2162 1826 cum
2215 1760 2338 1836 his,

2454 795 2598 838 nem
2651 777 2874 858 puniet
2924 777 3360 860 semetipsum,
3413 784 3523 838 aut
3571 775 3701 838 alio
3751 775 3945 838 modo

2451 875 2732 938 debitam
2782 876 2942 940 16161
2993 895 3270 959 poenam.
3317 874 3477 938 Hinc
3529 882 3780 937 sanctus
3824 873 3944 936 Job

2451 974 2587 1036 ait:
2636 973 2696 1037 Si
2737 975 2994 1055 gavisus
3040 994 3178 1038 sum
3225 976 3303 1037 ad
3350 974 3594 1036 ruinam
3643 973 3779 1054 ejus
3827 971 3940 1052 qui
4025 998 4111 1043 ,ιώ
4131 1011 4236 1045 ,,,,,

2453 1074 2671 1136 oderat
2719 1092 2842 1151 me,
2898 1083 2961 1136 et
3007 1073 3316 1142 exsultavi
3374 1073 3546 1154 quod
3591 1071 3944 1134 invenisset
3975 1065 4048 1104 2⁹·

2453 1191 2596 1234 eum
2650 1172 2912 1235 malum.
2963 1173 3038 1234 Et
3092 1172 3378 1235 Michaeas
3425 1171 3738 1254 propheta
3785 1169 3872 1231 ait
3923 1186 3938 1230 :

2453 1269 2540 1333 Ne
2579 1270 2832 1348 laeteriS,
2876 1270 3140 1333 inimica
3179 1271 3341 1342 mea,
3386 1288 3578 1351 super
3620 1287 3743 1345 me,
3788 1269 3944 1348 quia
4013 1287 4236 1330 meam

2452 1368 2675 1432 cecidi.
2728 1369 2944 1451 ltaque
2997 1368 3362 1432 labentibus
3418 1377 3482 1430 61
3528 1365 3944 1449 peccantibus
3973 1352 4016 1392 ⁸·

2453 1469 2905 1531 condoleamus
2935 1487 3011 1530 ex
3041 1468 3252 1543 corde,
3287 1475 3351 1530 et
3379 1485 3633 1530 oremus
3666 1483 3780 1548 pro
3817 1465 3936 1542 eis,

2453 1565 2736 1630 dicentes
2773 1584 2786 1628 :
2836 1566 2946 1628 llle
2986 1565 3199 1642 hodie,
3243 1573 3307 1628 et
3343 1582 3459 1645 ego
3498 1583 3658 1627 6165.

2536 1663 2780 1721 Corona
2826 1679 3079 1730 senum,
3125 1661 3261 1736 filii
3305 1661 3599 1737 filiorum
3641 1679 3663 1717 .·
3707 1657 3769 1719 id
3818 1666 3938 1735 est,
4093 1669 4130 1720 6

2455 1759 2620 1822 bona
2666 1758 3002 1840 posteritas
3046 1765 3140 1820 est
3185 1756 3461 1837 dignitas
3505 1765 3569 1819 61
3605 1755 3944 1818 exsultatio

849 1859 1017 1939 quod
1048 1859 1285 1923 Seneca
1316 1861 1381 1922 in
1414 1860 1545 1922 suis
1576 1860 1732 1923 dicit
1760 1860 2119 1924 Proverbiis
2142 1860 2342 1940 :Ignis
2381 1861 2427 1921 Β
2455 1857 2933 1938 progenitorum
2991 1873 3274 1931 suorum,
3331 1855 3680 1938 praesertim
3739 1854 3944 1936 justo-

848 1975 1074 2018 aurum
1113 1958 1359 2040 probat,
1402 1959 1658 2022 miseria
1694 1958 1789 2040 (id
1830 1968 1925 2022 est
1964 1958 2345 2038 adversitas)

851 2073 1081 2136 magna
1110 2055 1307 2119 fortes
1339 2057 1534 2120 viroS.

932 2157 1151 2216 Malus
1192 2157 1402 2216 obedit
1448 2159 1691 2233 Zinyuce
1724 2158 1997 2236 iniquae,
2043 2156 2108 2217 id
2150 2164 2246 2219 est
2283 2154 2342 2217 ei

851 2252 963 2333 qui
993 2253 1174 2333 jubet
1201 2252 1427 2316 illicita
1456 2262 1520 2316 et
1556 2254 1799 2335 iniqua,
1834 2263 1899 2316 et
1927 2273 2070 2335 quae
2104 2252 2225 2317 scit
2256 2261 2345 2316 ta-

845 2348 933 2411 lia
963 2369 1101 2413 esse
1125 2369 1141 2414 ε
1164 2351 1334 2432 quod
1364 2351 1602 2414 malum
1633 2361 1749 2415 est.
1784 2353 1851 2414 ln
1882 2351 2075 2414 licitis
2105 2351 2343 2414 etenim

843 2454 908 2510 et
950 2448 1232 2512 honestis
1278 2458 1524 2513 tantum
1574 2458 1670 2513 est
1712 2450 2164 2514 obediendum.
2221 2450 2340 2513 Sed

843 2545 1028 2628 impii
1066 2548 1233 2610 servi
1274 2567 1347 2611 ac
1388 2548 1627 2611 subditi
1667 2549 1856 2612 eitius
1898 2550 2342 2630 obtemperant

842 2645 1157 2726 superiori
1207 2665 1322 2709 suo
1372 2647 1435 2708 in
1487 2647 1683 2724 vitiis,
1733 2666 1925 2728 quam
1976 2647 2042 2709 in
2091 2647 2342 2710 actibus

844 2742 1169 2807 virtuosis.
1202 2747 1288 2806 Et
1305 2747 1527 2822 fallam
1545 2749 1931 2824 obtemperat
1957 2747 2151 2806 labiis
2171 2765 2344 2806 men·

842 2843 1125 2903 dacibus.
1143 2842 1245 2906 Sic
1267 2843 1459 2924 judex
1486 2843 1746 2924 iniquus
1775 2843 2165 2906 audientiam
2195 2863 2344 2926 prae-

843 2938 951 3002 bet
991 2941 1256 3003 testibus
1298 2941 1477 3004 falsis
1517 2960 1590 3005 66
1634 2941 2081 3021 fraudulentis,
2121 2947 2228 3021 [et]
2272 2951 2343 3004 ut.

2455 1974 2617 2016 rum.
2653 1954 2755 2017 Sic
2788 1955 3075 2037 Apostoli
3109 1954 3261 2018 sacti
3303 1962 3454 2016 sunt
3479 1972 3712 2016 corona
3750 1951 3946 2014 Patri-

2453 2053 2788 2115 archarum
2826 2071 2900 2116 ac
2929 2053 3406 2136 Prophetarum,
3443 2072 3520 2116 ex
3558 2051 3792 2134 quibus
3829 2051 3946 2113 du-

2454 2159 2680 2214 xerunt
2707 2151 3365 2232 originem.Similiter
3396 2150 3758 2233 spirituales
3789 2148 3939 2224 filii,

2454 2258 2680 2331 utputa
2726 2251 3076 2314 imitatores
3124 2249 3351 2313 fideles
3411 2249 3813 2332 praelatorum
3879 2256 3946 2310 et

2454 2347 2890 2412 institutorum
2941 2367 3198 2411 suorum
3234 2348 3674 2429 religiosorum
3717 2365 3790 2410 ac
3840 2347 3946 2409 de-

2453 2455 2768 2524 votorum,
2812 2456 2966 2509 sunt
3012 2466 3246 2511 corona
3294 2447 3601 2528 ipsorum,
3636 2445 3941 2527 quoniam

2453 2553 2662 2626 patres
2697 2545 2852 2607 tales
2887 2553 3035 2606 sunt
3067 2544 3430 2628 principes*
3463 2543 3836 2607 meritorum
3868 2562 3942 2605 ac
3985 2569 4240 2623 ωιεωμικ

2453 2644 2857 2726 praemiorum
2918 2662 3178 2706 suorum
3237 2643 3628 2725 sequacium.
3680 2633 3942 2724 Propter
3969 2632 4132 2686 ‘⁵⁶5¹'oe

2450 2742 2622 2823 quod
2652 2742 2720 2803 in
2752 2742 2958 2823 prima
2987 2742 3067 2804 ad
3087 2741 3684 2806 Thessalonicenses
3713 2740 3943 2822 episto-

2451 2841 2511 2902 la
2550 2839 2773 2903 scribit
2818 2839 3156 2923 Apostolus
3194 2858 3208 2903 :
3240 2839 3388 2914 Quae
3435 2849 3530 2903 est
3574 2839 3746 2902 enim
3795 2857 3941 2920 spes
3990 2864 4234 2914 mmm.

2451 2947 2688 3014 nostra,
2729 2947 2840 3000 aut
2884 2939 3212 3019 gaudium,
3245 2947 3354 3001 aut
3395 2957 3631 3002 corona
3667 2937 3886 3018 gloriae
3915 2939 3938 2997 2
3973 2930 4039 2970 ¹⁹·

846 3056 1025 3099 suam
1057 3047 1311 3103 excuset
1349 3049 1414 3103 et
1451 3040 1690 3104 coloret
1719 3041 2109 3123 :nequitiam,
2152 3040 2342 3121 fingit
2376 3043 2419 3105 C
2451 3037 2671 3100 Nonne
2705 3040 2860 3099 vos?
2909 3039 2994 3098 Et
3020 3040 3236 3114 yloria
3263 3039 3583 3115 fitiorum,
3605 3047 3825 3114 patres
3851 3055 3942 3096 eo-

849 3153 918 3198 56
960 3145 1219 3219 propter
1256 3138 1526 3201 aliorum
1557 3138 1727 3202 dicta
1765 3139 1856 3202 sic
1899 3157 2107 3220 agere,
2142 3158 2340 3220 quum

850 3241 1063 3298 tamen
1092 3236 1253 3299 sciat
1282 3255 1389 3300 eos
1422 3236 1581 3300 false
1614 3237 1878 3300 1066105.

840 3375 849 3381 -
924 3334 1052 3402 Qui
1068 3337 1339 3412 despicit
1355 3355 1729 3412 pauperem,
1743 3338 2083 3413 eaeprobrat
2102 3337 2344 3413 factori

810 3490 821 3509 ,
852 3433 1013 3509 ejus.
1057 3432 1185 3496 Hoc
1222 3452 1413 3515 supra
1456 3433 1813 3516 expositum
1854 3443 1972 3496 est.
2007 3437 2240 3514 Ecqui
2269 3437 2342 3494 in

852 3533 1056 3591 ruina
1098 3534 1357 3592 loetatur
1390 3534 1684 3604 alteriue,
1716 3552 1847 3594 non
1886 3535 2011 3593 erit
2052 3535 2343 3611 impuni-

855 3638 976 3690 tuS.
1021 3629 1354 3711 Nunquam
1402 3629 1550 3693 licet
1594 3630 1853 3710 gloriari
1897 3631 1975 3693 (16
2025 3631 2344 3712 proximo-

851 3745 991 3789 rum
1042 3726 1226 3788 ruina
1271 3727 1337 3788 in
1388 3727 1665 3810 culpam,
1714 3728 1833 3791 hoc
1874 3737 1969 3790 est
2018 3729 2096 3792 de
2140 3737 2344 3791 trans-

850 3825 1175 3906 gressione
1219 3845 1461 3903 eorum,
1495 3826 1645 3907 quia
1689 3827 1811 3888 hoc
1848 3827 2342 3890 contrariaretur

850 3923 1097 3986 caritati
1136 3923 1267 4001 Dei,
1313 3924 1424 4005 qui
1463 3934 1723 4007 peccato
1757 3925 2200 4002 inhonoratur,
2244 3946 2340 3988 ca—

851 4021 1151 4103 ritatique
1192 4021 1488 4104 proximi,
1519 4024 1631 4104 qui
1682 4024 2005 4105 peccando
2050 4024 2344 4105 spiritua-

851 4118 997 4181 liter
1039 4118 1329 4187 moritur.
1363 4120 1481 4184 Sed
1526 4121 1606 4184 de
1650 4121 1832 4183 ruina
1877 4138 2102 4203 poenae,
2140 4121 2202 4184 id
2249 4131 2343 4185 est

2451 3156 2602 3196 rum
2643 3157 2666 3196 .·
2710 3134 2864 3216 (1616
2911 3135 3032 3197 1106
3078 3134 3426 3214 gloriosum
3476 3143 3540 3197 et
3583 3133 3938 3215 jucundum

2451 3240 2548 3296 est
2575 3231 2755 3309 filiis,
2780 3233 2952 3315 quod
2981 3233 3060 3295 de
3089 3232 3390 3297 virtuosis
3423 3242 3485 3296 et
3516 3231 3942 3315 prudentibus

2453 3330 2822 3414 parentibus
2871 3331 3003 3393 nati
3047 3339 3218 3394 sunt.
3272 3330 3581 3396 Similiter
3631 3329 3942 3393 fidelibus

2449 3429 2793 3510 gloriosum
2835 3436 2951 3505 est,
2989 3429 3160 3510 quod
3191 3428 3557 3511 spirituales
3599 3437 3810 3510 patres
3837 3445 3943 3490 eo-

2450 3548 2592 3590 rum
2642 3527 2844 3590 sancti
2882 3527 3190 3609 Apostoli,
3233 3528 3558 3609 ceterique
3607 3525 3943 3610 apostolici

2450 3627 2573 3691 viri
2605 3635 2666 3689 et
2704 3625 2971 3708 praelati,
3009 3625 3164 3688 tales
3203 3645 3276 3688 66
3313 3625 3473 3688 161111
3517 3624 3796 3689 fuerunt.
3821 3624 3944 3687 Un-

2451 3725 2530 3787 de
2566 3723 2910 3787 Corinthiis
2952 3723 3172 3785 scribit
3202 3723 3540 3806 Apostolus
3579 3741 3594 3786 z
3630 3724 3755 3787 Vos
3785 3722 3942 3786 65115
4015 3746 4054 3789 11
4079 3746 4236 3792 eor...

2450 3823 2654 3903 gloria
2685 3831 2922 3900 nostra,
2954 3822 3120 3884 sicut
3156 3830 3220 3885 et
3259 3841 3372 3886 nos
3411 3833 3644 3884 vestra.
3678 3822 3942 3885 Verum·
3975 3812 4038 3852 ¹⁴·

2454 3930 2664 3984 tamen
2699 3921 2765 3983 in
2809 3920 2926 3984 hac
2966 3939 3033 3983 16
3075 3919 3442 4002 frequenter
3479 3939 3656 3984 error
3693 3919 3942 3983 contin·

2451 4019 2564 4100 git,
2597 4018 2902 4100 quoniam
2943 4018 3128 4080 multi
3163 4018 3424 4100 superbi
3453 4027 3517 4081 et
3545 4018 3693 4083 vani
3737 4018 3942 4100 magis

2451 4117 2804 4198 gloriantur
2833 4117 2913 4180 de
2951 4135 3212 4180 suorum
3242 4124 3578 4198 parentum
3609 4115 3944 4179 nobilitate

848 4217 1021 4298 justa
1049 4217 1382 4299 punitione
1412 4218 1694 4293 alterius,
1733 4219 1930 4282 laetari
1972 4238 2048 4282 ex
2080 4219 2215 4283 zelo
2244 4221 2344 4302 ju·
2373 4225 2422 4286 D
2451 4215 2714 4292 carnali,
2756 4234 2949 4296 quam
2997 4214 3337 4296 spirituali.
3381 4215 3641 4291 Rursus,
3675 4214 3936 4296 quidam

851 4314 1060 4391 stitiae,
1093 4324 1156 4378 et
1185 4315 1250 4376 in
1281 4324 1593 4397 quantum
1626 4317 1967 4399 expediens
2000 4326 2095 4379 est
2124 4318 2336 4397 saluti,

850 4430 979 4474 non
1020 4421 1115 4475 651
1149 4413 1476 4494 illicitum3
1509 4415 1784 4494 gaudere
1822 4434 1973 4478 vero
2004 4415 2083 4478 de
2120 4416 2342 4480 adver-

852 4511 1034 4572 sitate
1080 4519 1144 4574 et
1190 4529 1377 4593 poena
1422 4512 1718 4594 proximi,
1770 4512 1835 4574 in
1884 4522 2196 4593 quantum
2244 4523 2340 4577 est

849 4609 1196 4672 adversitas
1226 4611 1511 4692 quaedam
1546 4618 1609 4672 et
1638 4628 1848 4692 poena,
1885 4629 2011 4673 non
2042 4611 2108 4673 in
2139 4632 2341 4694 quan-

851 4715 987 4769 tum
1024 4716 1120 4770 cst
1156 4708 1493 4785 medicina,
1531 4717 1596 4771 et
1634 4708 1790 4771 utile
1830 4708 1982 4789 quid
2027 4728 2141 4791 pro
2188 4729 2339 4791 pace

848 4805 1173 4868 communi
1202 4813 1267 4868 et
1303 4805 1785 4870 conservatione
1816 4806 2100 4886 justitiae,
2138 4808 2340 4870 mani-

850 4901 1011 4966 feste
1039 4902 1337 4966 illicitum
1365 4912 1483 4965 est.
1510 4902 1814 4966 Similiter
1844 4904 2044 4968 laetari
2076 4906 2156 4968 de
2186 4925 2340 4987 qua-

850 5019 1124 5082 cumque
1153 5001 1337 5063 ruina
1372 5001 1633 5065 alterius
1664 5021 1741 5064 ex
1780 5001 1875 5064 ira
1914 5021 2025 5065 seu
2054 5003 2224 5080 odio,
2257 5005 2340 5066 si-

852 5099 1071 5162 milive
1119 5099 1331 5162 radice
1379 5117 1698 5181 perversa,
1750 5108 1993 5164 certum
2051 5109 2150 5164 651
2202 5121 2340 5166 6556

854 5197 1168 5278 iniquum.
1202 5197 1369 5261 Talis
1417 5215 1565 5278 ergo
1608 5217 1739 5262 non
1786 5199 1909 5262 erit
1950 5199 2334 5282 impunituS‚

848 5296 1005 5378 quia
1047 5304 1157 5359 aut
1202 5297 1500 5378 punietur
1548 5315 1587 5359 a
1628 5297 1843 5380 judice
1888 5298 2037 5376 Deo,
2070 5307 2183 5361 aut
2225 5319 2340 5383 per

2450 4316 2529 4378 de
2566 4322 2819 4397 patrum
2860 4331 3120 4376 suorum
3157 4313 3495 4376 sanctitate
3531 4320 3596 4376 et
3637 4311 3944 4393 sagacita-

2450 4422 2511 4475 te
2559 4431 2626 4475 56
2672 4412 2935 4492 jactant,
2970 4430 3168 4492 quum
3220 4420 3431 4474 tamen
3482 4428 3707 4474 eorum
3747 4411 3944 4475 virtu-

2451 4520 2543 4574 tes
2577 4510 2813 4572 imitari
2844 4528 2974 4572 non
3013 4510 3326 4572 studeant.
3351 4510 3610 4572 Talibus
3642 4509 3816 4572 enim
3851 4508 3943 4571 ait

2449 4608 2908 4672 sacratissimus
2944 4607 3214 4672 Joannes
3249 4608 3522 4691 Baptista
3555 4625 3568 4670 :
3604 4608 3690 4671 Ne
3727 4625 3943 4689 coepe·
3981 4631 4089 4674 Luc.
4115 4635 4236 4682 nm.

2451 4708 2590 4770 ritis
2636 4707 2868 4780 dicere,
2921 4706 3165 4769 Patrem
3215 4706 3522 4769 habemus
3573 4706 3936 4784 Abraham3

2447 4806 2733 4868 Christus
2782 4823 3040 4886 quoque
3085 4821 3099 4866 ε
3147 4804 3210 4867 Si
3262 4804 3384 4867 filii
3431 4804 3699 4868 Abrahae
3758 4803 3934 4880 65115,
3980 4827 4236 4878 amum,

2446 4923 2640 4986 opera
2679 4902 2946 4965 Abrahae
2987 4901 3202 4966 facite.
3967 4893 4034 4934 ³⁹·

2529 5005 2677 5064 Non
2720 5005 2939 5062 decent
2985 5006 3258 5062 stultum
3305 5003 3490 5062 verba
3533 5003 3886 5079 composita
3917 5021 3940 5061 .·
4083 5009 4120 5062 7

2448 5101 2600 5182 quia
2636 5118 2763 5163 non
2796 5099 2957 5165 vivit
2985 5100 3334 5163 secundum
3365 5099 3787 5181 Scripturam,
3823 5117 3942 5161 nec

2448 5199 2680 5280 dignus
2719 5206 2817 5260 est
2852 5197 3012 5260 alios
3055 5199 3338 5275 edocere,
3377 5218 3491 5262 nec
3535 5205 3724 5280 aptus
3770 5205 3841 5259 ut
3881 5198 3942 5260 ei

2449 5298 2882 5364 committatur
2924 5298 3250 5378 negotium
3290 5300 3584 5378 arduum,
3631 5297 3710 5362 ad
3755 5297 3942 5380 cujus
