4284 6267
77 3768 150 3811 Pa.
165 3782 280 3821 xm.
297 3772 338 3812 8.

997 523 1348 571 RNARRATIO
1391 524 1456 571 IN
1497 523 1632 571 GAP.
1681 524 1748 570 111
1790 524 2029 572 CANTICI
2071 525 2471 574 CAN'ncoRmt.
2517 548 2597 557 —
2639 528 2779 574 ΛΒΤ.
2825 529 2867 573 X

3348 508 3466 573 357

361 712 518 757 rore
561 695 674 757 irae
717 713 869 769 suae,
908 700 970 756 et
1013 710 1144 755 non
1188 692 1588 773 peribimus?
1630 690 1866 755 Idcirco
1898 689 1949 753 A
1984 690 2182 756 fidem
2230 704 2292 757 et
2340 695 2668 776 sapientiae
2705 698 2981 779 donum3
3016 699 3128 761 sed
3172 717 3249 761 ex
3284 698 3467 761 vehe-

362 792 788 875 subjungitur
823 811 836 855 :

455 895 768 969 Suryam,
818 900 877 952 et
924 892 1210 952 circuibo
1257 892 1612 959 civitatem,
1660 890 1724 952 id
1773 898 1869 952 est

363 1009 846 1074 quamcumque
917 989 1475 1070 congregationem
1545 988 1861 1066 fidelium,

362 1108 480 1151 seu
535 1088 966 1153 universalem
1017 1088 1390 1151 Ecclesiam.
1423 1091 1555 1151 Per
1595 1090 1764 1148 vicos
1808 1098 1868 1149 et

351 1192 614 1267 plateas
643 1208 934 1269 quoeram
966 1208 1154 1268 quem
1173 1188 1402 1263 diliyic
1432 1189 1658 1247 anima
1688 1208 1867 1247 mea.-

366 1287 438 1349 id
487 1295 604 1363 est,
660 1286 729 1347 in
777 1286 1152 1349 hominibus
1199 1284 1426 1348 activis
1475 1292 1538 1346 ct
1585 1292 1868 1348 contem-

364 1383 648 1467 plativis,
694 1383 760 1447 in
809 1382 1166 1465 majoribus
1223 1390 1290 1445 et
1345 1381 1702 1446 minoribus
1756 1382 1866 1445 Dei

363 1484 570 1549 servis
618 1502 898 1565 quaeram
955 1481 1283 1559 dilectum,
1326 1481 1672 1563 quaerendo
1720 1482 1870 1543 aedi-

364 1581 743 1646 ficationem
785 1590 850 1645 et
896 1580 1384 1644 instructionem
1434 1578 1515 1642 ab
1559 1579 1740 1663 ipsis,
1793 1599 1866 1644 ac

363 1682 629 1746 modum
682 1679 1090 1764 pertingendi
1143 1680 1221 1743 ad
1280 1680 1550 1759 gratiam
1604 1678 1712 1741 Dei
1766 1680 1868 1741 de-

363 1780 731 1843 sideratam.
779 1780 905 1843 Hoc
951 1787 1046 1842 est
1089 1799 1127 1842 a
1175 1776 1448 1858 singulis
1490 1778 1866 1841 devotorum

1979 794 2219 856 mentia
2263 795 2361 856 sui
2406 794 2676 859 fervoris
2720 797 2811 860 sic
2857 797 3160 878 loquitur,
3192 798 3369 862 velut
3410 798 3462 860 si

1980 893 2124 972 quis
2174 903 2506 957 exeuntem
2558 896 2637 957 de
2681 914 2931 958 camera
2974 898 3161 978 regis,
3197 898 3467 961 interro-

1977 998 2102 1069 get,
2156 1010 2236 1053 an
2288 992 2521 1054 viderit
2570 1012 2807 1074 regem.
2852 998 3215 1057 Paululum
3263 1017 3465 1075 quum
3607 1008 3644 1064 4

1976 1092 2465 1166 pertransissem
2485 1112 2607 1159 eoa,
2630 1094 2857 1153 inveni
2874 1114 3063 1172 quem
3082 1096 3283 1171 diliyi
3288 1102 3309 1155 t
3330 1096 3469 1155 ani-

1979 1207 2087 1246 ma
2116 1208 2281 1249 mea.
2315 1188 2449 1252 Non
2492 1188 2665 1251 enim
2708 1190 2886 1271 potui
2931 1189 3297 1265 subsistere,
3329 1209 3471 1272 gra-

1978 1285 2263 1365 dumque
2316 1284 2518 1366 sigere
2561 1288 2628 1349 in
2673 1287 2887 1369 aliquo
2936 1287 3095 1350 citra
3139 1288 3465 1365 dilectum,

1979 1382 2088 1463 qui
2121 1383 2361 1447 creavit
2390 1403 2493 1447 me
2522 1394 2783 1467 propter
2810 1406 2879 1449 se
2904 1404 2918 1448 ε
2941 1385 3083 1449 ideo
3115 1386 3470 1469 inquietum

1979 1488 2077 1543 est
2122 1499 2233 1544 cor
2280 1500 2518 1560 meum,
2554 1484 2678 1545 nisi
2726 1484 2783 1547 ei
2834 1485 3159 1565 jungatur.
3192 1484 3336 1548 ldeo
3382 1485 3473 1547 vi-

1980 1580 2136 1641 dens
2178 1580 2317 1662 ipse
2363 1581 2901 1664 perseverantiam
2942 1602 3172 1660 meam,
3206 1592 3269 1646 et
3306 1582 3473 1645 affli-

1979 1677 2256 1742 ctionem
2304 1687 2497 1761 atque
2549 1680 3059 1761 inquietudinem
3105 1682 3359 1757 bonam,
3394 1701 3471 1745 ex

1981 1777 2080 1839 sui
2127 1778 2363 1840 amoris
2415 1777 2665 1841 fervore
2713 1780 3121 1862 prodeunte-S,
3174 1780 3471 1843 misertus

361 1878 612 1961 aliquid
644 1878 899 1943 virtutis
931 1878 1210 1955 haurire,
1255 1885 1320 1940 et
1358 1875 1560 1938 instar
1592 1876 1868 1955 pruden-
1905 1872 1950 1933 B
1979 1882 2075 1938 est
2115 1875 2265 1953 mei,
2301 1884 2364 1939 et
2411 1878 2691 1940 ostendit
2728 1897 2795 1940 se
2839 1877 2996 1940 mihi
3034 1898 3048 1943 :
3084 1898 3275 1959 quem
3320 1878 3471 1943 licet

363 1976 630 2040 tissimae
669 1978 810 2060 apis
853 1996 931 2041 ex
969 1976 1243 2040 aliorum
1290 1974 1563 2039 floribus
1602 1972 1866 2036 mellifi-

363 2095 532 2151 care,
571 2076 632 2138 id
668 2085 766 2139 est
805 2093 1331 2156 unumquemque
1373 2073 1555 2155 sequi
1599 2073 1666 2135 in
1698 2072 1867 2135 bono

365 2174 648 2249 virtutiS,
697 2193 826 2256 quo
873 2174 1014 2256 ipse
1061 2173 1266 2253 magis
1315 2172 1619 2235 abundat.
1668 2172 1868 2234 Econ-

367 2275 566 2337 trario
595 2274 857 2355 quidam
899 2272 1184 2356 perversi
1225 2271 1658 2353 proximorum
1698 2270 1868 2333 mala

367 2372 734 2447 observant,
757 2371 1127 2452 recogitant,
1162 2370 1516 2447 imitantur,
1542 2377 1606 2432 et
1655 2388 1731 2431 ex
1773 2368 1866 2431 eis

367 2490 514 2533 suas
544 2477 852 2534 excusant
882 2469 1276 2550 iniquitateS,
1317 2475 1654 2549 sequentes
1685 2486 1866 2547 quas·

366 2571 510 2631 dam
545 2567 1010 2649 aviculaS,quae
1034 2585 1111 2629 ex
1142 2566 1528 2629 stercoribus
1559 2564 1684 2627 sibi
1715 2582 1864 2645 proe-

367 2674 596 2750 parant
623 2665 834 2728 nidOS.
871 2665 1156 2733 Quaesivi
1189 2665 1407 2732 illum,
1438 2672 1498 2723 et
1525 2682 1652 2723 non
1689 2664 1864 2723 inve-

367 2768 461 2826 m'.
513 2764 674 2827 Nam
724 2762 893 2825 sicut
941 2761 1234 2843 piissima
1289 2767 1491 2823 mater
1540 2759 1862 2822 interdum

365 2861 702 2927 abscondit
732 2879 800 2923 se
839 2878 956 2922 suo
997 2859 1253 2934 infanti,
1289 2866 1359 2921 ut
1399 2858 1508 2921 ille
1545 2878 1683 2921 eam
1714 2877 1860 2921 cum

365 2963 619 3045 ploratu
649 2968 713 3023 et
743 2958 974 3041 majori
1005 2966 1246 3039 quaerat
1275 2956 1536 3034 affectu,
1560 2965 1752 3038 atque
1782 2958 1862 3019 ad

1976 1973 2196 2056 aliquo
2238 1977 2428 2039 modo
2470 1975 2823 2040 invenerim
2876 1976 2942 2039 in
2984 1975 3267 2059 praefatis
3311 1977 3471 2057 vigi-

1977 2072 2147 2135 libus
2192 2083 2386 2156 atque
2448 2073 2841 2151 custodibuS,
2894 2094 3023 2139 non
3079 2083 3291 2137 tamen
3339 2083 3469 2137 tam

1978 2170 2190 2254 plene,
2234 2182 2305 2235 ut
2353 2174 2695 2256 quietarer,
2740 2181 2803 2235 et
2852 2174 3017 2236 sicut
3055 2173 3307 2255 optavi3
3358 2174 3467 2237 sed

1977 2270 2135 2354 ipsis
2194 2290 2455 2353 quoque
2512 2270 2970 2335 auxiliantibus
3025 2280 3089 2335 et
3138 2271 3467 2335 orantibus

1976 2388 2092 2451 pro
2133 2388 2259 2445 me,
2295 2372 2577 2453 cupitam
2613 2370 2831 2450 gratiae
2870 2368 3280 2434 affluentiam
3324 2390 3467 2433 sum

1974 2468 2216 2530 sortita.

2061 2570 2269 2629 Tenui
2292 2588 2465 2636 eum,
2496 2567 2801 2649 quoniam
2846 2568 2983 2651 ipse
3025 2577 3122 2631 est
3159 2568 3465 2631 Dominus
3494 2589 3760 2642 panum.

1974 2666 2138 2729 Deus
2178 2665 2402 2727 salutis
2435 2684 2613 2739 meas,
2650 2672 2896 2728 creator
2933 2674 2997 2727 et
3034 2666 3311 2729 salvator
3338 2685 3468 2730 me-
3496 2654 3539 2695 ²·

1973 2784 2070 2840 uS,
2119 2764 2231 2845 qui
2278 2763 2594 2826 universis
2638 2782 2711 2826 ac
2754 2762 3024 2844 singulis
3068 2762 3331 2827 infinite
3370 2773 3469 2827 est

1970 2861 2429 2944 praeferenduS.
2496 2864 2629 2923 Nec
2683 2864 3045 2932 dimittam,
3103 2862 3235 2925 imo
3289 2864 3465 2925 omni

1974 2959 2258 3038 maligno
2287 2959 2565 3041 spiritui,
2603 2959 2779 3023 omni
2810 2959 3148 3024 tentationi
3182 2967 3245 3023 et
3272 2980 3467 3044 appe-

365 3060 574 3143 ipsam
633 3075 960 3121 recurrere
1016 3063 1386 3135 assuescat3
1440 3054 1531 3119 sic
1589 3072 1860 3137 sponsus
1899 3052 1942 3117 C
1973 3057 2189 3121 titioni
2233 3055 2314 3119 ab
2366 3056 2507 3138 ipso
2561 3057 2881 3121 retrahere
2930 3076 3032 3121 me
3079 3058 3341 3135 volenti,
3398 3060 3466 3123 in

363 3157 714 3239 aliquando
743 3174 993 3238 sponsas
1033 3172 1100 3216 se
1142 3153 1480 3231 subtrahit,
1514 3161 1583 3215 ut
1616 3152 1726 3216 illa
1754 3171 1862 3234 ge-

363 3255 626 3332 mendo,
685 3253 1018 3337 plorando,
1075 3252 1440 3333 quaerendo‚
1497 3250 1860 3315 affectando

365 3362 688 3417 mereatur
724 3351 912 3434 paulo
947 3359 1090 3434 post
1129 3349 1580 3413 exuberantius
1615 3350 1862 3412 inveni-

366 3472 456 3516 re.
483 3454 720 3533 ltaque,
754 3451 925 3532 quod
969 3450 1034 3512 in
1076 3449 1185 3511 tali
1229 3467 1378 3511 casu
1419 3466 1689 3530 sponsus
1730 3467 1859 3511 non

367 3550 718 3623 invenitur,
761 3548 1191 3612 dissimulatio
1220 3555 1337 3623 est,
1369 3565 1498 3610 non
1530 3545 1622 3609 ira
1656 3564 1670 3609 :
1707 3555 1862 3609 atta-

366 3670 516 3715 men
575 3666 813 3731 sponsa
859 3648 1010 3711 inde
1057 3646 1376 3727 affligitur
1421 3666 1495 3709 ac
1544 3644 1856 3724 turbatur,

362 3752 544 3834 juxta
601 3746 765 3809 illud
821 3746 889 3808 in
949 3746 1217 3822 Psalmo,
1267 3743 1564 3807 Avertisti
1629 3744 1856 3808 faciem

367 3858 538 3912 tuam
573 3866 610 3909 a
649 3863 772 3921 me,
795 3852 860 3907 et
890 3843 1094 3907 factus
1125 3862 1266 3905 sum
1296 3842 1733 3905 conturbatus,

445 3950 852 4009 Invenerunt
902 3963 1002 4002 me
1047 3943 1274 4018 viqiles
1322 3941 1440 4019 qui
1487 3944 1858 4003 custodiunt

363 4046 720 4106 civitatem.
745 4039 986 4121 Vigiles
1036 4039 1164 4116 isti,
1199 4047 1349 4102 sunt
1396 4057 1618 4102 omnes
1658 4040 1725 4102 in
1765 4060 1858 4103 ca-

365 4143 552 4206 ritate
579 4150 646 4204 et
684 4138 1020 4222 diligentia
1061 4137 1315 4215 fervidi,
1353 4136 1648 4202 fraternae
1687 4139 1857 4201 salu-

1972 3164 2278 3219 aeternum
2334 3154 2645 3233 resistam,
2690 3174 2808 3219 nec
2852 3174 2889 3218 a
2936 3156 3061 3220 Deo
3108 3174 3181 3220 ac
3229 3175 3465 3238 sponso

1971 3272 2114 3317 meo
2170 3253 2458 3316 recedam
2517 3270 2532 3315 ε
2586 3253 2762 3334 juxta
2811 3253 2973 3316 illud
3021 3253 3272 3331 Psalmi,
3334 3255 3466 3337 Ego
3492 3277 3757 3330 eamn-1.

1971 3360 2186 3416 autem
2229 3350 2361 3414 dixi
2404 3351 2469 3413 in
2511 3350 2902 3414 abundantia
2948 3344 3109 3429 mea,
3152 3352 3288 3415 Non
3334 3372 3467 3416 mo-

1972 3450 2167 3515 vebor
2205 3452 2273 3512 in
2314 3458 2644 3513 aeternum.
2678 3448 2833 3512 Cum
2870 3450 2979 3513 tali
3018 3452 3343 3533 proposito
3393 3472 3467 3516 ac

1970 3548 2286 3612 desiderio
2330 3550 2526 3612 Deum
2572 3568 2857 3630 quaerere
2905 3558 2969 3612 et
3006 3549 3342 3613 inventum
3382 3559 3465 3614 te·

1970 3665 2122 3709 nere
2168 3647 2493 3725 debemuS,
2527 3648 2706 3729 Juxta
2747 3646 2903 3709 illud
2941 3649 3111 3730 quod
3157 3649 3463 3731 scriptum

1969 3753 2064 3808 est
2101 3762 2115 3807 z
2159 3745 2228 3807 ln
2264 3744 2437 3807 omni
2478 3745 2668 3809 corde
2708 3763 2822 3807 suo
2868 3754 2931 3808 et
2974 3746 3040 3808 in
3079 3754 3207 3809 tota
3249 3747 3465 3810 anima
3510 3762 3755 3818 nram,

1970 3863 2084 3906 sua
2121 3844 2513 3925 quaesierunt
2551 3844 2912 3921 Dominum,
2950 3852 3013 3907 et
3050 3844 3455 3908 invenerunt.
3492 3828 3559 3869 ¹⁵·

1969 3942 2229 4025 Nempe,
2286 3941 2395 4023 qui
2452 3941 2544 4003 sic
2614 3950 2931 4022 quaerunt,
2990 3942 3277 4006 invenire
3332 3961 3463 4006 me-

1969 4049 2211 4104 rentur.
2254 4040 2388 4102 Non
2432 4040 2603 4102 enim
2643 4047 2771 4102 tam
2813 4038 3313 4122 incomparabile
3351 4040 3463 4103 bo-

1970 4158 2123 4202 num
2158 4158 2302 4202 cum
2342 4138 2585 4201 desidia
2625 4146 2719 4201 est
2752 4138 3205 4219 quaerendum3
3237 4146 3300 4202 et
3338 4158 3465 4203 ma-

362 4241 444 4306 tis
491 4241 630 4305 zelo
677 4237 954 4313 accensi,
997 4236 1109 4318 qui
1159 4254 1274 4320 pro
1315 4237 1641 4299 communi
1686 4236 1855 4302 bono
1887 4233 1937 4295 D
1965 4255 2157 4318 gnam
2214 4235 2645 4318 Omnipotenti
2707 4234 2903 4299 infert
2964 4235 3289 4318 injuriam,
3350 4235 3462 4318 qui

361 4340 662 4404 Ecclesiae
691 4345 846 4400 sunt
873 4334 1155 4413 solliciti,
1181 4334 1288 4416 qui
1329 4334 1557 4397 animae
1587 4342 1715 4397 tam
1746 4354 1855 4397 an-

364 4439 464 4503 xie
512 4456 587 4500 ac
635 4434 980 4499 salubriter
1017 4432 1389 4515 suspiranti,
1434 4452 1508 4496 ac
1553 4432 1854 4513 dilectum

359 4536 696 4619 quaerenti,
729 4533 1092 4608 condolent,
1126 4530 1594 4612 subvenireque
1626 4549 1858 4594 conan-

363 4646 484 4698 tur.
511 4637 694 4698 Num
732 4653 921 4712 quem
959 4632 1186 4707 diliyic
1223 4632 1450 4690 anima
1491 4650 1657 4699 mea,
1687 4631 1858 4689 vidi-

361 4736 530 4795 stis?
581 4732 652 4794 id
692 4738 812 4809 est,
863 4730 916 4792 si
962 4727 1139 4791 scitis
1183 4726 1293 4789 ubi
1342 4734 1405 4789 et
1442 4726 1718 4808 qualiter
1766 4728 1858 4789 in-

364 4833 684 4907 veniatur,
740 4828 905 4891 mihi
964 4827 1307 4889 insinuate.
1359 4826 1585 4906 Angcli
1644 4834 1856 4889 autem

362 4930 629 4994 visitant
657 4927 912 4991 assidue
951 4926 1196 4988 animas
1225 4924 1349 4986 sibi
1380 4924 1772 5002 commissaS,
1796 4932 1859 4988 et

365 5028 540 5091 intus
569 5046 678 5090 eas
707 5025 1018 5101 affantur,
1041 5040 1202 5105 quos
1231 5023 1462 5086 animae
1491 5032 1714 5104 rogant
1747 5042 1860 5105 pro

369 5126 722 5190 directione
765 5132 828 5187 et
870 5141 992 5205 ope
1037 5121 1364 5185 continua.
1397 5121 1522 5185 Nec
1569 5120 1864 5184 dubitant

369 5224 600 5287 animae
639 5222 964 5298 virtuosae,
997 5219 1155 5301 quin
1196 5218 1405 5300 angeli
1445 5218 1643 5282 sancti
1693 5219 1864 5285 vide-

373 5333 483 5387 ant
519 5324 716 5387 Deum
759 5338 874 5403 per
911 5319 1214 5402 speciem,
1250 5326 1314 5382 et
1352 5317 1553 5381 sancti
1586 5316 1706 5380 viri
1751 5336 1864 5400 per

1965 4335 2182 4417 tepide
2229 4342 2293 4397 et
2341 4353 2487 4397 cum
2549 4341 2803 4416 torpore
2850 4334 3029 4415 cupit
3074 4334 3134 4397 ei
3182 4335 3458 4417 placere.

1964 4432 2106 4496 ldeo
2154 4432 2393 4515 Moyses
2438 4431 2666 4494 asserit
2700 4450 2713 4495 :
2748 4430 3081 4514 Quumque
3130 4432 3460 4514 quaesieris
3488 4450 3749 4501 neumas.

1966 4532 2306 4596 Dominum
2354 4530 2547 4592 Deum
2597 4537 2799 4603 tuum,
2855 4529 3144 4592 invenies
3192 4549 3375 4609 eum3
3406 4530 3459 4593 si

1967 4640 2177 4693 tamen
2212 4636 2343 4691 toto
2384 4628 2571 4690 corde
2610 4636 2673 4690 et
2713 4635 2844 4689 tota
2884 4627 3297 4691 tribulatione
3330 4629 3462 4691 ani-

1968 4747 2089 4790 mae
2140 4736 2261 4789 tuae
2309 4726 2637 4807 quaesicris
2678 4744 2849 4788 eum.
2897 4725 3347 4789 Verumtamen
3394 4727 3461 4789 in

1968 4827 2077 4890 tali
2122 4846 2195 4889 ac
2238 4832 2414 4888 tanto
2456 4825 2781 4907 proposito
2824 4824 3201 4899 cavendum,
3260 4843 3341 4888 ne
3382 4826 3461 4888 de

1970 4925 2102 4988 suis
2163 4922 2409 4987 viribus
2466 4924 2611 5005 quis
2668 4930 3030 5004 praesumat‚
3083 4922 3196 4985 sed
3253 4930 3465 5006 speret
3513 4936 3728 4989 tamo.

1971 5042 2130 5108 pure
2161 5024 2227 5086 in
2266 5022 2556 5099 Domino,
2590 5030 2653 5085 et
2692 5021 3001 5084 innitatur
3038 5038 3228 5102 super
3266 5020 3465 5083 Deum

1973 5142 2187 5185 suum.
2232 5122 2469 5201 ltaque,
2502 5120 2635 5185 Non
2674 5119 2989 5182 dimittam
3031 5118 3237 5195 illum,
3267 5122 3466 5180 donec

1973 5222 2391 5280 introducam
2418 5220 2609 5277 illum
2635 5219 2707 5277 in
2735 5219 2999 5277 domum
3029 5218 3261 5277 matris
3291 5237 3462 5283 meae,

1975 5328 2034 5379 et
2065 5319 2140 5378 in
2170 5318 2541 5377 cubiculum
2561 5315 2901 5393 ⁸qem'tricis
2931 5334 3106 5377 meae.
3138 5313 3329 5377 Mater
3360 5332 3469 5379 no-
