4284 6267
109 1414 339 1463 Aet-unus.
366 1403 669 1465 dixerunt
700 1421 829 1466 non
862 1422 1001 1466 esse
1030 1403 1557 1466 resurrectionem
1590 1411 1871 1466 mortuo·
1980 1406 2228 1468 minum
2269 1425 2385 1488 per
2423 1405 2958 1469 immortalitatem
3005 1405 3475 1488 praestantiores

190 1506 252 1560 ¹9
368 1520 679 1577 rum,nec
710 1502 1033 1582 angelum,
1070 1520 1279 1583 neque
1309 1501 1629 1583 spiritum.
1662 1505 1870 1564 Idcz'r-
1981 1504 2110 1567 sint
2165 1502 2500 1566 animabus
2558 1504 2932 1568 brutorum?
2983 1504 3167 1586 quasi
3226 1503 3396 1565 dicat
3457 1520 3470 1564 ε

365 1622 431 1661 co
460 1621 637 1661 unus
678 1600 747 1662 in
782 1599 1018 1682 specie,
1052 1599 1117 1662 id
1159 1608 1255 1661 est
1292 1599 1668 1673 consimilis,
1713 1602 1871 1660 inte·
1980 1602 2148 1665 lstud
2195 1602 2436 1665 nemini
2483 1610 2749 1665 constat.
2784 1601 2904 1665 Sed
2941 1603 3042 1683 (ut
3080 1610 3314 1665 tactum
3355 1603 3479 1682 est)

362 1704 531 1761 ritus
577 1709 671 1761 est
719 1700 1003 1761 hominis
1051 1709 1111 1759 et
1141 1700 1619 1776 jumentorum,
1664 1698 1729 1760 id
1773 1708 1869 1762 est
1980 1700 2275 1764 Salomon
2323 1700 2608 1781 loquitur
2651 1700 2792 1777 ista,
2829 1702 2893 1763 in
2939 1720 3210 1783 persona
3258 1720 3478 1763 carna-

364 1799 595 1861 similis
643 1816 818 1862 mors
866 1798 1204 1861 hominum
1254 1816 1327 1860 ac
1377 1796 1733 1875 brutorum,
1780 1798 1867 1860 ita
1980 1800 2137 1861 lium
2182 1808 2244 1862 et
2285 1800 2542 1881 penitus
2586 1799 2946 1862 bestialium
2993 1799 3348 1863 hominum.
3389 1799 3476 1861 De

364 1898 531 1978 quod
576 1896 791 1958 anima
840 1894 1121 1958 hominis
1167 1895 1333 1976 perit
1374 1914 1519 1957 cum
1568 1913 1863 1977 corpore3
1906 1899 1950 1959 B
1978 1897 2218 1980 quibus
2258 1898 2447 1961 etiam
2480 1897 2635 1960 alibi
2677 1897 2945 1960 habetur
2978 1916 2992 1959 ε
3025 1898 3326 1960 Dixerunt
3366 1897 3476 1960 im·
3503 1914 3765 1971 smmis.

364 2007 421 2057 ει
446 2016 635 2076 oequa
658 1996 1001 2074 utriusque
1029 1996 1313 2055 conditio
1342 2016 1365 2055 .·
1394 1996 1560 2053 sicut
1589 1996 1869 2055 moritur
1978 1998 2068 2079 pii
2108 2014 2121 2058 :
2155 1996 2289 2059 Non
2320 2005 2417 2058 est
2457 1996 2854 2076 refrigerium
2890 1997 2954 2058 in
2997 1995 3130 2059 fine
3165 1995 3471 2071 hominiS,

365 2098 570 2162 homo,
600 2095 695 2153 sic
722 2102 782 2153 et
814 2094 933 2152 illd
975 2094 1384 2165 moriunlum·
1410 2094 1719 2153 Similiter
1741 2095 1869 2171 spi-
1978 2104 2043 2158 et
2082 2112 2210 2159 non
2241 2104 2337 2157 est
2375 2094 2482 2176 qui
2526 2095 2781 2175 agnitus
2821 2094 2903 2157 sit
2941 2113 3232 2159 reversus
3269 2093 3350 2156 ab
3388 2094 3478 2155 in-

362 2200 515 2253 rant
548 2192 796 2260 omnia,
841 2189 1087 2253 scilicet
1122 2188 1415 2252 homines
1455 2197 1518 2251 et
1556 2189 1865 2271 jumenta,
1985 2193 2172 2273 feris3
2223 2202 2284 2255 et
2335 2202 2478 2275 post
2525 2192 2661 2257 haec
2708 2193 2947 2255 erimus
2993 2200 3294 2274 tanquam
3347 2211 3472 2256 non

363 2300 421 2351 et
460 2290 643 2350 nihil
681 2290 868 2350 habet
907 2290 1093 2349 homo
1117 2289 1416 2365 jumento
1456 2290 1764 2365 amplius,
1806 2287 1866 2350 id
1982 2291 2318 2355 fuerimus,

364 2397 481 2463 est,
516 2388 583 2449 in
615 2386 796 2450 nullo
826 2386 1073 2449 excedit.
1103 2385 1480 2467 dignitatem
1510 2385 1866 2450 brutorum.
2076 2389 2452 2453 Stultissimi
2503 2389 2607 2453 isti
2656 2398 3062 2472 putaverunt,
3113 2406 3335 2453 omnes
3383 2388 3478 2452 eis

366 2487 491 2550 lsta
525 2493 624 2549 est
654 2486 994 2548 stultorum
1027 2504 1099 2547 ac
1131 2484 1387 2548 rudium
1418 2484 1749 2548 hominum
1781 2505 1874 2548 ar·
1983 2488 2226 2551 similes
2256 2507 2395 2551 esse
2427 2488 2491 2550 in
2523 2487 2892 2570 insipientia
2923 2488 3074 2568 ista3
3099 2488 3210 2550 sed
3237 2505 3482 2551 errave-

363 2584 786 2665 gumentatio‚
823 2584 997 2666 quod
1028 2583 1178 2664 quia
1207 2583 1501 2645 homines
1532 2592 1595 2646 et
1622 2583 1875 2664 jumen-
1984 2595 2135 2649 runt
2163 2587 2541 2667 gravissime
2567 2604 2579 2647 :
2605 2586 2759 2668 quia
2788 2604 2914 2649 non
2947 2586 3154 2648 solum
3185 2584 3267 2647 ab
3295 2584 3481 2648 initio

366 2694 426 2748 ta
468 2685 534 2747 in
572 2682 799 2746 multis
834 2682 1254 2758 conveniunt,
1292 2682 1435 2745 ideo
1476 2682 1767 2744 homines
1806 2682 1871 2745 in
1986 2685 2234 2762 mundi,
2279 2685 2682 2766 providentia
2718 2683 2826 2747 Dei
2864 2692 2925 2747 et
2965 2685 3104 2766 ejus
3140 2683 3476 2766 judicium,

366 2784 543 2846 nullo
572 2782 868 2864 jumenta
900 2782 1375 2857 transcendant,
1411 2787 1476 2841 et
1507 2780 1708 2842 instar
1734 2780 1877 2845 bru·
1984 2804 2058 2847 ae
2119 2784 2566 2847 immortalitas
2629 2783 3035 2847 rationalium
3096 2782 3476 2860 animarum,

368 2890 572 2945 torum
604 2878 937 2955 deficiant,
963 2898 1163 2961 quum
1199 2888 1411 2941 tamen
1445 2878 1507 2940 in
1542 2878 1785 2942 ratione
1814 2889 1877 2942 et
1987 2883 2408 2946 innotuerunt
2439 2882 2674 2946 sanctis
2704 2882 3086 2945 Patriarchis
3115 2901 3188 2945 ac
3217 2881 3483 2963 Prophe-

368 2979 719 3056 intellectu‚
748 2998 825 3042 ae
872 2976 1073 3041 libera
1103 2977 1431 3042 voluntate
1472 2977 1600 3039 illis
1640 2977 1882 3059 praemi-
1991 2982 2092 3054 tis,
2140 2989 2204 3044 et
2253 3000 2472 3045 eorum
2522 2980 2926 3062 sequacibuS‚
2979 2980 3088 3043 sed
3143 2980 3480 3062 praecipuis

368 3086 582 3141 neant.
625 3077 889 3158 Propter
936 3076 1108 3157 quod
1161 3083 1419 3138 sanctus
1469 3074 1579 3138 ille
1620 3075 1736 3139 Job
1786 3076 1881 3138 in-
1911 3079 1955 3141 C
1988 3098 2246 3164 quoque
2285 3078 2706 3161 philosophis,

140 3199 343 3252 Joomv,
370 3176 505 3259 quit
530 3177 732 3240 :Deus
762 3175 948 3239 docet
977 3192 1095 3237 nos
1126 3192 1320 3255 super
1348 3174 1640 3254 jumenta
1670 3182 1875 3253 terrae,
2077 3178 2404 3259 Siquidem
2449 3177 2621 3240 Plato
2665 3177 2732 3239 in
2777 3176 3056 3239 secundo
3093 3174 3311 3237 Timaei
3355 3174 3483 3237 dis-

114 3263 167 3301 ¹¹·
371 3283 433 3338 et
463 3292 657 3356 super
686 3272 983 3336 volucre-s
1014 3271 1166 3336 coeli
1198 3271 1409 3334 erudit
1438 3291 1575 3335 nos.
1988 3277 2188 3341 seruit
2224 3293 2238 3337 :
2268 3273 2600 3338 Passiones
2635 3275 2688 3337 si
2727 3273 3052 3337 frenarent
3080 3292 3152 3337 ac
3183 3271 3484 3354 subjuga-

457 3378 703 3435 Cuncta
732 3372 1065 3449 subjacent
1101 3372 1412 3438 vanitati,
1448 3369 1508 3432 id
1548 3378 1645 3432 est
1680 3380 1880 3433 muta·
1988 3384 2131 3438 rent
2179 3374 2428 3447 animae,
2471 3374 2708 3455 justam
2757 3371 2858 3435 his
2907 3371 3239 3453 levemque
3289 3371 3480 3436 vitam

122 3485 341 3537 ecc1e.1‚2.
368 3471 605 3534 bilitati
642 3472 743 3550 (ut
780 3486 974 3551 supra
1013 3468 1215 3548 magis
1251 3468 1605 3550 expositum
1643 3471 1787 3549 est),
1819 3480 1879 3531 et
1990 3472 2126 3536 fore
2176 3471 2372 3534 voluit
2425 3470 2641 3553 opifex
2691 3471 2893 3550 Deus3
2943 3470 2994 3532 si
3049 3468 3478 3545 vincerentur,

190 3552 255 3606 ²⁰
369 3572 593 3631 omnia
641 3566 950 3632 inferiora
994 3566 1439 3648 corruptibilia
1476 3577 1755 3645 peryunt
1791 3571 1879 3628 ad
1989 3572 2292 3653 injustam
2325 3578 2388 3633 et
2420 3568 2797 3632 laboriosam
2828 3576 2929 3630 :et
2956 3567 3328 3631 victricibus
3356 3568 3487 3630 ani-

372 3688 581 3729 anum
632 3671 841 3728 locum
888 3683 1317 3741 communem,
1352 3663 1414 3726 id
1459 3673 1576 3741 est,
1610 3665 1879 3727 tendunt
1990 3669 2238 3745 mabus,
2280 3668 2359 3731 ad
2397 3667 2712 3749 comparis
2753 3665 2952 3730 stellae
2993 3666 3480 3729 contubernium

370 3768 444 3830 ad
489 3773 785 3839 mortem,
821 3782 934 3846 per
976 3782 1168 3845 quam
1209 3770 1616 3827 revertuntur
1657 3764 1719 3826 in
1762 3772 1880 3826 ter·
1988 3789 2062 3832 ac
2110 3768 2421 3830 sideream
2473 3764 2866 3828 mansionem
2923 3762 3194 3827 reditum
3245 3773 3481 3846 patere,

370 3885 531 3928 ram.
578 3864 737 3925 Hinc
774 3861 1070 3925 subditur
1104 3880 1119 3923 ε
1153 3865 1247 3924 De
1290 3872 1457 3923 terra
1487 3865 1663 3941 facta
1702 3872 1874 3933 sunt,
1990 3866 2226 3929 acturis
2264 3864 2566 3945 deinceps
2605 3864 2800 3926 vitam
2841 3862 3120 3942 beatam3
3153 3861 3350 3925 victas
3381 3880 3486 3926 ve-

374 3971 686 4045 quantum
736 3961 816 4023 ad
860 3979 1091 4043 corpus
1138 3960 1203 4022 in
1248 3978 1375 4042 quo
1413 3961 1749 4042 (quantum
1798 3961 1876 4023 ad
1989 3984 2082 4042 ro,
2134 3972 2381 4025 mutare
2437 3980 2679 4024 sexum.
2740 3960 2806 4023 ln
2863 3959 3172 4024 Phaedone
3229 3979 3484 4042 quoque

374 4060 739 4141 materiam)
786 4059 1173 4122 elementum
1231 4067 1411 4121 terrae
1461 4059 1880 4141 praedomina-
1988 4070 2256 4125 testatur
2290 4079 2304 4122 :
2339 4060 2736 4141 Quicumque
2775 4078 2901 4122 non
2942 4059 3246 4122 lustratus
3287 4067 3350 4121 et
3392 4058 3487 4121 in-

378 4169 498 4224 tur.
537 4160 603 4223 ln
656 4157 983 4240 aliquibus
1032 4165 1243 4220 tamen
1293 4157 1651 4240 proprietas
1698 4176 1880 4238 aquae
1988 4160 2279 4243 expiatus
2322 4159 2387 4220 in
2427 4158 2747 4223 Avernum
2784 4156 3034 4230 abierit,
3072 4156 3138 4218 in
3177 4175 3360 4221 coeno
3394 4157 3487 4238 ja-

378 4256 899 4341 praedominatur.
949 4256 1127 4319 Unde
1176 4256 1243 4317 in
1291 4255 1518 4319 Genesi
1579 4255 1810 4336 legitur
1861 4274 1875 4317 :
1912 4257 1960 4317 D
1990 4258 2192 4337 cebit3
2225 4258 2481 4320 demum
2519 4256 2808 4337 expiatus
2845 4263 3036 4337 atque
3074 4255 3374 4318 lustratus
3415 4255 3488 4317 il-

140 4376 349 4427 σφωε).
378 4356 543 4419 Dixit
574 4356 740 4417 Deus
774 4372 789 4416 ε
822 4354 1169 4417 Producant
1195 4373 1373 4435 aquae
1403 4354 1629 4435 reptile
1658 4354 1882 4418 animae
1992 4358 2121 4419 linc
2151 4356 2455 4434 migranS‚
2474 4352 2792 4415 habitabit
2819 4371 2964 4415 cum
2995 4352 3142 4414 diis.
3160 4352 3236 4413 Et
3266 4371 3486 4415 rursus

381 4454 682 4531 vive-ntis,
718 4460 782 4516 et
805 4452 1087 4515 volatile.
1122 4455 1207 4515 Et
1236 4454 1309 4513 in
1342 4463 1581 4513 terram
1601 4455 1877 4531 pariter,
1994 4452 2230 4515 ibidem
2267 4470 2281 4515 ε
2317 4451 2384 4512 ln
2428 4450 2716 4525 deorum,
2762 4447 2993 4530 inquit,
3038 4467 3238 4530 genus
3282 4447 3488 4530 philo-

380 4554 443 4616 id
488 4561 585 4616 est
625 4551 1067 4629 consimiliter,
1098 4562 1540 4623 revertuntur,
1568 4560 1879 4633 quantum
1993 4548 2291 4632 sophanti
2339 4557 2403 4610 et
2446 4568 2604 4630 pure
2648 4546 2798 4609 hinc
2844 4545 3204 4625 emigranti,
3254 4544 3350 4608 fas
3392 4550 3489 4607 est

380 4652 459 4713 ad
497 4669 752 4732 eorpuS,
798 4650 969 4731 quod
1008 4649 1073 4711 in
1116 4648 1442 4730 pulverem
1482 4648 1881 4732 cineremque
1992 4666 2226 4711 meare.
2263 4647 2546 4728 Itemque
2577 4662 2591 4707 :
2627 4643 2880 4719 Quoties
2921 4643 3158 4706 abeunt
3199 4642 3484 4705 defuncti

125 4756 353 4809 mamas.
384 4747 743 4823 resolvitur,
764 4747 943 4828 juxta
975 4746 1133 4809 illud
1166 4746 1233 4807 in
1263 4745 1489 4809 Genesi
1514 4746 1761 4811 :Pulvis
1792 4765 1876 4821 eS‚
1992 4748 2059 4810 in
2089 4747 2298 4809 locum
2332 4762 2458 4825 quo
2498 4744 2744 4807 daemon
2785 4759 3308 4822 unumquemque
3345 4758 3489 4822 por-

381 4855 445 4909 et
493 4845 559 4908 in
610 4844 943 4927 pulverem
1005 4844 1360 4907 reverteris,
1403 4843 1877 4920 Verumtamen,
1995 4845 2244 4922 tave-rit,
2279 4843 2556 4926 primum
2588 4841 2844 4923 quidem
2881 4840 2946 4901 in
2976 4858 3232 4903 causam
3261 4839 3489 4921 depor-

384 4944 550 5007 sicut
591 4943 789 5005 mixta
827 4962 906 5006 ex
945 4942 1279 5005 elementis
1317 4943 1670 5023 composita
1707 4951 1878 5021 sunt,
1994 4953 2228 5019 tantur,
2262 4951 2472 5005 utrum
2516 4940 2679 5005 bene
2709 4949 2772 5002 et
2810 4948 3025 5002 sancte
3062 4938 3373 5019 degerint,
3405 4956 3486 5001 an

384 5043 475 5105 sic
510 5042 921 5105 resolvuntur
951 5039 1018 5101 in
1045 5058 1141 5103 ea.
1183 5039 1300 5102 Sed
1336 5039 1637 5104 resolutio
1668 5040 1733 5103 in
1764 5049 1886 5103 ter-
1994 5042 2284 5105 minime.
2326 5041 2400 5102 Et
2437 5040 2828 5121 quicumque
2866 5035 3252 5099 videbuntur
3289 5035 3490 5099 medi-

386 5160 519 5203 ram
551 5139 913 5202 evidentior
941 5146 1053 5213 est,
1078 5138 1218 5201 ideo
1251 5138 1453 5219 magis
1484 5138 1880 5221 exprimitur.
1995 5141 2229 5204 ocriter
2276 5139 2471 5202 vitam
2521 5136 2924 5216 transegisse,
2974 5142 3373 5198 transeuntes
3422 5133 3488 5196 in

206 5238 266 5292 2¹
467 5240 628 5307 Quis
672 5239 881 5308 novit,
918 5238 978 5296 si
1017 5238 1291 5315 spiritus
1332 5238 1625 5315 filiorum
1668 5241 1883 5299 Adam
1995 5237 2370 5313 Acheronta,
2405 5234 2787 5317 perveniunt
2818 5234 2883 5295 in
2925 5233 3132 5296 locum
3173 5233 3284 5295 ubi
3315 5232 3490 5295 habi-

1100 540 1451 586 ENARnAno
1496 540 1558 585 m
1600 540 1738 586 cn».
1784 539 1851 584 111
1894 538 2331 587 ECCLESIASTAE.
2378 561 2459 572 --
2500 543 2641 588 ART.
2689 543 2754 589 111

3356 523 3467 587 231

370 708 651 790 probasti
701 728 838 787 nos,
886 711 1085 791 Deus3
1120 710 1267 789 igne
1314 729 1430 774 nos
1472 710 1867 773 examinasti.
1904 710 1955 772 A
1990 729 2140 774 num
2175 712 2585 775 morientium
2621 714 3018 777 deducantur
3054 714 3130 775 ad
3173 713 3280 775 Dei
3310 712 3479 794 judi-

368 808 523 869 Hinc
576 809 927 873 subditur:
960 820 1018 870 et
1066 814 1417 872 ostenderet
1460 813 1705 871 similes
1746 832 1873 871 esse

369 911 602 970 bestiis.
640 909 811 972 lstud
855 910 1141 991 loquitur
1173 908 1469 973 Salomon
1504 909 1565 971 in
1600 928 1872 991 persona

368 1007 839 1089 imperitorum,
874 1009 1277 1091 opinantium
1318 1028 1445 1071 non
1491 1026 1630 1071 esse
1675 1008 1871 1071 vitam

369 1106 679 1181 futuram,
729 1115 796 1169 et
844 1107 1243 1189 cupientium
1296 1107 1417 1170 hoc
1465 1106 1676 1189 ipsum
1726 1106 1870 1169 aliis

367 1205 795 1269 demonstrari
850 1223 864 1267 :
919 1206 1144 1287 quales
1203 1204 1463 1268 fuerunt
1520 1205 1867 1281 Sadducaei‚

367 1304 531 1367 sicut
575 1305 645 1366 in
687 1304 937 1367 actibus
982 1303 1183 1367 fertur
1226 1303 1673 1386 Apostolorum
1709 1322 1723 1365 ε
1759 1305 1868 1386 qui

388 5338 694 5399 ascendat
721 5354 1007 5407 sursum,
1042 5333 1105 5396 id
1139 5342 1254 5409 est,
1295 5352 1375 5395 an
1414 5334 1645 5398 animae
1680 5334 1887 5398 homi-

1987 810 2181 887 cium,
2217 831 2328 875 seu
2369 812 2445 874 ad
2487 813 2622 875 loca
2663 813 2978 876 coelestia2
3009 815 3155 875 etsi
3179 815 3480 890 spiritus,

1988 908 2049 970 id
2113 918 2210 972 est
2270 910 2498 973 animae
2557 911 2977 987 irrationaleS,
3024 914 3477 991 jumentorum

1984 1012 2324 1071 descendat
2365 1015 2685 1082 deorsum,
2729 1010 2792 1073 id
2838 1018 2956 1085 est,
3011 1011 3076 1072 in
3126 1009 3476 1092 potentiam

1984 1108 2263 1171 materiae
2295 1110 2637 1189 redigatur,
2659 1118 2722 1172 et
2749 1111 2826 1173 de
2855 1128 3014 1183 esse,
3039 1110 3222 1173 cadat
3248 1107 3314 1170 in
3347 1126 3476 1171 non

1984 1226 2123 1269 esse
2182 1227 2255 1270 ac
2314 1208 2378 1269 in
2439 1207 2813 1271 nihileitatis
2883 1208 3203 1290 abyssum,
3264 1206 3476 1289 potius

1982 1324 2174 1387 quam
2208 1307 2440 1369 animae
2471 1306 2826 1384 hominum,
2862 1308 3082 1388 sicque
3110 1306 3339 1369 animae
3367 1306 3478 1369 ho—

1998 5335 2257 5415 tabunt3
2291 5342 2482 5414 atque
2511 5332 2593 5395 ab
2623 5330 2958 5414 injustitiis
2989 5331 3248 5413 expiati,
3267 5332 3490 5395 dantes
