4284 6267
1075 514 1426 569 mmane
1471 520 1535 567 m
1576 518 1716 567 car.
1765 518 1830 565 tx
1871 517 2309 567 memsrasm.
2356 540 2437 551 —
2477 520 2620 567 Aur.
2666 520 2731 567 tx
3328 503 3450 567 269

325 699 502 769 rent,
541 692 646 757 vel
696 691 1090 773 adjutorium
1139 690 1558 773 implorarent
1599 709 1636 752 a
1691 690 1848 766 Dee,
1882 689 1933 752 A
1960 690 2147 772 pauci
2174 691 2321 769 viri,
2355 692 2418 754 id
2448 700 2545 756 θεῖ
2583 691 2736 756 boni
2781 690 3091 772 cogitatus
3131 698 3323 773 atque
3360 690 3452 753 af-

329 790 436 853 vel
471 790 858 854 adversariis
884 791 1341 872 persuaderent
1367 789 1684 852 recedere.
1705 788 1854 850 Tale
1964 788 2166 852 fectus
2195 789 2453 870 viriles;
2490 790 2556 852 in
2588 809 2717 872 quo
2751 809 2861 853 rex
2892 798 2989 853 est
3020 790 3219 869 rati03
3256 808 3448 871 quem

327 888 494 970 quid
537 889 777 952 accidit
819 906 1007 971 saepe.
1041 891 1130 950 Et
1167 892 1394 949 nullus
1430 890 1728 965 deinceps
1773 886 1855 949 ci·
1958 889 2310 952 circumdat
2336 889 2628 953 diabolus
2660 899 2761 953 :et
2790 889 2995 954 fomes
3028 898 3329 972 tanquam
3361 897 3450 971 ty-

329 988 518 1052 vium
563 986 748 1050 urbis
791 987 990 1061 illius,
1027 990 1400 1048 recordatus
1441 996 1532 1047 est
1571 986 1854 1047 hominis
1958 1006 2200 1051 rannus
2249 988 2581 1071 impugnat
2621 987 2941 1052 eumdem.
2988 988 3109 1052 Sed
3152 989 3250 1053 vir
3296 1006 3451 1071 pau-

329 1088 528 1148 illius
553 1088 888 1166 pauperis.
921 1086 987 1149 ln
1029 1102 1160 1167 quo
1192 1092 1411 1167 patent
1447 1103 1666 1148 eorum
1700 1083 1854 1145 insi·
1958 1105 2093 1168 per,
2132 1086 2197 1149 id
2244 1094 2340 1149 est
2387 1086 2749 1150 intellectus
2797 1096 2909 1150 aut
2955 1086 3338 1171 synderesis»,
3384 1085 3451 1147 li-

127 1197 194 1251 16
331 1185 612 1267 pientia,
647 1183 1065 1266 ingratitudo,
1109 1182 1508 1267 improbitas,
1556 1185 1644 1244 Ει
1684 1184 1853 1243 dice·
1957 1184 2137 1247 berat
2184 1204 2355 1261 eum,
2402 1186 2929 1249 remurmurando
2985 1184 3333 1267 iniquitati,
3384 1192 3450 1247 et

331 1287 490 1345 bam
527 1304 669 1361 eqo,
703 1284 1030 1346 meliorem
1071 1302 1200 1343 esse
1235 1283 1629 1361 sapientiam
1665 1282 1852 1359 forti-
1957 1282 2307 1347 erudiendo
2338 1284 2612 1366 qualiter
2644 1284 2729 1347 sit
2758 1283 3448 1347 resistendum.Hahita

335 1385 578 1444 tudine
624 1382 967 1465 corporali.
1019 1380 1348 1463 Sapientia
1398 1398 1657 1462 quoque
1706 1398 1848 1462 quae
1955 1390 2167 1445 autem
2230 1380 2518 1459 victoria,
2582 1381 2915 1445 interiores
2975 1382 3447 1464 exterioresque

331 1482 582 1543 donum
637 1488 758 1557 est,
810 1488 906 1543 est
957 1478 1212 1558 dignior
1273 1476 1646 1541 fortitudine
1706 1495 1850 1559 quae
1957 1498 2208 1557 sensuS,
2250 1488 2315 1544 et
2350 1482 2673 1563 appetitus
2717 1479 3059 1543 irascibilis
3101 1499 3173 1543 ac
3217 1496 3449 1545 concu-

331 1588 436 1641 est
467 1580 730 1642 donum.
757 1578 1064 1642 Similiter
1093 1576 1408 1659 sapientia
1435 1596 1579 1659 quse
1606 1584 1704 1640 est
1728 1576 1850 1639 vir·
1957 1577 2294 1660 piscibiliS,
2336 1588 2637 1660 tanquam
2680 1578 2837 1641 fatui
2877 1578 3071 1653 civeS,
3112 1598 3444 1642 censuram

331 1686 443 1740 tus
495 1676 976 1752 intellectualiS,
1019 1675 1255 1739 dicitur
1297 1674 1552 1756 dignior
1595 1673 1847 1738 fortitu·
1956 1675 2317 1739 intellectus
2375 1686 2567 1759 atque
2630 1677 2989 1760 synderesis
3045 1686 3440 1760 respuenteS,

333 1777 494 1841 dine
538 1795 684 1858 quae
727 1784 823 1840 est
864 1775 1071 1840 virtus
1113 1773 1477 1837 cardinalis.
1525 1776 1845 1844 Quomodo
1954 1776 2079 1839 cito
2117 1795 2190 1838 ac
2234 1775 2507 1839 faciliter
2547 1776 2919 1841 recidivant.

331 1894 488 1953 erqo
528 1877 857 1954 sapientia
892 1876 1210 1953 pauperis
1247 1881 1605 1951 contempta
1637 1881 1726 1933 est
1763 1872 1844 1935 ab
1881 1874 1926 1937 B
2033 1876 2271 1936 Melior
2310 1885 2399 1937 est
2434 1877 2781 1953 sapientia,
2815 1896 3012 1955 quam
3043 1897 3231 1937 arma
3261 1878 3442 1936 belli·
3573 1894 3639 1950 18

335 1973 472 2036 illis
505 1972 799 2054 ingratis,
830 1983 892 2033 ec
920 1976 1112 2033 verba
1139 1974 1280 2050 ejus
1316 1992 1446 2033 non
1473 1980 1626 2033 sunt
1655 1972 1846 2032 audi-
1951 1992 2027 2033 ca
2056 1974 2429 2055 corporalia,
2474 1982 2583 2035 aut
2618 1974 2831 2049 etiam,
2863 1992 3057 2055 quam
3094 1992 3269 2036 arma
3309 1972 3443 2037 bel-

335 2082 408 2133 ια
437 2072 524 2135 ab
561 2071 746 2154 ipsiS,
777 2079 1068 2135 cessante
1104 2070 1502 2134 necessitatis
1540 2067 1844 2131 articulo?
1953 2070 2074 2133 lica
2133 2073 2424 2152 quaedam
2482 2072 2840 2155 spiritualia
2893 2072 2999 2153 (de
3056 2072 3291 2153 quibus
3356 2073 3445 2135 ait

333 2171 496 2234 Nam
546 2170 822 2234 durante
868 2170 1228 2247 obsidione,
1283 2168 1542 2231 fuerunt
1599 2168 1838 2230 audita.
1952 2169 2291 2252 Apostolus
2344 2187 2359 2232 :
2410 2171 2693 2253 Accipite
2742 2179 3129 2234 armaturam
3186 2171 3318 2249 Dei,
3374 2180 3445 2234 ut
3498 2198 3735 2255 apt-ena.

143 2280 208 2335 1'1
339 2272 548 2331 Verba
564 2270 966 2348 sapientium
989 2270 1362 2330 audiuntur
1383 2269 1458 2328 in
1479 2268 1758 2335 silentio,
1778 2266 1841 2329 id
1953 2267 2211 2351 possitis
2242 2270 2534 2333 resistere
2565 2270 2632 2332 in
2661 2269 2765 2332 die
2796 2269 3011 2351 malo),
3028 2270 3093 2332 id
3123 2276 3237 2347 est,
3251 2288 3443 2352 quam
3474 2265 3541 2307 ¹³·

332 2376 438 2431 est
478 2386 517 2430 a
564 2367 804 2450 quietis
845 2366 1400 2450 prudentibusque
1447 2365 1840 2443 hominibuS,
1952 2367 2224 2431 morales
2255 2376 2319 2431 et
2357 2368 2692 2432 inferiores
2728 2368 2996 2433 virtutes
3038 2368 3446 2433 intellectua-

333 2468 406 2531 in
430 2466 674 2549 quibus
701 2474 800 2528 est
823 2465 1254 2547 tranquillitas
1279 2464 1533 2539 mentiS‚
1550 2483 1680 2528 non
1710 2483 1846 2547 pas·
1952 2464 2066 2529 les.
2100 2464 2427 2547 Siquidem
2456 2486 2532 2529 ex
2562 2486 2675 2529 sua
2703 2467 2937 2549 specie,
2970 2473 3035 2530 et
3060 2466 3307 2530 ratione
3338 2466 3443 2529 sui

333 2567 602 2630 sionum
633 2572 698 2628 et
725 2564 1031 2631 vitiorum
1065 2563 1484 2645 inquietudo:
1521 2563 1664 2627 ideo
1693 2563 1847 2625 stul·
1951 2563 2209 2645 objecti,
2256 2573 2352 2627 est
2399 2565 2527 2628 illis
2576 2565 2999 2648 praestantior.
3056 2566 3202 2629 Plus
3251 2566 3442 2629 etiam

335 2664 388 2727 ti
420 2682 554 2727 non
583 2662 856 2727 audiunt
884 2681 992 2743 ca;
1025 2666 1261 2740 mayis,
1294 2661 1359 2724 id
1388 2669 1486 2725 est
1515 2660 1842 2736 attentiuS‚
1953 2662 2123 2726 valet
2150 2663 2227 2725 ad
2260 2662 2677 2727 obtinendum
2703 2662 3035 2728 victoriam
3066 2672 3194 2727 tam
3225 2663 3292 2726 in
3322 2665 3449 2747 spi-

331 2785 544 2844 quam
595 2766 842 2823 clamor
879 2764 1212 2840 principis
1263 2764 1434 2822 inter
1480 2764 1731 2830 stultos,
1782 2757 1845 2819 id
1954 2759 2170 2824 rituali
2198 2780 2391 2843 quam
2422 2761 2735 2844 corporali
2766 2778 2998 2845 pugna,
3031 2781 3232 2844 quam
3264 2762 3450 2826 belli-

333 2869 438 2935 θεῖ
484 2860 888 2945 passionatos
935 2867 1001 2922 et
1045 2858 1506 2941 imprudenteS,
1555 2857 1670 2940 qui
1716 2875 1844 2921 non
1955 2877 2029 2922 ca
2066 2877 2264 2921 arma.
2286 2861 2514 2939 Ecqui
2540 2861 2612 2923 in
2650 2879 2776 2921 uno
2796 2863 3187 2937 peccaverit,
3220 2859 3283 2922 id
3324 2868 3443 2937 est,

335 2962 690 3025 advertunt
738 2957 865 3021 nisi
913 2957 1038 3021 sibi
1082 2956 1424 3040 placentia.
1955 2958 2401 3039 quodcumque
2442 2957 2711 3020 mortale
2746 2964 3079 3040 peccatum
3124 2958 3442 3036 inciderit,

421 3058 755 3133 Praeterea,
803 3074 919 3139 per
965 3056 1289 3120 civitatem
1339 3055 1507 3119 hanc
1551 3074 1842 3137 parvam,
1881 3054 1926 3118 C
1957 3060 2164 3118 malta
2195 3060 2359 3118 bona
2378 3060 2604 3134 perdet
2624 3077 2646 3117 .·
2666 3056 2820 3137 quia
2849 3057 3170 3139 peccando
3211 3056 3448 3119 amittit

336 3156 532 3220 multi
561 3155 938 3237 intelligunt
963 3154 1314 3217 Ecclesiam
1345 3154 1678 3230 humilem,
1712 3172 1848 3237 pro-
1955 3154 2302 3231 ceritatem,
2336 3163 2704 3237 ceterasque
2745 3154 3011 3217 virtutes
3044 3154 3292 3217 infusas
3322 3153 3449 3218 for-

339 3256 485 3339 pria
519 3253 925 3337 reputatione
965 3271 1249 3336 parvam,
1284 3261 1348 3317 et
1377 3272 1520 3335 quae
1561 3252 1628 3315 in
1660 3272 1847 3317 exor—
1954 3261 2176 3331 mataS,
2210 3254 2288 3315 ad
2325 3252 2537 3315 minus
2575 3262 2888 3334 quantum
2938 3252 3016 3315 ad
3056 3270 3194 3316 esse
3224 3271 3441 3316 earum

333 3354 450 3419 dio
487 3371 608 3417 suo
646 3352 771 3415 fuit
803 3369 1024 3433 parva,
1057 3350 1225 3414 sicut
1267 3352 1336 3413 in
1367 3350 1715 3433 Evangelio
1755 3351 1846 3414 ait
1955 3350 2299 3414 formatum
2344 3368 2359 3413 ε
2404 3351 2709 3434 quoniam
2753 3348 3111 3416 formantur
3158 3359 3223 3414 et
3262 3351 3447 3414 deco-

60 3469 305 3523 Lama-2.
337 3452 638 3518 Salvator
662 3449 902 3515 :Nolite
935 3449 1472 3532 timere,pusillus
1500 3450 1846 3530 grex.Con-
1955 3459 2189 3525 rantur,
2203 3458 2394 3532 atque
2424 3450 2501 3513 ad
2532 3449 2924 3532 operandum
2952 3449 3278 3513 meritorie
3308 3450 3448 3513 red-

337 3562 444 3617 tra
480 3570 677 3634 quam
710 3548 886 3614 venit
927 3566 1038 3611 rex
1073 3564 1362 3627 magnus,
1391 3546 1456 3611 id
1495 3557 1591 3611 est
1627 3549 1846 3612 diabo-
1955 3549 2193 3612 duntur
2230 3548 2475 3612 idoneae
2510 3567 2547 3610 a
2582 3547 2865 3624 caritate,
2893 3567 3035 3629 quae
3075 3556 3172 3612 est
3211 3547 3443 3626 forma,

61 3675 312 3728 zatun.
339 3651 482 3715 lus:
509 3648 618 3713 cui
645 3649 714 3711 in
744 3645 1048 3711 Zacharia
1073 3645 1311 3709 dicitur
1335 3644 1518 3721 :Quis
1551 3654 1640 3724 tu,
1660 3666 1844 3711 mons
1953 3646 2104 3725 vita,
2137 3646 2329 3709 decor
2372 3656 2434 3709 et
2475 3654 2690 3711 vertex
2740 3646 3073 3724 virtutum,
3105 3647 3336 3711 motrix
3380 3657 3443 3711 et

341 3767 599 3831 magne,
613 3755 836 3812 contra
867 3743 1204 3809 Zorobabel
1235 3744 1302 3806 in
1332 3743 1842 3827 planum‘lQuem
1952 3744 2324 3828 imperatrix
2382 3764 2623 3807 earum.
2672 3744 2928 3807 Amittit
2977 3746 3168 3809 etiam
3226 3746 3443 3809 omnia

78 3864 310 3917 aman.
339 3849 638 3913 Christus
689 3846 1048 3930 principem
1107 3843 1331 3907 mundi
1391 3844 1582 3926 hujus
1631 3846 1848 3928 appel-
1951 3844 2182 3907 merita
2224 3862 2339 3906 sua
2380 3843 2749 3926 praehabita,
2792 3845 3439 3925 communionemque

65 3930 312 4042 ²}ghu35·
342 3948 438 4011 lat
470 3966 484 4009 :
521 3946 632 4029 qui
665 3952 764 4009 est
795 3962 905 4007 rex
943 3962 1136 4026 super
1165 3960 1388 4007 omnes
1419 3942 1593 4006 filios
1631 3962 1849 4026 super·
1953 3942 2202 4026 mystici
2252 3942 2535 4025 corporis
2587 3942 2863 4023 Christi3
2913 3951 2977 4006 et
3021 3943 3259 4007 desinit
3303 3962 3445 4008 esse

1953 4042 2335 4117 membrum,
2370 4042 2663 4105 minister
2708 4062 2781 4105 ac
2826 4042 3013 4105 miles
3056 4043 3189 4119 Dei,
3236 4042 3443 4125 fitque

341 4046 494 4109 biae.
541 4044 656 4107 Hic
697 4063 812 4127 per
858 4062 927 4105 se
974 4050 1039 4105 et
1085 4041 1347 4124 angelos
1394 4060 1566 4120 suos,
1611 4060 1683 4105 ac
1734 4062 1848 4125 per

341 4154 678 4228 tyrannm,
711 4162 824 4225 per
863 4140 1298 4205 heresiarchas
1337 4149 1530 4223 atque
1569 4140 1849 4224 philoso-
1954 4160 2177 4206 servus
2215 4149 2280 4204 et
2316 4141 2670 4204 membrum
2711 4141 2973 4204 diaboli.
3007 4141 3129 4205 Sed
3168 4150 3233 4206 et
3274 4161 3445 4205 sum-

344 4244 537 4327 phoS,
561 4240 1004 4323 multipliciter
1033 4238 1429 4321 oppugnavit
1467 4238 1839 4303 Ecclesiam.
1869 4242 1920 4304 D
1958 4259 2130 4302 mum
2160 4249 2223 4303 et
2253 4239 2774 4303 incommutabile
2804 4239 3068 4318 bonum,
3089 4241 3285 4303 Deum
3315 4260 3445 4305 cre-

84 4356 112 4399 11
125 4358 220 4404 Cor.
228 4373 314 4411 vm,

74 4554 320 4610 Limnias.

87 5046 315 5107 ριειερμιι,

341 4342 638 4407 Christus
667 4347 878 4403 autem
908 4346 1170 4421 propter
1201 4356 1316 4401 nos
1347 4356 1588 4421 pauper
1620 4337 1840 4409 factus,

343 4460 464 4524 per
492 4437 880 4520 evangelicae
918 4436 1078 4518 legis
1108 4436 1511 4518 sapientiam,
1546 4435 1845 4502 liberavit

347 4538 702 4603 Ecclesiam
737 4552 752 4598 :
783 4536 938 4617 Ego,
979 4534 1303 4615 inquiens,
1340 4533 1505 4597 dabo
1549 4534 1730 4599 vobis
1772 4553 1843 4598 os

343 4648 411 4701 et
457 4634 864 4720 sapientiam,
901 4633 1008 4696 cui
1051 4652 1179 4697 non
1215 4640 1513 4716 poterunt
1547 4633 1841 4699 resistere

344 4746 410 4800 et
437 4734 876 4800 contradicere
901 4751 1126 4797 omnes
1158 4730 1505 4796 adversarii
1536 4732 1752 4796 vestri.
1775 4733 1843 4795 ln

343 4833 636 4901 Ecclesia
675 4840 886 4895 autem
927 4838 1078 4894 sunt
1114 4830 1300 4913 pauci
1342 4830 1464 4894 viri
1505 4828 1838 4909 virtutum,

343 4943 412 4997 et
463 4931 652 5016 pauci
699 4930 922 5010 electi3
975 4930 1087 4993 sed
1127 4928 1494 5011 paucissimi
1539 4928 1842 5012 deinceps

345 5042 502 5096 sunt
549 5048 862 5095 memores
907 5027 1252 5092 Salvatoris
1297 5044 1312 5088 ε
1357 5028 1661 5109 quoniam
1712 5048 1844 5092 om-

344 5151 486 5209 nes,
542 5146 689 5212 quoe
745 5146 862 5191 sua
918 5133 1090 5203 sunt,
1143 5132 1461 5207 quaerunt,
1514 5143 1643 5188 non
1699 5144 1842 5207 quae

343 5228 608 5291 Christi.
643 5263 719 5273 —
747 5226 1013 5307 Insuper
1059 5231 1268 5306 potest
1318 5243 1432 5306 per
1483 5222 1704 5287 urbem
1757 5225 1842 5287 is-

1953 4346 2195 4401 atorem
2253 4356 2326 4401 ac
2386 4336 2762 4401 salvatorem
2820 4356 3007 4399 suum
3065 4338 3324 4416 amittit,
3380 4348 3444 4401 et

1952 4436 2416 4519 pretiosissima
2461 4435 2627 4500 bona
2662 4434 2881 4517 gloriae
2917 4437 3257 4501 aeternalis
3292 4438 3435 4503 ldeo

1949 4533 2217 4597 Jacobus
2266 4532 2427 4595 dixit
2470 4533 2795 4616 apostolus
2842 4551 2857 4597 τ
2897 4533 3294 4617 Quicumque
3344 4544 3440 4600 to-
3512 4569 3730 4622 mom,

1952 4642 2078 4695 tam
2124 4631 2333 4712 legem
2366 4631 2747 4713 impleverit,
2785 4631 3077 4697 offendat
3111 4642 3322 4697 autem
3368 4633 3435 4696 in
3474 4636 3536 4677 ¹⁰-

1953 4749 2103 4808 uno,
2137 4728 2345 4793 factus
2388 4738 2486 4793 est
2516 4730 2803 4793 omnium
2836 4750 3005 4795 reus.
3040 4732 3199 4797 Ecce
3236 4750 3440 4813 quan-

1951 4838 2015 4892 ta
2055 4838 2153 4893 est
2194 4828 2516 4912 peccantis
2555 4828 2844 4905 stultitia,
2878 4830 2988 4913 qui
3032 4849 3147 4913 pro
3184 4831 3435 4896 modica

1950 4928 2277 5010 voluptate
2315 4925 2587 4990 incurrit
2622 4935 2686 4989 et
2728 4926 2967 5007 infligit
3008 4928 3128 4991 sibi
3174 4929 3297 5011 ipsi
3341 4937 3440 4993 tot

1949 5027 2202 5104 damna,
2249 5034 2312 5089 et
2358 5024 2738 5108 sapientiam
2785 5033 3178 5108 aspernatur.
3214 5027 3437 5090 Videat

1949 5124 2074 5189 sibi
2104 5124 2569 5205 unusquisque,
2606 5142 2687 5187 ne
2718 5122 3069 5205 sapientem
3104 5125 3432 5208 despiciat,

1944 5233 2057 5287 aut
2103 5222 2481 5306 sapientiam
2537 5222 2717 5305 parvi
2776 5221 3013 5304 pendat
3060 5242 3075 5286 ε
3127 5224 3428 5303 quoniam

345 5334 498 5405 tam,
533 5324 806 5406 intelligi
835 5322 1112 5407 quilibet
1141 5320 1331 5387 homo
1367 5338 1381 5384 ε
1416 5321 1482 5383 in
1517 5339 1646 5403 quo
1685 5332 1834 5386 sunt
1946 5321 2067 5387 hoc
2092 5331 2195 5387 est
2227 5340 2426 5384 unum
2462 5321 2543 5385 de
2581 5320 2875 5385 maximis
2905 5319 3115 5399 malis,
3144 5339 3287 5402 quae
3327 5342 3435 5409 ge-
