4284 6267
677 1182 743 1235 12

864 490 985 555 508

1536 509 1890 557 malumno
1934 510 1999 557 m
2040 510 2181 557 cAP.
2227 510 2293 555 lx
2333 509 2492 555 unm
2535 509 2892 556 summm.
2935 530 3016 540 —
3051 510 3194 558 Am.
3239 512 3302 557 lx

869 697 1105 742 nomen
1148 699 1371 759 suum3
1404 692 1465 742 et
1503 684 1817 743 custodiet
1860 702 1961 743 me
2000 684 2071 743 in
2112 702 2234 742 sua
2259 701 2366 758 po·
2389 678 2443 741 A
2474 679 2902 744 sanctificatio
2944 691 3184 761 vestra3
3231 690 3293 745 et
3330 702 3571 759 rursuS,
3613 683 3775 745 Deus
3823 684 3956 746 vult
3987 702 4223 747 mmm.
4261 685 4263 753 ζ

870 780 1097 847 tentia,
1136 778 1199 840 id
1231 787 1346 853 est,
1384 800 1421 841 a
1450 780 1635 842 ruina
1664 798 1767 842 me
1806 778 2222 862 praeservabit
2250 798 2363 840 sua

869 877 1128 960 propria
1180 886 1505 960 potestate,
1550 879 1652 941 cui
1692 878 1907 941 nullus
1954 887 2162 960 potest
2211 877 2363 939 rcsi-

868 985 1056 1039 sterc.
1103 977 1243 1058 Ipse
1290 978 1531 1059 quippe
1579 984 1677 1040 est
1724 977 2097 1060 principalis
2147 986 2361 1041 custos

871 1074 1217 1139 electorum
1250 1094 1509 1139 suorum
1548 1094 1561 1138 :
1597 1078 1707 1158 qui
1748 1085 1812 1139 et
1842 1096 1955 1159 per
1988 1076 2246 1157 angelos
2287 1095 2360 1138 ac

872 1174 1163 1254 praelatos
1202 1174 1479 1238 custodit
1526 1194 1679 1238 oves
1720 1195 1889 1238 suas,
1926 1178 2005 1237 Ec
2043 1186 2234 1235 erunt
2261 1196 2362 1235 ac—

868 1283 1049 1349 cepta
1085 1294 1276 1351 opera
1316 1296 1491 1346 mea,·
1518 1286 1576 1335 et
1612 1276 1981 1351 disponam,
2014 1273 2076 1337 id
2115 1282 2232 1349 est,
2268 1292 2362 1335 rc-

866 1388 1009 1450 gam
1041 1391 1114 1434 ac
1145 1372 1478 1450 ordinabo,
1510 1378 1824 1452 populum
1866 1385 2049 1434 tuum
2067 1374 2274 1451 juste,
2303 1382 2362 1433 et

864 1490 973 1531 ero
1016 1473 1258 1547 dt'ynus
1300 1474 1553 1532 sedium
1582 1474 1799 1549 patris
1848 1475 1999 1541 mei,
2030 1470 2093 1533 id
2125 1480 2243 1545 est,
2276 1471 2364 1533 di·

866 1588 1033 1649 gnus
1079 1587 1188 1632 ero
1238 1570 1457 1632 sedere
1500 1589 1571 1632 ac
1615 1570 1955 1652 praesidere
1996 1570 2236 1652 populo
2281 1569 2363 1630 ls-

818 1744 823 1751 ι
870 1666 1024 1744 rael,
1069 1667 1405 1731 residendo
1454 1667 1521 1729 in
1564 1668 1795 1731 throno
1847 1667 2040 1748 regali
2084 1686 2159 1730 ac
2201 1667 2360 1730 solio

602 1974 679 2016 Pe.
699 1987 838 2026 cxviii,

576 2038 667 2079 ¹21.

594 2100 675 2143 1³⁸.
697 2113 734 2147 ι..
752 2101 815 2142 ¹5.

676 2174 742 2228 13

576 2966 753 3021 Actu.
772 2976 838 3017 27.

614 4246 709 4291 Jer-
727 4262 842 4307 xxm,

582 4312 647 4355 ¹8.

605 4543 725 4587 laid.
746 4547 813 4589 2⁰.

577 4734 689 4778 Rom
717 4738 840 4785 xuu.

576 5268 607 5375 al
624 5268 771 5315 ram.
784 5285 843 5321 iv,

865 1765 1182 1848 judiciali,
1215 1775 1408 1848 atque
1461 1766 1527 1828 in
1578 1767 1877 1830 cathedra
1918 1766 2250 1843 doctorali,
2294 1762 2369 1827 in‘

2471 797 2692 841 omnes
2723 778 3018 843 homines
3047 781 3256 845 salvos
3290 780 3460 858 fieri,
3493 790 3554 845 et
3582 784 3658 844 ad
3691 782 3962 863 agnitio-

2471 896 2618 939 nem
2661 878 2948 942 veritatis
2989 880 3227 942 venire.
3265 880 3424 943 Hinc
3459 880 3766 962 scriptum
3808 890 3906 943 est
3939 901 3954 945 ε

2470 976 2640 1038 Beati
2671 996 2892 1038 sumus
2919 996 3050 1051 ηοε,
3077 978 3376 1058 quoniam
3399 997 3541 1059 quae
3569 979 3696 1042 Deo
3724 978 3958 1060 placita
4005 999 4223 1044 earm-v.

2471 1083 2642 1150 sunt,
2678 1073 3019 1139 manifesta
3049 1086 3198 1138 sunt
3225 1076 3434 1139 nobis,
3456 1076 3776 1152 Quomodo
3808 1096 3958 1157 ergo
3985 1062 4012 1101 ⁴

2471 1192 2659 1236 nemo
2691 1181 2894 1256 potest
2932 1174 3208 1255 cogitare
3236 1176 3393 1256 quid
3433 1176 3590 1239 velit
3619 1177 3801 1254 DeuS,
3834 1177 3958 1237 nisi

2471 1272 2538 1333 in
2571 1281 2878 1352 quantum
2921 1273 3082 1336 Deus
3135 1273 3296 1336 illud
3340 1273 3744 1337 manifestat?
3777 1276 3962 1337 Deni-

2470 1388 2596 1451 que
2625 1372 2912 1451 quaedam
2947 1380 3092 1434 sunt
3128 1371 3592 1450 indifferentia,
3626 1373 3687 1435 id
3721 1382 3812 1435 est
3843 1392 3960 1435 nec

2471 1468 2640 1531 bona
2703 1488 2820 1532 nec
2869 1470 3036 1533 mala
3094 1470 3441 1547 moraliter,
3493 1472 3605 1533 sed
3662 1472 3962 1552 prodesse

2472 1576 2740 1648 possunt
2782 1576 2976 1649 atque
3023 1568 3248 1632 obesse
3283 1586 3298 1630 ε
3333 1578 3396 1631 et
3425 1570 3504 1632 de
3537 1568 3770 1633 talibus
3808 1569 3961 1631 latet

2471 1684 2588 1728 nos
2630 1666 2785 1746 quid
2835 1667 2990 1729 velit
3045 1669 3225 1742 DeuS,
3265 1677 3375 1730 aut
3412 1668 3570 1749 quid
3619 1667 3818 1748 magis
3855 1688 3962 1730 ex-

2472 1764 2687 1846 pediat
2737 1764 2942 1828 nobis,
2976 1766 3060 1828 De
3104 1766 3340 1847 quibus
3379 1767 3571 1829 etiam
3602 1765 3961 1847 intelligen-

870 1864 1104 1946 quibus
1148 1865 1345 1929 David
1386 1875 1561 1947 pater
1600 1885 1779 1928 meus
1817 1864 2007 1945 digne
2045 1865 2356 1941 consedit,
2401 1869 2444 1930 B
2472 1864 2626 1925 dum
2675 1872 2968 1926 censetur
3011 1866 3180 1945 quod
3230 1865 3568 1949 Apostolus
3613 1865 3894 1947 loquitur
3939 1885 3954 1929 z

872 1962 1113 2028 faciens
1143 1963 1453 2045 Judicium
1478 1974 1541 2027 et
1570 1964 1883 2046 justitiam
1913 1964 2088 2028 omni
2122 1963 2361 2045 populo

868 2080 1006 2137 suc,
1051 2071 1113 2125 ct
1142 2062 1303 2125 dixit
1336 2082 1351 2127 ε
1387 2062 1633 2127 Docebo
1665 2062 1919 2143 iniquos
1950 2062 2085 2126 vias
2114 2070 2278 2125 tuas,

952 2164 1109 2229 Quis
1138 2164 1311 2221 enim
1342 2163 1681 2222 hominum
1708 2164 1941 2238 poterit
1970 2164 2133 2221 scire
2161 2163 2364 2222 consi-

868 2261 1035 2320 lium
1066 2261 1232 2320 Dei?
1260 2259 1444 2341 quasi
1476 2258 1646 2322 dicat
1676 2277 1689 2321 :
1726 2259 1970 2335 NulluS,
2007 2259 2132 2321 nisi
2162 2278 2364 2339 quan·

868 2366 1000 2419 tum
1036 2356 1229 2419 suerit
1260 2358 1317 2420 ei
1350 2357 1624 2421 mediate
1653 2358 1752 2421 vel
1787 2357 2154 2421 immediate
2183 2358 2363 2420 desu-

868 2474 981 2537 per
1032 2454 1404 2518 revelatum.
1455 2455 1689 2537 Sicque
1733 2455 1968 2519 scimus
2018 2455 2358 2519 consilium

868 2554 1397 2635 superadorandae
1428 2564 1491 2618 et
1520 2554 2202 2638 supersapientissimae
2232 2554 2362 2615 Tri-

870 2652 1087 2713 nitatis
1118 2672 1308 2734 super
1337 2654 1527 2717 modo
1566 2654 1936 2717 salvationis
1965 2653 2216 2732 generis
2249 2653 2364 2714 hu-

869 2750 1043 2811 mani
1076 2769 1188 2833 per
1213 2750 1713 2815 incarnationem
1746 2760 1807 2814 et
1834 2752 2193 2834 passionem
2216 2752 2364 2815 Ver-

871 2847 934 2910 bi
967 2848 1209 2911 aeterni.
1244 2848 1347 2912 Sic
1385 2868 1642 2931 quoque
1681 2850 1962 2931 loquitur
2002 2850 2068 2911 in
2097 2850 2362 2914 Actibus

869 2946 1096 3009 Paulus
1126 2964 1140 3009 ε
1176 2946 1311 3010 Non
1342 2947 1700 3027 subterfugi
1738 2948 2084 3029 quominus
2121 2967 2364 3010 annun-

869 3044 1089 3107 tiarem
1125 3045 1305 3109 vobis
1347 3064 1537 3108 omne
1567 3046 1906 3109 consilium
1944 3045 2067 3109 Dei.
2101 3047 2360 3109 Praeter-
2397 3040 2441 3104 C
2471 3044 2771 3108 omnibus
2819 3044 3066 3107 metuit.
3117 3046 3340 3107 Beatus
3383 3046 3556 3107 enim
3603 3047 3791 3111 homo
3839 3049 3950 3130 qui
3983 3040 4052 3079 ²⁷·

2473 3162 2726 3224 semper
2757 3152 2854 3205 est
2882 3144 3174 3225 pavidus.
3208 3143 3386 3206 Unde
3417 3153 3479 3206 et
3508 3154 3762 3208 sanctus
3790 3147 3904 3211 Job
3935 3166 3950 3209 ε
3983 3178 4010 3205 x

867 3161 941 3205 ea
994 3143 1195 3225 quaeri
1254 3153 1475 3225 potest,
1531 3144 1807 3225 qualiter
1865 3146 1989 3208 Deo
2038 3145 2361 3207 adscriba-

868 3248 971 3302 tur
1000 3241 1364 3316 consilium,
1402 3260 1599 3322 quum
1643 3250 1883 3304 asserat
1914 3244 2359 3319 DamascenuS,

868 3339 1208 3402 consilium
1252 3359 1391 3403 csse
1432 3340 1783 3421 ignorantis
1830 3350 2091 3404 naturae.
2124 3341 2202 3401 Et
2241 3360 2366 3403 res-

868 3439 1305 3522 pondendum,
1338 3439 1509 3519 quod
1542 3438 1881 3501 consilium
1915 3440 2172 3522 proprie
2203 3460 2368 3502 sum-

878 3547 1082 3619 ptum,
1135 3537 1372 3601 dicitur
1430 3537 1767 3619 inquisitio
1821 3539 1901 3601 de
1948 3539 2211 3618 agendis
2262 3540 2363 3602 vel

868 3636 1237 3701 omittendis
1276 3654 1289 3697 :
1334 3644 1397 3698 et
1442 3635 1529 3698 ita
1570 3655 1643 3699 ex
1685 3636 2042 3716 ignorantia
2090 3638 2362 3718 quadam

874 3735 1183 3817 procedit.
1220 3736 1344 3797 Deo
1385 3734 1579 3815 igitur
1622 3752 1749 3797 non
1796 3734 2202 3812 adscribitur,
2240 3736 2363 3798 nisi

877 3832 1367 3915 imperfectione
1401 3834 1521 3895 ista
1551 3833 1819 3907 seclusa,
1855 3842 1917 3895 et
1944 3842 2254 3914 quantum
2286 3836 2364 3897 ad

876 3933 941 3995 id
986 3933 1154 4013 quod
1194 3930 1611 4013 perfectionis
1665 3931 1728 3992 in
1783 3932 1922 4013 ipso
1952 3940 2068 4007 est,
2122 3932 2366 3995 scilicet

870 4032 1081 4112 quoad
1110 4030 1481 4109 diligentem
1516 4029 2113 4093 considerationem.
2149 4031 2366 4113 ltaque

871 4148 1060 4191 nemo
1118 4128 1240 4191 scit
1288 4128 1630 4192 consilium
1688 4129 1819 4203 Dei,
1874 4128 1997 4191 nisi
2054 4129 2364 4194 divinitus

2470 1962 2628 2036 Quid
2661 1982 2914 2025 oremus
2955 1963 3118 2027 sicut
3147 1974 3416 2046 oportet,
3453 1965 3792 2028 nescimus,

2573 2064 2995 2138 Coqitationes
3033 2064 3208 2123 enim
3265 2066 3640 2125 mortalium
3687 2066 3954 2126 cimidoe.
3989 2072 4014 2083 ”

2471 2161 2728 2223 Constat
2775 2160 2943 2240 quod
2995 2160 3410 2240 cogitationes
3461 2162 3806 2225 multorum
3849 2163 3962 2226 ho·

2472 2258 2720 2320 minum
2780 2258 2908 2319 sint
2963 2260 3254 2336 audace8‚
3308 2268 3846 2342 praesumptuosae,
3897 2269 3963 2323 et

2472 2358 2895 2438 quorumdam
2953 2376 3193 2420 securae
3259 2366 3322 2421 et
3381 2357 3609 2421 firmae.
3669 2358 3960 2422 Attamen

2471 2454 2642 2517 circa
2689 2454 3099 2536 particularia
3128 2456 3330 2518 multa
3359 2457 3624 2536 agenda,
3655 2466 3804 2519 sunt
3833 2456 3962 2520 for-

2472 2553 2799 2616 midolosae
2834 2574 2847 2617 :
2883 2554 3035 2634 quia
3068 2573 3180 2636 pro
3221 2563 3392 2617 certo
3431 2574 3558 2619 non
3599 2563 3770 2637 patet
3804 2556 3960 2637 quid

2470 2650 2746 2733 amplius
2798 2650 3088 2715 conferat
3144 2653 3221 2713 ad
3273 2653 3542 2715 salutem
3593 2672 3702 2716 seu
3757 2652 3958 2717 finem

4025 1981 4144 2023 Rom.
4159 1994 4222 2025 rut.

4099 2100 4154 2153 14

2473 2750 2810 2827 intentum,
2853 2759 2918 2813 et
2960 2750 3115 2831 quia
3161 2750 3479 2813 nescimus
3527 2770 3604 2813 an
3649 2751 3846 2814 simus
3891 2753 3956 2815 in
3989 2772 4221 2817 Eccum.

2469 2848 2732 2911 caritate
2757 2846 3120 2913 finaliterve
3151 2848 3452 2911 salvandi.
3473 2850 3730 2931 Propter
3758 2852 3953 2931 quod,

2471 2946 2636 3009 sieut
2681 2946 2744 3008 in
2793 2946 3236 3011 Ecclesiastico
3282 2946 3534 3027 legitur,
3577 2947 3836 3030 Sapiens
3887 2951 3954 3013 in
3995 2974 4222 3017 ficetum

4013 3178 4118 3214 xruz,
4141 3168 4190 3206 tt
4270 3142 4271 3179 ¹

2473 3242 2772 3319 Verebar,
2799 3242 2908 3319 ait,
2933 3242 3150 3304 omnia
3182 3261 3378 3323 opera
3401 3261 3561 3305 mea.
3586 3247 3672 3305 Ec
3704 3247 3956 3308 inoerece
4001 3265 4212 3310 mnes.

2474 3349 2623 3403 sunt
2658 3343 3089 3417 providentia»
3131 3350 3364 3403 nostroe
3397 3363 3421 3401 .·
3449 3341 3602 3422 quia
3650 3361 3776 3407 non
3819 3364 3957 3426 pos-

2474 3458 2694 3501 sumus
2753 3438 2970 3501 omnia
3028 3438 3378 3520 praevidere
3441 3440 3506 3501 in
3569 3441 3954 3523 particulari,

2473 3556 2615 3618 quae
2663 3545 2932 3619 possunt
2977 3554 3330 3600 occurrere.
3383 3538 3527 3602 ideo
3575 3558 3742 3622 saepe
3787 3550 3962 3622 puta—

2473 3655 2616 3697 mus
2647 3654 2785 3698 esse
2815 3635 3179 3717 expedienS,
3214 3638 3383 3716 quod
3423 3637 3634 3718 potius
3667 3648 3872 3715 nocet,
3905 3648 3965 3701 et

2475 3751 2840 3797 econverso.
2877 3733 3032 3796 Hinc
3055 3734 3120 3795 in
3152 3734 3383 3796 talibus
3414 3735 3776 3817 indigemus
3803 3738 3964 3801 dono

2476 3832 2754 3907 consilii,
2806 3851 2934 3913 quo
2986 3852 3023 3893 a
3069 3832 3313 3914 Spiritu
3361 3833 3589 3897 Sancto
3635 3835 3965 3915 dirigimur

2475 3950 2548 3993 ac
2602 3930 2900 4011 juvamur
2957 3932 3036 3993 ad
3095 3931 3579 4009 consulendum,
3644 3933 3966 4015 inquiren—

2476 4028 2652 4105 dum,
2689 4036 2751 4091 et
2809 4030 3274 4111 providendum
3323 4030 3480 4112 quid
3530 4032 3734 4112 magis
3785 4052 3964 4115 expe-

2479 4127 2632 4189 diat.
2671 4126 2828 4190 Hinc
2864 4144 3122 4208 quoque
3160 4127 3226 4189 in
3271 4128 3518 4208 legibus
3559 4128 3859 4192 humanis
3905 4137 3964 4192 et

872 4228 1211 4291 reveletur.
1267 4227 1604 4307 Propterea
1652 4227 1959 4309 scriptum
2005 4236 2105 4289 est
2153 4246 2167 4290 :
2217 4227 2366 4303 Quis
2398 4234 2448 4296 D
2476 4224 2766 4309 positivis
2816 4234 3066 4307 oportet
3099 4224 3470 4307 frequenter
3516 4226 3662 4290 fieri
3715 4228 3963 4309 dispen—

872 4325 1081 4389 adsuit
1112 4325 1178 4386 in
1208 4323 1483 4388 consilio
1526 4324 1798 4402 Domini,
1835 4333 1895 4388 et
1928 4325 2110 4403 vidit,
2159 4335 2223 4389 et
2257 4346 2365 4389 au-

872 4424 1034 4488 divit
1090 4442 1447 4487 sermonem
1510 4424 1695 4505 ejus?
1758 4423 1833 4485 Et
1880 4432 2090 4487 tamen
2140 4426 2364 4488 eodem

874 4521 1153 4604 capitulo
1199 4522 1506 4584 Dominus
1552 4521 1780 4584 asserit
1824 4539 1837 4583 ε
1878 4522 1947 4584 ln
1999 4523 2366 4586 novissimis

872 4620 1099 4683 diebus
1157 4620 1529 4701 intelligetis
1580 4619 1921 4682 consilium
1974 4640 2209 4684 meum.
2265 4620 2368 4685 Sic

876 4728 940 4781 et
970 4718 1310 4802 Apostolus
1348 4717 1720 4791 dixitzQuis
1764 4719 2061 4798 cognovit
2108 4739 2366 4783 sensum

874 4816 1174 4881 Domini?
1213 4823 1323 4879 aut
1365 4816 1511 4897 quis
1570 4815 1977 4879 consiliarius
2018 4818 2159 4898 ejus
2203 4817 2367 4880 fuit?

971 4918 1107 4977 Aut
1162 4917 1311 4995 quis
1363 4918 1602 4991 poterit
1658 4916 1941 4991 coyitare
1994 4918 2158 4994 quid
2216 4920 2370 4978 velit

878 5016 1093 5075 Deus?
1122 5012 1376 5075 Certum
1416 5020 1512 5074 est
1542 5013 1713 5093 quod
1746 5012 1909 5075 Deus
1946 5012 2264 5093 gloriosus
2308 5024 2371 5078 et

872 5119 1129 5175 sanctus
1184 5110 1324 5173 vult
1376 5129 1569 5174 omne
1628 5111 1867 5174 bonum
1927 5111 2264 5190 virtutum,
2309 5122 2372 5176 et

872 5210 1190 5291 quidquid
1238 5210 1541 5291 praecepit
1580 5217 1771 5290 atque
1811 5209 2155 5275 consuluit.
2195 5212 2372 5275 Unde

877 5318 943 5371 et
982 5307 1214 5371 Paulus
1251 5326 1265 5371 ε
1300 5308 1443 5371 Haec
1492 5316 1609 5385 est,
1646 5307 1876 5391 inquit,
1915 5309 2208 5373 voluntas
2237 5310 2368 5389 Dei,

2476 4324 2774 4402 satione5‚
2799 4324 2952 4405 quia
2982 4343 3108 4388 non
3143 4333 3352 4406 potest
3397 4325 3722 4404 legislator
3750 4327 3962 4408 praevi-

2474 4425 2624 4486 dere
2667 4432 2776 4485 aut
2823 4423 3176 4505 exprimere
3227 4424 3559 4488 universos
3614 4444 3800 4487 casus
3857 4425 3956 4507 qui

2475 4530 2744 4603 possunt
2782 4540 3124 4601 emergere.

2561 4625 2799 4699 Corpus
2841 4623 3016 4681 enim
3053 4624 3223 4700 quod
3259 4624 3723 4700 corrumpitur,
3766 4623 3828 4686 id
3869 4630 3957 4685 est

2476 4738 2706 4802 corpus
2738 4717 3178 4800 corruptibile,
3213 4719 3380 4800 quod
3413 4728 3476 4781 et
3514 4720 3802 4800 quotidie
3833 4729 3956 4783 ten-

2475 4819 2570 4881 dit
2626 4817 2702 4879 ad
2755 4816 3252 4898 corruptionem,
3295 4828 3610 4895 aqyravat
3645 4822 3953 4887 animam,

2479 4918 2542 4979 id
2591 4923 2708 4992 est,
2761 4934 2798 4977 a
2846 4913 3288 4996 spiritualibus
3344 4914 3662 4978 exercitiis
3712 4924 3774 4979 et
3820 4935 3958 4979 con-

2478 5012 2974 5077 siderationibus
3024 5011 3564 5076 intellectualibus
3606 5013 3959 5095 frequenter

2480 5111 2744 5175 retrahit
2773 5130 2845 5174 ac
2877 5110 3146 5193 impedit
3177 5130 3337 5188 eam,
3361 5120 3618 5195 propter
3647 5113 3876 5174 multas
3903 5120 3955 5175 et

2479 5210 2686 5273 varias
2718 5209 3252 5290 quotidianasque
3276 5210 3778 5273 necessitudines
3805 5229 3952 5279 suas,

2486 5308 2899 5373 infirmitates
2947 5327 3020 5372 ac
3069 5307 3466 5389 fragilitates,
3517 5316 3708 5390 atque
3755 5309 3834 5373 ob
3877 5307 3956 5372 fo-

4075 4632 4140 4685 15
