4284 6267
557 1399 655 1444 Jer.
671 1413 727 1452 tv,
750 1401 789 1442 2.

542 2387 651 2444 Sap.
672 2400 726 2438 vt,
738 2387 805 2429 26.

588 2585 652 2629 18.
670 2599 707 2636 ι,

643 2861 709 2918 19

545 3851 665 3898 laid.
682 3865 807 3906 xxxu,

549 4253 603 4360 {lai
614 4254 810 4310 Reman,

641 4371 715 4430 20

830 503 910 568 82
1510 517 1857 566 mammo
1900 517 1959 562 m
2002 514 2139 563 car.
2187 515 2274 562 ιιι
2315 513 2800 564 rnovanmonuu.
2851 534 2932 544 —
2969 515 3112 563 Ali-r.
3157 511 3244 562 xn

832 699 981 754 sunt
1019 691 1284 758 comites
1322 691 1689 773 juramenti,
1725 691 1813 753 ita
1855 697 1918 752 et
1957 687 2322 771 promissio·
2352 685 2404 748 A
2432 686 2664 750 dieitur
2711 688 2790 750 de
2837 686 3056 750 electis
3109 705 3124 750 :
3174 685 3525 750 Consilium
3577 685 3749 767 pacis
3797 683 3932 747 erit
3967 698 4217 803 gazan.

833 787 935 850 nis
964 808 1074 852 seu
1106 789 1260 866 voti,
1286 789 1576 853 videlicet
1605 787 1919 870 judicium
1948 787 2041 866 (id
2070 793 2169 848 est
2197 785 2325 847 dis-

833 887 1081 967 cretio),
1113 887 1381 969 justitia,
1408 889 1665 950 veritas
1704 887 1781 948 Et
1821 885 2137 968 quidquid
2182 902 2326 946 con·

832 993 931 1048 tra
958 986 1091 1049 baec
1118 993 1229 1049 aut
1259 986 1487 1050 horum
1516 985 1761 1069 aliquid
1794 983 2188 1066 promittitur
2214 990 2325 1043 aut

828 1085 1098 1165 juratur,
1150 1103 1278 1148 non
1326 1093 1537 1164 tenet3
1585 1093 1933 1166 peccatque
2000 1083 2190 1146 homo
2239 1081 2326 1142 ita

834 1182 1057 1245 illicite
1092 1184 1366 1265 jurando
1414 1191 1522 1246 aut
1562 1183 2014 1265 promittendO,
2046 1199 2176 1243 non
2217 1199 2326 1241 au-

834 1290 961 1344 tem
982 1281 1409 1362 juramentum
1435 1299 1546 1344 seu
1577 1280 1955 1363 promissum
1985 1297 2112 1342 non
2136 1278 2328 1340 adim-

835 1380 1091 1463 plendo.
1127 1380 1364 1444 Idcirco
1397 1381 1463 1443 in
1500 1381 1773 1442 Jeremia
1805 1379 2073 1441 habetur
2108 1395 2119 1438 :
2152 1377 2328 1439 Jura—

834 1479 957 1556 bis,
990 1478 1164 1542 Vivit
1201 1479 1527 1554 DominuS,
1572 1479 1640 1540 in
1680 1477 1943 1540 veritate
1984 1485 2047 1539 et
2084 1473 2328 1557 judicio

834 1585 898 1640 et
925 1576 1193 1658 justitia.
1236 1580 1497 1655 Lingua
1533 1588 1751 1638 autem
1789 1577 2188 1656 sapientium
2226 1594 2328 1634 sa-

833 1676 1009 1736 nitas
1028 1685 1116 1736 est
1136 1697 1159 1736 .·
1180 1674 1332 1757 quia
1357 1695 1469 1758 per
1491 1675 1687 1738 verba
1712 1673 2116 1756 sapientialia
2145 1679 2325 1734 curat

835 1773 1163 1836 audientes
1214 1793 1251 1835 a
1296 1773 1559 1836 vulnere
1607 1773 1906 1836 vitiorum
1955 1781 2015 1835 et
2064 1770 2324 1834 laesione

2433 783 2599 847 intcr
2643 785 2810 848 illos

2515 887 2662 946 Non
2719 886 3125 946 contristabit
3163 885 3428 961 justum
3481 882 3804 963 quidquid
3862 883 3936 940 ei

2432 985 2763 1055 acciderit,
2792 983 2856 1046 id
2891 991 3007 1060 est,
3042 983 3355 1064 quidquid
3383 980 3782 1044 adversitatis
3809 997 3932 1042 seu

2434 1082 2588 1144 mali
2626 1099 2831 1165 poenae
2867 1083 2928 1146 ei
2973 1082 3278 1146 evenerit.
3320 1081 3388 1144 In
3426 1079 3707 1142 adversis
3749 1079 3930 1140 enim

2436 1181 2804 1261 patientiam
2850 1180 3064 1257 habet,
3097 1189 3158 1243 et
3198 1198 3387 1243 omne
3424 1178 3724 1259 gaudium
3763 1176 3935 1240 aesti-
3965 1191 4126 1235 Jacob.
4145 1194 4222 1240 aa

2435 1286 2565 1341 mat
2601 1299 2798 1362 quum
2835 1279 2900 1341 in
2933 1279 3140 1341 varias
3180 1277 3478 1342 inciderit
3505 1277 3931 1354 tentationes3

2434 1397 2508 1441 ac
2527 1387 2735 1440 certus
2755 1379 2834 1440 de
2859 1377 3262 1460 providentia
3277 1377 3478 1440 Patris
3499 1375 3732 1451 aeterni,
3751 1373 3940 1455 quid·

2433 1477 2589 1557 quid
2620 1476 2744 1538 sibi
2781 1464 3032 1540 adversi
3072 1476 3433 1556 contigerit,
3469 1475 3648 1556 quasi
3686 1475 3936 1536 donum

2434 1576 2513 1637 de
2546 1594 2738 1637 manu
2768 1575 2937 1656 capit
2967 1574 3454 1657 Omnipotentis.
3478 1574 3938 1636 Verumtamen

2437 1674 2514 1735 de
2559 1674 2726 1736 malo
2769 1673 2974 1755 culpae
3016 1673 3322 1751 tristatur,
3359 1683 3422 1736 et
3464 1691 3577 1734 sua
3619 1671 3940 1752 quotidia-

2441 1791 2522 1835 na
2553 1773 2841 1854 quotidie
2881 1771 3081 1836 deflet
3113 1781 3392 1854 peccata.
3429 1771 3514 1833 De
3551 1769 3938 1834 adversitate

836 1890 1146 1949 errorum,
1195 1881 1258 1935 et
1304 1891 1341 1934 a
1385 1880 1591 1935 morte
1644 1870 1936 1954 perfidiae
1972 1889 1989 1950 ;
2040 1879 2101 1934 et
2153 1869 2321 1951 quod
2365 1872 2411 1934 B
2441 1889 2696 1953 quoque
2728 1880 2790 1933 et
2821 1870 3180 1934 turbatione
3209 1871 3300 1934 rei
3331 1869 3624 1952 publicai,
3649 1877 3712 1931 et
3739 1868 3937 1931 detri-

834 1969 1024 2052 jurat,
1058 1969 1394 2052 promittit,
1432 1969 1532 2032 vel
1568 1970 1815 2046 asserit,
1854 1967 2191 2032 verificare
2220 1986 2324 2030 co-

837 2077 1043 2131 natur.
1080 2068 1311 2150 Sicque
1361 2069 1427 2130 in
1479 2087 1553 2130 ca
1603 2069 1769 2130 inter
1810 2068 2007 2131 verba
2048 2075 2111 2130 et
2157 2065 2322 2128 facta

836 2174 931 2228 est
960 2165 1305 2248 proportio,
1330 2165 1868 2247 quemadmodum
1900 2165 2137 2227 sanitas
2169 2163 2326 2226 adae-

835 2263 1053 2346 quatio
1093 2283 1205 2326 seu
1255 2265 1581 2346 proportio
1623 2271 1719 2326 est
1761 2263 2125 2325 humorum.
2165 2262 2322 2323 Hinc

836 2360 1141 2444 scriptum
1199 2370 1296 2424 est
1338 2379 1350 2422 :
1404 2361 1734 2424 Multitudo
1785 2361 2170 2443 sapientium
2223 2379 2321 2421 sa-

836 2459 1001 2522 nitas
1041 2468 1138 2523 est
1179 2459 1353 2523 orbis
1400 2467 1728 2522 terrarum.
1765 2459 1841 2521 Et
1887 2459 1955 2520 in
1998 2458 2157 2521 Isaia
2201 2457 2325 2521 fer-

753 2614 766 2628 ,
834 2567 939 2621 tur
972 2575 985 2620 ε
1028 2558 1330 2621 Dominus
1368 2558 1545 2620 dedit
1582 2557 1741 2621 mihi
1780 2557 2066 2638 linguam
2113 2557 2325 2620 erudi-

834 2665 988 2732 tam,
1022 2664 1091 2718 ut
1132 2656 1330 2719 sciam
1369 2665 1726 2718 sustentare
1762 2675 1909 2718 eum
1953 2655 2066 2736 qui
2105 2655 2323 2737 lapsus

833 2763 951 2830 est,
996 2754 1211 2820 verbo.

914 2856 1195 2916 Labiam
1222 2854 1516 2914 veritatis
1542 2858 1813 2930 firmum
1845 2855 1970 2913 crit
1999 2854 2069 2916 in
2098 2873 2326 2932 perpe-

836 2963 1046 3021 tuum,
1079 2951 1141 3014 id
1172 2960 1288 3029 est,
1324 2951 1574 3014 veritati
1610 2951 1921 3015 stabiliter
1963 2952 2317 3029 inhaerebit,

2437 1978 2651 2032 mento
2691 1969 2844 2033 boni
2884 1970 3266 2046 communiS,
3303 1987 3574 2033 moerore
3611 1966 3928 2030 afficitur.

2433 2068 2724 2131 Attamen
2763 2068 3087 2130 tristitiam
3121 2067 3550 2149 dejicientem,
3577 2065 3926 2140 carnalem,

2435 2167 2855 2230 inordinatam
2898 2175 2962 2230 et
3001 2167 3389 2242 simularem,
3422 2167 3643 2243 evitat,
3675 2166 3754 2227 de
3792 2183 3928 2246 qua

2434 2267 2521 2328 ait
2579 2265 2918 2348 Apostolus
2979 2285 2993 2328 ε
3055 2265 3277 2329 Saeculi
3339 2265 3596 2329 tristitia
3653 2272 3926 2327 mortem

2434 2375 2761 2444 operatur3
2795 2375 2858 2428 et
2895 2366 2974 2428 de
3013 2385 3140 2448 qua
3180 2366 3245 2427 in
3282 2364 3723 2429 Ecclesiastico
3776 2364 3930 2426 edo—

2433 2472 2612 2527 cetur
2643 2483 2657 2528 :
2694 2462 3042 2527 Tristitiam
3083 2463 3268 2544 longe
3307 2463 3552 2546 expelle
3581 2483 3619 2526 a
3649 2471 3729 2540 te,
3763 2460 3931 2524 mul-

2435 2570 2531 2625 tos
2573 2562 2745 2625 enim
2785 2563 3021 2626 occidit
3059 2561 3340 2625 tristitia.
3375 2562 3588 2644 Itaque
3632 2561 3698 2624 in
3745 2559 3927 2624 omni

2433 2669 2667 2724 eventu
2715 2670 2954 2724 stemus
3004 2659 3178 2722 sirmi
3233 2660 3300 2722 in
3347 2660 3636 2736 Domino,
3688 2668 3750 2723 et
3807 2679 3928 2722 ncc

2434 2758 2755 2840 prosperis
2787 2758 3060 2820 inaniter
3089 2757 3456 2838 gloriemur,
3473 2777 3681 2840 neque
3709 2759 3932 2822 adver-

2435 2857 2521 2920 sis
2544 2856 2938 2940 dejiciamur,
2974 2877 3176 2939 quum
3207 2865 3270 2920 et
3303 2856 3542 2920 Seneca
3568 2857 3738 2920 dicat
3771 2874 3785 2918 :
3814 2855 3930 2918 Fe-

2435 2975 2534 3018 ras
2564 2957 2736 3037 quod
2767 2955 2962 3030 laedit,
3001 2964 3068 3017 ut
3099 2955 3301 3037 prosit
3319 2973 3336 3036 ;
3367 2963 3431 3018 et
3459 2974 3678 3017 rursus
3713 2973 3727 3018 :
3763 2955 3931 3036 lnju-

834 3059 897 3115 et
925 3069 1041 3135 pro
1070 3050 1190 3114 hoc
1228 3058 1598 3132 perpetuam
1628 3060 2052 3132 consequetur
2087 3069 2326 3114 merce-
2359 3057 2402 3120 C
2436 3052 2544 3116 riae
2587 3063 2650 3116 et
2689 3054 2960 3116 honores
3001 3053 3199 3134 vulgi,
3253 3052 3318 3114 in
3362 3052 3728 3134 promiscuo
3775 3061 3932 3115 sunt

834 3151 976 3214 dcm
994 3167 1011 3230 3
1030 3152 1147 3230 qui
1160 3159 1376 3211 autem
1401 3151 1573 3210 testis
1590 3159 1679 3210 est
1699 3152 2094 3228 repentinum
2117 3148 2182 3211 id
2203 3159 2319 3224 est,

834 3249 971 3312 sine
1011 3247 1225 3311 debita
1260 3245 1721 3310 deliberatione
1758 3255 1868 3309 aut
1910 3266 2024 3330 pro
2066 3248 2326 3330 propria

833 3347 1280 3412 commoditate
1317 3365 1393 3409 ex
1431 3345 1701 3408 aliorum
1733 3346 2143 3428 persuasione
2182 3365 2326 3429 pro-

835 3445 961 3510 fert
991 3445 1447 3519 testimonium,
1472 3446 1815 3506 concinnat
1836 3447 2135 3522 linquam
2158 3465 2327 3506 men-

832 3545 1037 3614 dacii,
1068 3543 1131 3605 id
1174 3550 1290 3622 est,
1324 3542 1608 3622 linguam
1653 3562 1830 3605 suam
1876 3543 2203 3626 componit
2244 3545 2321 3608 ad

836 3642 1293 3720 mentiendum,
1337 3649 1400 3705 et
1446 3642 1520 3704 ad
1571 3642 1982 3705 colorandum
2023 3662 2139 3725 pro
2183 3661 2326 3725 pos-

838 3758 905 3803 se
950 3739 1180 3803 falsum
1220 3739 1651 3802 testimonium
1696 3759 1905 3816 suum,
1944 3740 2109 3804 sicut
2156 3741 2324 3823 apud

836 3839 1057 3901 isaiam
1089 3838 1356 3902 habetur
1387 3855 1400 3898 :
1435 3838 1843 3900 Fraudulenti
1874 3857 2022 3904 vasa
2051 3841 2327 3921 pessima

838 3945 1021 4018 sunt3
1065 3938 1201 4020 ipse
1240 3937 1413 4000 enim
1458 3937 1872 4018 cogitationes
1918 3939 2328 4002 concinnabit

836 4037 916 4098 ad
960 4036 1311 4118 perdendos
1341 4035 1524 4098 mites
1556 4035 1622 4097 in
1653 4054 1945 4099 sermone
1985 4037 2323 4100 mendacii.

838 4135 1019 4198 Tales
1064 4133 1343 4211 fuerunt,
1376 4134 1488 4216 qui
1530 4135 1717 4197 tertio
1758 4135 1995 4217 Regum
2029 4135 2328 4218 leguntur

2435 3152 2747 3232 habendi;
2781 3170 2899 3214 nec
2928 3152 3026 3214 his
3057 3152 3483 3232 gaudendum,
3510 3171 3626 3214 nec
3659 3151 3788 3214 illis
3815 3152 3932 3214 do-

2437 3250 2719 3312 lendum.
2765 3249 2924 3312 Hinc
2961 3250 3050 3312 ait
3091 3248 3406 3329 gloriosus
3453 3250 3866 3332 Hieronymus
3907 3269 3924 3313 ε

2436 3348 2550 3411 Per
2586 3347 2820 3412 bonam
2859 3355 2923 3410 et
2960 3348 3192 3410 malam
3236 3348 3471 3411 famam
3510 3369 3547 3411 a
3586 3347 3823 3412 dextris
3861 3357 3930 3409 et

2437 3465 2474 3508 a
2511 3446 2810 3522 sinistriS,
2833 3445 3066 3509 Christi
3109 3447 3293 3509 miles
3336 3446 3760 3528 progreditur.
3793 3446 3921 3509 Nec

2436 3544 2624 3607 laude
2661 3544 3006 3622 extollitur,
3041 3564 3157 3608 nec
3194 3545 3530 3627 vituperiis
3571 3543 3926 3626 frangitur3

2439 3663 2566 3706 non
2596 3662 2673 3707 ex
2700 3643 2942 3706 divitiis
2976 3651 3198 3719 tumet,
3231 3663 3349 3706 nec
3378 3651 3748 3726 paupertate
3777 3663 3930 3706 con-

2440 3743 2763 3822 funditur3
2797 3750 2860 3804 et
2889 3742 3030 3806 laeta
3059 3741 3432 3820 contemnit,
3464 3750 3528 3805 et
3557 3741 3782 3806 tristia.
3815 3743 3929 3806 His

2439 3841 2778 3904 concordat
2808 3840 2964 3903 illud
2997 3841 3187 3903 Tullii
3225 3859 3238 3902 ε
3275 3841 3386 3904 Vir
3415 3849 3532 3918 est,
3565 3840 3676 3922 qui
3705 3851 3929 3905 contra

2439 3939 2746 4004 biformes
2775 3938 3050 4002 fortunae
3082 3947 3371 4016 eventus,
3405 3938 3712 4002 uniformi
3751 3958 3930 4002 men-

2441 4039 2522 4100 tis
2549 4036 2904 4102 constantia
2946 4038 3177 4101 militat
3207 4039 3646 4121 praemunitus.
3682 4038 3768 4099 De
3805 4037 3930 4101 hoc

2441 4156 2632 4220 super
2663 4137 2822 4199 illud
2850 4137 2987 4212 lob,
3014 4136 3124 4199 Vir
3152 4144 3287 4200 erat
3316 4136 3383 4198 in
3421 4145 3583 4199 terra
3617 4136 3762 4213 HuS‚
3800 4135 3933 4219 ple-

838 4243 1057 4298 contra
1095 4232 1339 4296 Naboth
1386 4233 1819 4297 testimonium
1864 4233 2095 4296 falsum
2141 4235 2326 4297 dixis·
2358 4242 2407 4304 D
2441 4235 2586 4298 nius
2643 4234 2866 4298 scribit
2915 4235 3277 4317 Gregorius,
3325 4237 3530 4313 Impii
3573 4245 3788 4296 autem
3833 4255 3934 4294 re-

840 4351 929 4395 se.
954 4367 1033 4378 —
1051 4335 1250 4394 Dolus
1270 4333 1343 4394 in
1363 4335 1548 4392 corde
1566 4335 1816 4409 coyitan
1827 4334 1999 4394 tium
2024 4337 2196 4394 mala
2220 4355 2242 4393 .·
2265 4334 2329 4396 id

841 4439 958 4508 est,
992 4432 1102 4512 qui
1138 4431 1495 4511 excogitant
1531 4430 1806 4512 qualiter
1847 4440 2114 4494 noceant
2156 4433 2324 4510 aliis,

842 4549 1008 4612 saepe
1045 4528 1427 4610 confingunt
1464 4528 1527 4591 in
1570 4548 1637 4592 se
1668 4529 1801 4592 vias
1840 4531 2072 4611 quibus
2112 4530 2330 4594 dolose

843 4629 1109 4711 implere
1139 4628 1201 4690 id
1237 4628 1506 4691 valeant.
1524 4631 1651 4698 Qui
1669 4639 1883 4690 autem
1896 4631 2080 4707 pacis
2101 4632 2330 4690 ineunt

841 4729 1137 4796 consilia,
1153 4730 1444 4808 sequitur
1472 4747 1570 4788 eos
1591 4730 1917 4804 glaudium
1934 4745 1957 4788 .·
1974 4727 2033 4789 id
2066 4736 2185 4803 est,
2218 4729 2330 4809 qui

844 4825 1009 4889 inter
1057 4845 1125 4888 se
1168 4825 1507 4890 conferunt
1553 4833 1615 4888 et
1670 4825 2006 4907 inquirunt
2055 4825 2332 4907 qualiter

844 4923 1116 4988 invicem
1150 4923 1585 5006 pacificentur,
1611 4931 1673 4986 et
1703 4932 1957 5005 pactum
1986 4943 2180 5006 super
2212 4925 2331 4988 boc

843 5031 1149 5099 statuunt,
1180 5041 1254 5085 ac
1297 5022 1520 5084 foederi
1566 5022 1739 5104 pacis
1785 5022 2215 5098 consentiunt,
2254 5043 2330 5085 ex

843 5121 963 5185 hoc
989 5121 1292 5202 deinceps
1317 5120 1801 5201 jucunditatem,
1835 5120 2117 5201 quietem
2150 5128 2212 5182 et
2241 5139 2332 5184 se·

842 5219 1172 5284 curitatem
1204 5219 1664 5300 adipiscuntur.
1694 5218 1872 5280 Unde
1901 5225 1963 5280 et
1990 5218 2276 5281 Christus
2311 5237 2326 5282 ε

548 5344 817 5398 mmmm.
844 5319 1036 5393 Beati,
1086 5317 1319 5400 inquit,
1370 5315 1651 5399 pacifici.
1704 5316 2017 5380 Zachariae
2063 5337 2327 5400 quoque

2430 4337 2785 4411 plebuntur
2813 4337 2982 4394 malo
3013 4355 3035 4392 .·
3064 4333 3218 4415 quia
3258 4333 3451 4397 variis
3491 4330 3927 4414 passionibuS‚

2440 4432 2800 4496 inordinato
2833 4433 3080 4508 timore,
3116 4450 3312 4513 pravo
3349 4449 3644 4508 moerore,
3678 4449 3750 4494 ac
3780 4449 3935 4495 con-

2439 4531 2760 4594 similibus
2799 4529 3217 4610 asfliguntur3
3259 4537 3321 4592 et
3355 4529 3436 4592 de
3474 4529 3658 4591 malis
3700 4529 3928 4611 culpae,

2442 4637 2634 4692 ruunt
2665 4630 2731 4691 in
2765 4628 2932 4691 mala
2963 4626 3298 4690 infernalis
3335 4626 3629 4690 miseriae.
3665 4627 3806 4690 ideo
3843 4627 3935 4690 ait

2453 4727 2792 4809 Apostolus
2828 4744 2842 4788 :
2881 4725 3062 4808 lmpii
3102 4723 3446 4809 proficient
3483 4725 3548 4788 in
3589 4725 3796 4806 pejuS,
3835 4743 3934 4786 er-

2441 4834 2674 4900 ranteS,
2710 4834 2772 4888 et
2814 4825 2880 4887 in
2921 4843 3201 4888 errorem
3241 4824 3586 4887 mittentes,

2519 4927 2932 4986 Abominatio
2953 4931 3043 4983 est
3075 4925 3348 4984 Domino
3374 4924 3546 4983 tabia
3569 4922 3931 4989 mendacia,

2439 5023 2505 5085 id
2545 5031 2663 5099 est,
2704 5022 3041 5085 mendaces
3084 5021 3210 5084 Deo
3253 5029 3400 5082 sunt
3441 5018 3930 5095 abominabileS,

2439 5140 2638 5202 quum
2668 5120 2806 5203 ipse
2843 5120 2928 5182 sit
2969 5119 3134 5196 fonS,
3168 5137 3380 5196 causa,
3417 5117 3597 5196 finis,
3634 5136 3934 5180 mensura

2439 5238 2511 5282 ac
2543 5219 2762 5299 regula
2788 5217 2998 5282 omnis
3032 5217 3317 5283 veritatis
3347 5224 3596 5293 crcatae,
3623 5214 3736 5297 qui
3767 5215 3833 5277 in
3865 5235 3934 5278 se

2439 5318 2580 5400 ipso
2624 5317 3045 5381 essentialiter
3093 5335 3302 5394 verus,
3347 5325 3412 5380 et
3459 5333 3648 5379 verax
3695 5324 3813 5392 est,
3859 5333 3936 5378 ac

4069 888 4134 941 21

3985 2289 4023 2331 ΙΙ
4039 2288 4144 2332 Cor.
4159 2303 4221 2333 vu.

3967 2355 4038 2394 10.

3971 2485 4124 2527 Eccli.
4137 2498 4222 2530 xxx.

3961 2550 4035 2599 24,
4057 2549 4125 2591 25.

3991 3377 4026 3420 ΙΙ
4045 3377 4146 3421 Cor.
4167 3391 4216 3424 rt.

3963 3444 4008 3492 s,
4031 3443 4072 3482 ⁷.

3997 4162 4130 4208 John.
4178 4191 4188 4200 -

3987 4749 4022 4793 ΙΙ
4041 4751 4149 4794 rim.
4165 4762 4220 4802 ιιι,

3967 4817 4036 4858 13.
