4284 6267
65 915 79 957 1
94 916 197 971 Πᾶς.
214 930 261 965 n,
278 918 329 959 8.

87 2491 165 2535 1²⁸.
184 2503 246 2541 iv,
267 2492 309 2532 7.

46 2690 215 2735 locun.
236 2702 269 2741 ι,
286 2690 331 2731 9.

76 3178 115 3221 11
132 3178 251 3223 Cor.
272 3192 333 3231 π,

46 3245 89 3287 4.

88 3874 263 3918 Eccle.
289 3885 337 3921 n.

1070 532 1425 581 ENARRATIO
1466 530 1531 579 IN
1572 532 1709 580 GAP.
1746 533 1787 576 V
1830 530 1987 580 LIBRI
2029 532 2386 581 SAPIENTIAE.
2431 552 2512 562 —
2552 531 2694 579 ΛΒΤ.
2729 529 2770 578 V

3341 508 3454 575 481

358 712 453 764 est
484 724 507 762 .·
535 703 693 785 quia
720 722 868 767 cum
896 704 1145 769 Sanctis
1184 712 1483 768 aeternam
1521 695 1863 767 bea'titudi-
1892 704 1943 765 A
1975 703 2061 766 ita
2108 705 2282 787 quod
2325 712 2493 769 recte
2541 704 2607 765 in
2658 704 2824 768 libro
2864 704 2976 769 Job
3024 703 3266 767 dictum
3315 708 3454 765 est:

1971 802 2277 867 Involutae
2325 811 2474 866 sunt
2533 804 2774 866 semitae
2821 821 3152 885 gressuum
3211 819 3456 865 eorum.
3499 816 3738 867 latmia.

362 819 513 863 nem
554 810 707 863 sunt
752 802 983 880 sortiti,
1021 811 1212 885 prout
1250 804 1459 885 primo
1502 802 1741 883 Regum
1791 802 1858 863 in

360 900 617 963 cantico
668 901 846 963 Anna
895 900 1131 965 fatetur
1178 920 1191 963 :
1236 902 1513 964 Suscitat
1562 900 1863 964 Dominus

356 998 445 1059 de
483 998 753 1080 pulvere
789 1017 1085 1079 egenum,
1118 1008 1179 1063 et
1218 1000 1296 1063 de
1337 1008 1614 1063 stercore
1660 998 1866 1063 elevat

358 1114 738 1178 pauperem,
773 1106 846 1160 ut
892 1099 1106 1161 sedeat
1152 1118 1299 1161 cum
1342 1096 1765 1180 principibus,
1802 1104 1866 1158 et

358 1194 599 1257 solium
641 1195 862 1274 gloriae
906 1205 1136 1259 teneat.

444 1288 620 1369 Erqo
650 1296 1040 1368 erravimus,
1074 1294 1137 1357 id
1168 1303 1286 1371 est,
1318 1314 1394 1357 ex
1436 1294 1557 1357 isto
1593 1312 1863 1375 perpen-

356 1390 577 1453 dimus
609 1410 725 1455 nos
754 1410 1022 1469 errasse,
1042 1415 1084 1454 a
1116 1396 1226 1454 via
1256 1395 1571 1465 veritatis,
1606 1393 1669 1454 id
1701 1399 1797 1455 est
1825 1410 1862 1453 a

354 1488 592 1551 notitia
640 1499 703 1553 et
750 1498 970 1554 tenore
1020 1490 1304 1554 veritatis
1353 1491 1522 1567 vitm,
1575 1490 1861 1554 veritatis

353 1587 691 1665 doctrinae,
725 1597 788 1652 et
827 1590 1113 1653 veritatis
1151 1589 1449 1671 justitiae3
1490 1600 1549 1650 et
1572 1590 1860 1667 justitiae

356 1688 584 1747 lumen
612 1707 743 1748 non
786 1690 963 1749 laoeit
990 1690 1171 1748 nobis
1199 1710 1222 1747 .·
1252 1686 1316 1750 id
1355 1696 1472 1765 est,
1503 1687 1583 1750 ab
1621 1687 1859 1750 increa-

352 1790 420 1845 ta
449 1783 616 1859 luce,
657 1803 695 1846 a
732 1804 859 1867 qua
899 1785 1109 1848 omnis
1149 1786 1439 1868 procedit
1477 1786 1743 1868 justitia,
1781 1783 1859 1846 il-

1974 905 2160 963 Viam
2198 912 2411 963 autem
2446 904 2737 974 Domini,
2769 902 2834 964 id
2872 909 2968 964 est
3005 908 3242 963 arctam
3289 900 3460 962 viam

1972 998 2219 1078 salutiS,
2238 1001 2782 1063 conversationem
2815 997 3340 1081 poenitentialem,
3359 997 3466 1061 ob-

1974 1098 2360 1162 servantiam
2394 1106 2877 1181 praeceptorum‚
2911 1097 2974 1159 id
3012 1104 3109 1160 est
3148 1094 3464 1175 evangeli-

1970 1218 2060 1262 cae
2103 1197 2263 1279 legis
2312 1198 2687 1271 doctrinam,
2721 1205 2786 1259 et
2819 1195 3160 1273 Christum,
3195 1194 3308 1276 qui
3347 1192 3456 1269 ait,

1968 1298 2099 1377 Ego
2131 1316 2272 1359 sum
2306 1296 2429 1373 via,
2449 1296 2703 1372 veritaS,
2722 1302 2785 1357 et
2815 1294 2964 1371 vita,
2987 1296 3457 1371 iqnoravimus,
3498 1314 3656 1359 suana.
3669 1328 3752 1366 m,

1972 1395 2037 1457 id
2087 1403 2204 1472 est,
2262 1394 2596 1457 formatam
2647 1392 3121 1475 practicamque
3167 1390 3460 1454 notitiam

1970 1512 2097 1557 non
2148 1492 2490 1555 habuimus
2532 1511 2744 1554 rerum
2787 1490 3066 1568 illarum,
3103 1491 3214 1554 sed
3262 1490 3460 1557 infor-

1969 1611 2137 1654 mem
2182 1610 2254 1655 ac
2298 1592 2532 1658 nudam
2567 1590 2882 1653 notitiam.
2917 1589 3052 1652 Non
3092 1597 3304 1653 tamen
3346 1608 3460 1671 per

1966 1690 2087 1754 hoc
2118 1699 2519 1766 excusantur,
2555 1688 2859 1771 quoniam
2887 1688 3070 1770 juriS,
3103 1688 3270 1771 quod
3314 1688 3459 1770 quis

1966 1790 2129 1852 scire
2162 1796 2429 1863 tenetur,
2460 1787 2819 1868 ignorantia
2852 1806 2979 1851 non
3011 1794 3269 1849 excusat
3288 1806 3305 1867 3
3341 1786 3462 1849 sic-

356 1880 609 1943 lustrati
658 1902 787 1947 non
831 1903 1053 1947 sumus
1092 1884 1337 1947 lumine
1386 1883 1855 1966 supernaturali
1892 1884 1938 1945 B
1969 1896 2034 1950 ut
2080 1907 2198 1950 nec
2238 1887 2594 1967 ignorantia
2635 1904 2848 1949 crassa
2893 1904 3005 1949 seu
3048 1884 3372 1949 affectata.

350 1980 577 2060 gratiae
607 2000 681 2045 ac
709 1982 1041 2059 virtutum,
1065 1982 1219 2064 quia
1246 1983 1575 2065 posuimus
1606 1982 1855 2046 obicem

354 2077 822 2142 illuminationi
872 2080 1095 2163 ipsiuS,
1151 2081 1263 2163 qui
1311 2088 1621 2162 quantum
1675 2079 1740 2142 in
1790 2099 1860 2142 se

355 2186 477 2255 est,
511 2178 815 2242 omnibus
864 2189 1095 2261 praesto
1144 2188 1261 2257 est,
1298 2178 1427 2243 imo
1464 2196 1719 2241 aversos
1764 2178 1861 2239 in-

356 2275 523 2339 vitat
566 2277 647 2339 ad
693 2295 797 2358 se3
838 2277 1117 2340 naturali
1160 2285 1373 2340 tamen
1415 2276 1671 2357 ingenio
1720 2275 1860 2338 uni-

358 2392 583 2437 versos
614 2374 933 2439 illustrat:
960 2376 1039 2438 de
1067 2394 1196 2457 quo
1223 2376 1429 2458 accipi
1462 2382 1671 2457 potest
1698 2372 1858 2435 illud

360 2472 733 2548 Psalmistae,
768 2472 1099 2554 Signatum
1140 2482 1237 2537 est
1273 2493 1465 2556 super
1498 2492 1611 2536 nos
1642 2472 1860 2535 lumen

362 2571 583 2635 vultus
635 2572 749 2649 tui,
803 2573 1102 2653 Domine3
1154 2580 1218 2636 et
1264 2572 1421 2635 illud
1460 2572 1525 2633 B.
1577 2569 1858 2647 loannis,

361 2669 515 2732 Erat
556 2670 669 2733 lux
700 2688 873 2748 vera,
910 2690 1054 2753 quae
1102 2670 1425 2733 illuminat
1465 2688 1719 2733 omnem
1759 2668 1865 2730 ho·

362 2770 606 2832 minem
655 2768 1020 2833 venientem
1070 2770 1141 2833 in
1190 2769 1358 2831 hunc
1409 2768 1744 2831 mundum.
1784 2770 1865 2828 E't

361 2871 478 2931 Sol
526 2869 983 2947 intelliqentioe
1030 2889 1161 2929 non
1198 2877 1287 2928 est
1336 2878 1515 2929 ortus
1562 2868 1768 2934 nobiS,
1800 2864 1865 2926 id

2050 1988 2224 2055 Quid
2251 1988 2431 2046 nobis
2454 1985 2710 2062 profuit
2745 1985 3048 2061 superbia
3069 1986 3098 2045 ἒ
3131 1994 3247 2045 aut
3283 1986 3462 2044 divi-

1970 2087 2215 2145 tiaram
2219 2085 2556 2163 jactantia
2575 2085 2736 2163 quid
2755 2084 3024 2145 contulit
3043 2084 3256 2143 nobis?
3275 2082 3457 2165 quasi

1968 2183 2184 2246 dicant
2218 2200 2232 2244 ε
2267 2181 2364 2244 Nil
2395 2182 2543 2265 prof
2549 2181 2642 2244 uit
2669 2181 2852 2245 nobis
2882 2180 2961 2245 ad
3001 2182 3293 2258 salutem,
3331 2182 3461 2245 imo

1970 2280 2319 2363 plurimum
2374 2280 2712 2362 impedivit
2764 2288 2828 2343 et
2883 2280 3122 2357 nocuit,
3183 2288 3461 2343 nostras-

1970 2398 2095 2460 que
2148 2379 2394 2441 animas
2444 2377 2860 2461 spiritualiter
2898 2377 3243 2441 interemit.
3284 2377 3458 2452 Quod

1972 2484 2424 2558 consequenter
2446 2495 2558 2558 per
2589 2476 2818 2538 multas
2851 2475 3295 2539 similitudines
3321 2496 3467 2559 pan-

1972 2575 2154 2637 dunt.
2213 2577 2639 2637 Transierunt
2693 2577 2917 2636 omnia
2976 2577 3098 2636 illa
3155 2586 3467 2655 tanquam

1973 2676 2229 2742 umbra,
2264 2672 2328 2734 id
2367 2681 2462 2735 est
2499 2672 2924 2751 velocissime,
2959 2673 3160 2736 instar
3198 2673 3462 2736 umbrae.

1973 2772 2126 2834 Nam
2173 2779 2237 2835 et
2278 2771 2410 2835 vita
2455 2791 2733 2854 praesens
2771 2781 2868 2836 est
2908 2791 3130 2835 cursus
3179 2771 3256 2835 ad
3303 2790 3470 2834 mor-

1976 2878 2125 2948 tem,
2161 2878 2225 2933 et
2270 2870 2752 2933 instabilissima
2799 2870 3006 2945 valde,
3045 2870 3130 2931 ita
3181 2879 3251 2933 ut
3298 2869 3470 2933 dicat

3609 2588 3644 2643 9

361 2965 787 3043 est,Christus
817 2966 1199 3046 evangelicae
1229 2964 1385 3045 legis
1415 2965 1618 3041 dator,
1640 2981 1767 3025 non
1799 2981 1867 3025 se
1976 2967 2302 3051 apostolus
2346 2968 2660 3031 lacobus:
2696 2967 2842 3042 Quae
2891 2976 2988 3031 est
3034 2968 3166 3032 vita
3213 2970 3466 3031 vestra?
3525 2986 3758 3037 ,ια-οων.

365 3062 610 3126 infudit
638 3063 939 3128 cordibus
970 3064 1227 3127 nostris.
1246 3063 1424 3126 Unde
1454 3071 1517 3125 et
1546 3063 1625 3125 ad
1654 3061 1869 3125 Corin·
1901 3068 1946 3132 C
1976 3066 2186 3149 vapor
2235 3075 2331 3131 est
2368 3068 2444 3129 ad
2488 3066 2806 3129 modicum
2858 3084 3108 3147 parens,
3164 3064 3466 3146 deinceps
3497 3054 3564 3095 ¹⁵·

362 3161 537 3225 thios
566 3162 793 3225 scribit
819 3161 1159 3244 Apostolus
1186 3180 1199 3223 τ
1229 3163 1390 3225 Deus
1420 3162 1614 3243 hujus
1648 3158 1864 3224 saeculi

366 3260 709 3324 excaecavit
750 3268 995 3323 mentes
1043 3258 1433 3333 infidelium,
1470 3268 1542 3322 ut
1580 3278 1709 3322 non
1745 3257 1868 3321 ful-

366 3366 513 3440 geat
556 3357 649 3422 eis
687 3358 1099 3439 Evangelium
1143 3358 1363 3439 gloriae
1404 3356 1659 3420 Christi.

450 3460 712 3519 Las-sati
736 3478 962 3519 sumus
991 3460 1065 3519 in
1100 3460 1210 3519 via
1239 3460 1615 3539 iniquitatis
1644 3467 1701 3517 et
1726 3477 1868 3535 per-

366 3558 667 3625 ditionis,
700 3556 765 3618 id
795 3564 891 3619 est
921 3556 987 3617 in
1028 3556 1353 3639 oper-ihm,
1386 3556 1557 3619 curis
1590 3563 1653 3618 et
1681 3574 1867 3619 occu-

368 3654 739 3738 pationibus
779 3654 1105 3731 vitiorum,
1138 3655 1371 3737 quibus
1409 3673 1671 3717 annexae
1717 3662 1868 3716 sunt

369 3752 589 3817 multae
618 3752 951 3833 angustiat,
984 3752 1375 3831 afflictiones
1406 3772 1478 3816 ac
1509 3752 1706 3815 taedia.
1731 3752 1869 3815 Pro-

369 3863 512 3937 pter
555 3853 728 3935 quod
769 3853 1006 3916 dicitur
1040 3854 1107 3915 in
1146 3853 1526 3917 Ecclesiaste
1562 3870 1575 3916 :
1608 3852 1865 3914 Homini

372 3955 543 4017 bono
588 3953 765 4016 dedit
804 3952 971 4016 Deus
1019 3952 1397 4035 sapientiam
1438 3959 1500 4016 et
1534 3951 1866 4015 scientiam

371 4060 435 4114 et
479 4050 790 4129 laetitiam,
825 4052 1143 4135 peccatori
1183 4060 1395 4115 autem
1436 4050 1864 4115 afflictionem

372 4158 435 4213 et
480 4168 702 4213 curam
749 4148 1169 4232 superfluam.
1205 4150 1433 4232 Aliqua
1471 4150 1661 4214 etiam
1711 4150 1868 4213 vitia

1976 3164 2522 3229 exterminabitur.
2548 3167 2634 3226 Et
2667 3174 2978 3244 tanquam
2999 3165 3275 3225 nuntius
3297 3182 3467 3240 proe-

1974 3286 2262 3326 currens.
2296 3264 2472 3333 Unde
2498 3262 2614 3325 Job
2651 3262 2878 3325 asserit
2912 3280 2926 3324 :
2960 3261 3102 3325 Dies
3141 3261 3268 3327 mei
3297 3262 3468 3326 velo·
3519 3284 3605 3329 10⁶
3621 3286 3759 3335 aas,

1976 3364 2180 3427 ciores
2221 3362 2481 3426 fuerunt
2522 3379 2814 3441 cursore3
2850 3361 3239 3425 transierunt
3277 3360 3464 3443 quasi
3494 3350 3562 3391 ²⁶·

1977 3481 2170 3526 naves
2219 3479 2404 3544 poma
2447 3467 2793 3542 portantes,
2826 3459 2988 3524 Hinc
3033 3458 3324 3541 sequitur
3357 3476 3371 3521 ε
3406 3468 3467 3520 et

1978 3572 2292 3640 tanquam
2329 3561 2519 3621 navis
2561 3580 2703 3639 quae
2740 3560 3100 3637 pertransit
3145 3562 3471 3634 fluctuan-

1978 3670 2125 3727 tem,
2178 3658 2241 3720 id
2288 3666 2383 3721 est
2430 3657 2869 3730 inundantem,
2921 3677 3161 3736 aquam
3199 3673 3223 3717 .·
3254 3658 3465 3733 cujus,

1976 3779 2179 3838 quum
2217 3757 2629 3835 praeterierit,
2669 3776 2800 3817 non
2837 3764 2926 3815 est
2975 3756 3319 3833 vestiqium
3370 3757 3470 3816 in-

1978 3858 2220 3925 venire,
2265 3854 2471 3917 idest
2516 3853 2999 3935 impressionem
3047 3859 3157 3915 aut
3213 3851 3468 3933 signum

1975 3954 2281 4018 transitus
2311 3954 2472 4033 ejuS‚
2493 3972 2695 4031 neque
2711 3954 3004 4013 semitam
3023 3954 3268 4013 carinae
3286 3953 3471 4012 illius

1974 4056 2051 4114 in
2074 4054 2399 4130 fluctibus.
2432 4048 2680 4127 Carina,
2717 4058 2978 4114 vocatur
3007 4059 3230 4114 venter
3260 4050 3464 4128 naviS,

1976 4152 2276 4215 scindens
2304 4158 2366 4212 et
2395 4150 2758 4231 deprimens
2786 4168 3044 4232 aquam,
3079 4168 3205 4213 non
3247 4158 3464 4213 tamen

373 4248 440 4309 in
482 4268 553 4311 se
590 4248 750 4331 ipsis
786 4246 1168 4326 afflictione,
1206 4248 1498 4312 molestia
1536 4257 1728 4331 atque
1761 4268 1868 4331 pe-
1894 4252 1946 4317 D
1980 4250 2348 4333 relinquens
2397 4248 2464 4310 in
2513 4266 2586 4311 ea
2635 4247 2928 4311 stabilem
2987 4248 3463 4332 impressuram.

372 4345 597 4409 riculis
627 4346 818 4428 plena
846 4353 995 4409 sunt
1029 4364 1044 4409 :
1079 4354 1151 4409 ut
1186 4346 1301 4421 ira,
1342 4346 1605 4424 invidia,
1638 4348 1868 4409 amari-

375 4445 553 4523 tud0,
584 4443 963 4525 indignatio,
1006 4442 1427 4526 impatientia,
1471 4444 1740 4522 furtum,
1778 4464 1869 4507 ra-

374 4542 573 4626 pina3
617 4541 730 4605 sed
774 4550 838 4605 et
884 4542 1056 4624 ipsas
1107 4542 1466 4624 voluptates
1522 4550 1745 4623 gustus
1795 4562 1869 4606 ac

372 4649 582 4705 tactus
639 4640 1149 4705 concomitantur
1192 4640 1395 4703 multa
1443 4641 1864 4705 incommoda.

375 4744 463 4803 Et
510 4742 992 4802 ambulavimus
1040 4742 1182 4801 vias
1225 4742 1538 4816 difficiles,
1582 4740 1631 4804 Ο
1677 4760 1869 4823 quam

374 4838 688 4903 difficiles
732 4859 805 4904 ac
851 4840 1151 4903 molestas
1188 4840 1344 4917 νίας,
1393 4840 1866 4922 occupationeS,

375 4938 644 5016 laboreS,
664 4938 966 5001 incedunt
988 4938 1315 5001 ambitiosi
1338 4946 1402 5001 et
1426 4938 1691 5019 lubrici3
1715 4948 1871 5022 quot

373 5036 773 5101 resistentias
835 5036 1212 5118 patiuntur3
1272 5038 1523 5119 quoties
1584 5045 1870 5100 cassatur

374 5154 601 5199 eorum
649 5143 937 5213 conatuS,
982 5144 1046 5198 et
1089 5134 1431 5198 frustratur
1474 5135 1610 5199 fine
1657 5136 1873 5199 inten-

373 5238 480 5298 to!
523 5233 721 5308 Quam
764 5233 952 5296 multi
985 5252 1021 5297 e
1060 5233 1319 5315 regione
1367 5242 1589 5298 contra
1627 5253 1737 5299 eos
1777 5234 1874 5297 in-

376 5334 636 5411 cedunt,
676 5352 715 5395 a
746 5332 985 5415 quibus
1027 5332 1353 5396 multoties
1395 5333 1867 5416 opprimuntur,

630 5466 699 5519 Τ.
732 5468 785 5519 7.

1976 4354 2113 4411 Aut
2155 4350 2299 4410 avis
2339 4369 2482 4429 quae
2532 4351 2887 4409 transvolat
2933 4349 3004 4409 in
3054 4369 3200 4409 aere
3227 4370 3252 4409 .·
3281 4352 3469 4429 cujus

1978 4452 2239 4508 nullum
2266 4448 2604 4509 invenitur
2621 4454 3082 4523 argumentum
3100 4448 3361 4509 itineris
3387 4450 3469 4509 il-

1979 4547 2131 4615 lius,
2163 4544 2226 4607 id
2257 4553 2354 4609 est
2391 4544 2698 4608 indicium
2739 4543 2835 4606 sui
2874 4543 3147 4620 volatuS,
3180 4549 3291 4607 sed
3329 4556 3470 4608 tan-

1981 4654 2115 4706 tum
2145 4646 2394 4705 sonitus
2431 4648 2694 4704 alarum
2723 4645 3060 4705 verba-ans
3100 4648 3299 4706 levem
3329 4666 3472 4708 ven-

1984 4752 2122 4804 tum
2153 4764 2177 4803 .·
2205 4753 2267 4804 et
2292 4744 2591 4803 scindens
2617 4761 2740 4819 per
2769 4743 2902 4802 vim
2939 4744 3199 4804 itineris
3231 4764 3467 4813 aerem,

1978 4842 2305 4904 commotis
2357 4842 2484 4902 alis
2541 4840 2965 4902 transvolavit
2986 4864 3015 4913 ,·
3061 4850 3122 4901 et
3163 4853 3308 4922 post
3355 4846 3470 4905 hoc

1979 4944 2244 5003 nullum
2283 4942 2549 5017 siynum
2589 4940 2927 4999 invenitur
2965 4942 3222 5001 itineris
3257 4943 3467 5006 iltius.

1981 5041 2117 5100 Aut
2150 5048 2461 5118 tanquam
2489 5038 2730 5114 saqitta
2763 5037 2994 5097 emissa
3031 5038 3106 5097 in
3136 5041 3345 5099 locum
3370 5042 3472 5099 de-

1980 5139 2325 5206 stinatum,
2352 5134 2417 5197 id
2459 5142 2558 5198 est
2599 5134 2939 5211 intentum,
2971 5137 3224 5197 divisas
3251 5157 3364 5197 aer
3391 5156 3470 5201 ex

1984 5232 2214 5315 sagitta
2253 5234 2507 5298 volante
2553 5232 2620 5295 in
2671 5250 2746 5294 eo
2781 5248 2796 5293 ε
2832 5232 2984 5313 quia
3025 5232 3152 5297 duo
3201 5252 3471 5317 corpora

1988 5350 2116 5397 non
2152 5339 2419 5415 possunt
2447 5330 2821 5395 naturaliter
2852 5348 2991 5393 esse
3029 5330 3096 5393 in
3138 5350 3268 5396 uno
3297 5332 3460 5414 loce,

3163 5464 3226 5517 31

3597 3466 3665 3523 10

3598 4360 3662 4418 ss

3598 5048 3666 5105 12
