4284 6267
627 1264 761 1306 Pron.

554 1339 695 1372 xxvm.
716 1329 785 1368 23.

649 1390 721 1444 26

654 2427 725 2483 27

597 2643 722 2685 Rom.
750 2657 821 2692 xii,

562 2707 625 2748 17.

574 2937 759 3044 'Ratun
778 2953 821 2990 v,

599 3004 640 3045 ⁶.

560 4231 669 4276 Luc.
686 4245 741 4282 iv,
759 4233 825 4274 2³.

559 4331 681 4374 Rom.
698 4344 741 4382 ιι,
759 4332 804 4372 2¹
816 4362 826 4373 .

660 4509 732 4564 28

614 5256 691 5298 Pe.
720 5269 762 5307 x,
788 5258 829 5306 3,

562 5331 651 5363 sec.
668 5317 793 5362 liebr.

846 465 965 530 156

1458 487 1809 533 mannum
1850 486 1913 532 m
1954 485 2093 533 cap.
2139 486 2288 532 xxiv
2329 461 2814 534 rnovmtonui.
2859 507 2940 516 —
2981 487 3124 534 mr.
3169 489 3318 534 :mv

846 657 1125 720 cundum
1162 659 1516 736 scientiam,
1550 659 1717 722 Deus
1749 659 2066 740 praecipue
2096 656 2330 739 diligit,
2360 655 2412 719 A
2441 657 2612 720 Istud
2655 678 2846 742 supra
2889 659 3090 740 magis
3134 661 3492 742 expositum
3535 667 3653 722 est.
3687 661 3788 722 Ne
3830 661 3933 718 di·
3961 679 4210 724 Pmmo.

854 755 1034 832 ditat,
1061 754 1365 837 felicitat3
1398 777 1435 820 a
1466 757 1649 832 bonis
1679 776 1936 839 quoque
1967 755 2335 819 hominibus

847 853 1317 918 benedicuntur
1345 864 1406 919 et
1437 856 1795 919 laudantur.
1834 857 1903 917 Hi
1936 875 2196 936 quoque
2223 854 2336 936 qui

846 962 1222 1033 arguuntur,
1262 955 1315 1016 si
1360 955 1543 1036 probi
1572 956 1723 1030 sint,
1758 955 1851 1018 eis
1884 955 2331 1036 regratiamur,

846 1060 907 1113 ct
934 1053 1078 1116 dato
1102 1054 1270 1135 quod
1300 1055 1712 1135 indignentur
1732 1055 1809 1117 ad
1835 1063 2099 1133 tempus,
2126 1063 2334 1115 tamen

847 1152 925 1213 ad
958 1161 1233 1214 mentem
1270 1153 1529 1230 reversi,
1562 1153 1797 1233 gratias
1826 1162 2043 1233 agunt,
2080 1152 2246 1214 sicut
2273 1159 2336 1214 et

846 1248 1017 1311 infra
1045 1249 1352 1315 habetur:
1388 1249 1503 1324 Qui
1535 1252 1800 1333 corripit
1829 1251 2176 1326 hominem,
2200 1267 2335 1330 gra-

849 1348 998 1410 tiam
1034 1357 1253 1430 postea
1292 1349 1576 1413 inveniet
1608 1351 1778 1433 apud
1816 1369 1985 1412 eum.
2014 1386 2096 1395 —
2130 1351 2336 1411 Labia

845 1450 1346 1518 deosculabitur,
1376 1449 1441 1511 id
1492 1458 1610 1526 est,
1644 1449 1965 1511 caritatem
2010 1457 2075 1512 et
2110 1466 2332 1529 pacem

848 1546 1245 1624 reformabit,
1300 1546 1568 1624 fovebit,
1621 1547 1939 1630 perficiet,
1990 1549 2109 1628 qui
2164 1557 2334 1607 recta

848 1648 1035 1706 verba
1069 1649 1423 1724 respondet,
1457 1646 1522 1709 id
1563 1655 1681 1723 est,
1714 1647 1985 1709 discrete
2027 1666 2095 1708 se
2133 1645 2336 1728 ⁴habet

847 1744 1189 1825 loquendo,
1224 1751 1289 1806 et
1329 1764 1403 1808 ea
1446 1745 1739 1822 dicend0,
1776 1763 1918 1826 quae
1963 1763 2077 1826 pro
2117 1763 2331 1820 causa,

2438 777 2546 817 cas
2570 778 2596 819 .·
2629 761 2948 826 Quomodo
2976 761 3134 836 fecit
3167 763 3358 829 mihi,
3389 757 3720 822 inferendo
3769 757 3935 840 inju-

2441 856 2589 934 riaS,
2621 860 2716 918 sic
2758 860 3004 935 faciam
3044 861 3128 927 ei,
3162 870 3222 921 et
3257 861 3529 919 reddam
3573 860 3934 938 unicuique

2441 954 2601 1017 mihi
2655 956 3080 1034 forefacienti,
3119 961 3471 1019 secundum
3514 978 3671 1036 opus
3707 977 3928 1024 suum,

2442 1073 2570 1136 quo
2609 1064 2829 1137 peccat
2879 1056 2944 1119 in
2991 1075 3114 1119 me.
3159 1056 3286 1119 Hoc
3328 1063 3424 1119 cst
3466 1056 3636 1137 quod
3686 1056 3928 1119 dictum

4059 743 4128 797 29

2441 1162 2538 1215 cst
2565 1173 2757 1236 supra
2791 1174 2806 1218 ε
2843 1154 2928 1216 Ne
2959 1155 3135 1217 dicas
3171 1174 3186 1218 ε
3225 1155 3498 1216 Reddam
3535 1154 3774 1216 malum
3815 1172 3932 1236 pro
3963 1171 4214 1215 manee.

2439 1251 2632 1315 malo.
2684 1252 2875 1316 Porro
2925 1251 3190 1334 injurias
3248 1252 3595 1328 vindicare,
3645 1260 3709 1316 et
3765 1252 3934 1314 inter

2443 1350 2765 1431 proximos
2795 1351 3224 1432 aequalitatem
3259 1369 3512 1414 servare
3540 1349 3824 1432 justitiae‚
3856 1370 3936 1413 ac

2444 1447 2610 1510 mala
2647 1449 2854 1531 culpae
2901 1469 3014 1531 per
3063 1449 3231 1511 mala
3275 1467 3484 1531 poenae
3533 1467 3930 1530 recuperare,

2443 1548 2522 1610 ad
2551 1547 2876 1629 publicam
2913 1555 3158 1630 spectat
3186 1546 3648 1622 auctoritatem,
3681 1547 3802 1610 hoc
3839 1555 3938 1609 est

2443 1646 2520 1710 ad
2554 1645 3000 1727 praesidentem
3031 1654 3094 1708 et
3123 1645 3408 1725 judicem
3436 1662 3450 1706 :
3485 1646 3564 1707 ad
3593 1663 3755 1726 quos
3793 1653 3936 1706 tan-

2443 1763 2630 1826 quam
2661 1745 2739 1805 ad
2779 1744 2990 1806 vivam
3022 1744 3224 1823 legem
3257 1763 3331 1807 ac
3370 1743 3712 1806 animatam
3749 1744 3939 1826 Justi-

848 1842 987 1905 loco
1038 1851 1100 1905 et
1148 1851 1432 1925 tempore
1483 1843 1684 1924 magis
1730 1842 2075 1925 expediunt
2122 1863 2136 1907 ε
2186 1843 2337 1923 quia
2373 1840 2418 1901 B
2447 1843 2598 1905 tiam
2629 1841 2998 1922 confugere,
3036 1842 3312 1924 pertinet
3349 1842 3428 1904 ad
3467 1841 3811 1922 subjectoS‚
3845 1861 3940 1904 sc-

849 1960 962 2022 per
1009 1941 1130 2003 hoc
1174 1940 1249 2002 fit
1288 1941 1582 2004 amabilis
1622 1941 1808 2004 bonis
1851 1941 2241 2017 hominibuS‚
2273 1949 2338 2003 et-

848 2040 1281 2102 discordantes
1338 2039 1657 2121 pacificat.
1709 2040 1901 2103 Porro
1947 2039 2336 2102 deosculatio

851 2137 1191 2213 labiorum,
1238 2137 1489 2217 signum
1542 2147 1637 2201 est
1690 2138 1973 2200 caritatis
2024 2146 2087 2200 et
2134 2136 2331 2220 paciS‚

852 2244 1042 2318 prout
1080 2237 1145 2298 in
1187 2235 1351 2300 libro
1389 2237 1468 2300 de
1499 2235 1751 2300 Officiis
1792 2236 2056 2319 pulchre
2096 2237 2176 2299 de
2216 2237 2337 2300 hoc

852 2333 1073 2398 scribit
1101 2335 1495 2399 Ambrosius.

936 2438 1246 2511 Prcepara
1276 2437 1442 2513 foris
1471 2455 1627 2512 opus
1663 2443 1847 2495 tuum
1879 2455 1903 2495 .·
1938 2433 1997 2495 id
2044 2441 2162 2509 est,
2194 2431 2338 2495 aliis

851 2531 1277 2614 exemplarem
1312 2541 1372 2594 te
1408 2532 1657 2609 exhibe,
1694 2551 1811 2596 nec
1841 2532 2115 2614 aliquem
2161 2551 2340 2594 scan-

852 2631 1109 2708 dalizeS‚
1134 2639 1205 2692 ut
1236 2631 1417 2712 juxta
1457 2631 1812 2695 doctrinam
1857 2631 2164 2714 Apostoli,
2193 2649 2337 2712 pro-

854 2731 1073 2794 videas
1112 2729 1281 2794 bona
1328 2749 1455 2793 non
1508 2729 1715 2794 solum
1764 2749 1974 2794 coram
2027 2730 2174 2806 De0‚
2229 2730 2340 2792 scd

2444 1941 2716 2004 cundum
2745 1940 3322 2023 Philosophum,vel
3351 1940 3651 2021 injuriam
3683 1940 3940 2022 penitus

2445 2038 2797 2117 indulgere.
2835 2038 3012 2100 Unde
3042 2039 3107 2100 in
3139 2038 3497 2101 Proverbiis
3529 2039 3660 2101 suis
3699 2037 3938 2101 Seneca

2445 2139 2580 2201 ait:
2615 2136 2936 2220 Optimum
2982 2145 3076 2199 est
3117 2155 3368 2218 semper
3409 2137 3756 2217 ignoscere,
3807 2145 3942 2199 tan-

2445 2256 2636 2318 quam
2679 2236 2731 2297 si
2767 2235 2902 2317 ipse
2930 2235 3218 2316 quotidie
3249 2253 3508 2318 pecces3
3549 2243 3612 2297 et
3651 2235 3880 2298 iterum
3919 2255 3934 2298 :

2447 2336 2654 2417 Turpe
2702 2343 2800 2398 est
2852 2335 3112 2399 vincere
3159 2353 3350 2414 suos;
3402 2335 3553 2397 satis
3601 2353 3940 2417 poenarum

2446 2441 2563 2509 est,
2596 2434 2882 2516 potuisse
2925 2434 3164 2516 puniri.
3199 2433 3444 2496 Tullius
3483 2451 3737 2515 quoque
3770 2451 3785 2494 :
3819 2433 3942 2496 No-

2447 2532 2598 2606 bilc,
2637 2531 2869 2613 inquit,
2905 2532 3189 2596 victoriae
3234 2550 3436 2613 genus
3481 2538 3598 2609 est,
3647 2532 3938 2614 potuisse

2447 2631 2796 2693 vindicare.

2537 2733 2664 2792 Per
2703 2749 2940 2808 aarum
2983 2730 3266 2790 hominis
3309 2730 3492 2806 piqri
3537 2729 3836 2800 transivi,
3873 2739 3940 2790 et

853 2830 1045 2893 etiam
1096 2848 1309 2892 coram
1368 2829 1667 2892 omnibus
1724 2828 2113 2892 hominibus.
2166 2827 2340 2890 Unde
2444 2849 2560 2906 per
2598 2833 2858 2889 vineam
2893 2829 3027 2888 viri
3055 2829 3243 2888 stulti
3261 2851 3290 2901 ,·
3335 2837 3396 2888 et
3432 2847 3567 2888 ecce
3599 2835 3800 2888 totum
3837 2847 3942 2888 re-

850 2927 1042 3009 jussit
1078 2927 1365 2991 Salvator
1398 2945 1411 2989 :
1456 2927 1687 2990 Luceat
1726 2927 1832 2990 lux
1873 2934 2085 2991 vestra
2124 2947 2337 2991 coram
2440 2932 2776 3005 plener-ant
2825 2928 3076 2996 urtica»,
3105 2935 3492 3004 operuerant
3531 2927 3942 3003 superficiem

850 3026 1242 3103 hominibus,
1278 3034 1347 3089 ut
1389 3026 1648 3089 videant
1688 3026 1855 3090 bona
1899 3025 2067 3091 sacta
2106 3035 2334 3089 vestra.
2372 3019 2417 3082 C
2447 3028 2586 3103 ejus
2612 3028 2838 3103 spinae,
2874 3036 2934 3086 ec
2965 3027 3248 3086 maceria
3285 3026 3585 3103 lapidum
3614 3027 3944 3084 destructa

848 3129 935 3188 Ec
972 3129 1320 3203 diliqenter
1346 3146 1564 3185 exerce
1603 3145 1839 3202 ayrum
1877 3135 2087 3194 tuum,
2119 3127 2183 3188 id
2217 3135 2334 3203 est,

849 3244 1144 3306 campum
1171 3223 1382 3287 cordis
1416 3224 1520 3298 tui,
1541 3232 1601 3286 et
1627 3243 1733 3287 eos
1764 3223 1877 3305 qui
1906 3223 2021 3286 tibi
2048 3226 2341 3287 commis·

850 3324 903 3386 si
934 3331 1103 3398 sunt,
1128 3343 1165 3384 a
1197 3322 1371 3385 vitiis
1400 3341 1621 3405 purga,
1650 3322 1951 3384 virtutum
1985 3322 2339 3386 seminibus

852 3421 1118 3494 semina,
1154 3421 1455 3484 virtuosis
1500 3421 1817 3483 exercitiis
1862 3420 2021 3496 cole,
2066 3422 2340 3484 meritis-

851 3538 977 3601 que
1032 3518 1341 3598 fecunda3
1389 3529 1451 3580 et
1488 3529 1703 3597 postea
1754 3521 2031 3596 (edifices
2076 3523 2340 3582 domum

856 3628 1037 3678 tuam
1081 3639 1104 3676 .·
1153 3616 1217 3678 id
1265 3625 1381 3692 est,
1435 3616 1741 3679 fabricam
1789 3616 2095 3679 virtutum
2144 3616 2342 3678 subli-

852 3715 1055 3777 mium
1096 3723 1393 3778 construe
1424 3715 1487 3776 in
1517 3714 1882 3778 habitaculo
1917 3715 2152 3777 mentis
2191 3723 2336 3792 tute,

852 3823 1043 3895 atque
1071 3813 1135 3875 in
1168 3831 1357 3894 grege
1398 3812 1513 3875 tibi
1550 3812 1913 3876 commisso.
1949 3812 2186 3894 Nempe
2228 3813 2338 3895 qui

854 3921 1083 3996 praeest
1130 3921 1239 3974 aut
1288 3911 1608 3993 praedicat,
1647 3910 1834 3974 debet
1883 3911 1947 3972 in
1999 3911 2226 3994 primis
2273 3931 2342 3974 se

854 4013 1065 4094 ipsum
1098 4029 1390 4092 purgare,
1411 4027 1722 4085 exercere,
1750 4007 2087 4091 perficere,
2111 4009 2342 4072 deinde

854 4111 935 4174 ad
984 4110 1256 4172 aliorum
1308 4107 1791 4170 instructionem
1844 4108 2344 4190 praesidentiam-

2446 3136 2609 3187 erat.
2647 3124 2818 3187 Istud
2858 3124 2923 3185 in
2954 3123 3393 3205 corporalibus
3425 3131 3486 3186 et
3517 3121 3942 3186 exterioribus

2449 3224 2537 3286 ita
2585 3231 2701 3286 est.
2755 3222 3186 3304 spiritualiter
3237 3240 3412 3298 vero,
3461 3239 3610 3302 ager
3656 3220 3942 3285 hominis

2449 3321 2637 3404 pigri.
2673 3329 2736 3384 et
2767 3320 2954 3385 vinea
2985 3319 3107 3384 viri
3140 3320 3343 3396 stulti,
3381 3327 3475 3382 est
3505 3338 3614 3382 cor
3653 3327 3946 3401 peccato-

2451 3421 2536 3483 ris
2581 3420 2879 3496 acediosi,
2915 3438 3026 3482 seu
3071 3418 3353 3502 populus
3395 3418 3454 3482 ei
3502 3418 3886 3482 commissus
3923 3438 3939 3482 :

2450 3519 2514 3581 in
2551 3519 2786 3601 quibus
2817 3537 2897 3581 ex
2937 3517 3322 3597 negligentia
3359 3525 3424 3580 et
3463 3525 3714 3600 torpore
3756 3516 3943 3599 pravi

2449 3617 2691 3700 praelati
2730 3637 2841 3680 seu
2881 3617 3160 3681 hominis
3209 3616 3444 3693 vitiosi,
3486 3614 3948 3698 praedominan-

2447 3725 2551 3778 tur
2590 3715 2812 3778 tribuli
2846 3715 3172 3791 vitiorum,
3208 3721 3538 3796 puncturae
3581 3713 3940 3776 crudelium

2449 3815 2840 3897 passionum,
2869 3813 3168 3878 videlicet
3212 3811 3342 3888 irie,
3379 3811 3806 3894 impatientiae‚
3841 3811 3945 3874 in-

2451 3913 2659 3991 vidiae,
2696 3911 3171 3991 indignationiS‚
3205 3910 3674 3974 amaritudinis
3699 3911 3774 3973 Et
3811 3929 3946 3972 ma-

2448 4014 2640 4089 ceria,
2661 4013 2725 4074 id
2755 4020 2853 4076 est
2879 4030 3072 4094 opera
3097 3999 3270 4074 bona
3299 4030 3376 4074 ex
3405 4029 3636 4092 genere
3659 4009 3946 4092 aliquan·

2452 4114 2532 4175 do
2563 4112 2882 4187 inchoata,
2918 4128 3046 4173 non
3083 4116 3265 4172 erant
3293 4110 3372 4172 ad
3403 4109 3942 4192 complementum

856 4229 983 4291 que
1013 4208 1377 4292 procedere,
1415 4225 1494 4269 nc
1526 4206 1583 4268 ci
1614 4206 1879 4283 dicatur,
1910 4206 2168 4283 Medico,
2189 4226 2341 4270 cura
2368 4209 2417 4270 D
2457 4211 2781 4294 perducta,
2831 4229 2948 4272 nec
2995 4208 3278 4272 caritatis
3328 4208 3590 4288 coagulo
3638 4207 3938 4270 adunata.

860 4317 919 4372 te
972 4310 1224 4390 ipsum3
1280 4306 1582 4386 itemque,
1622 4304 1737 4379 Qui
1788 4305 1979 4368 alium
2032 4306 2237 4383 doceS,
2281 4313 2342 4369 tc

860 4408 1067 4489 ipsum
1107 4425 1235 4469 non
1276 4405 1509 4468 doces?

942 4509 1035 4566 Ne
1060 4508 1148 4566 sis
1180 4506 1351 4566 testis
1382 4503 1662 4582 frustra,
1706 4501 1769 4565 id
1813 4511 1910 4566 est
1956 4505 2233 4567 inaniter
2279 4513 2341 4567 et

856 4605 995 4667 sine
1034 4603 1264 4666 idonea
1304 4620 1515 4677 causa,
1549 4611 1775 4662 contra
1814 4605 2196 4678 prooeimum
2247 4613 2342 4664 tu·

856 4725 967 4764 um
988 4722 1011 4764 .·
1034 4711 1241 4766 tamen
1275 4700 1327 4762 si
1362 4699 1722 4763 innocentis
1753 4699 2067 4777 liberatio,
2092 4711 2206 4764 aut
2242 4701 2341 4783 ju-

854 4802 1014 4864 dicis
1065 4807 1474 4882 praeceptum,
1510 4807 1618 4861 aut
1665 4798 1896 4860 similis
1946 4800 2342 4863 rationabilis

856 4899 1062 4979 exigat
1091 4918 1303 4974 eausa,
1338 4897 1773 4960 testimonium
1816 4905 1911 4960 est
1952 4895 2286 4962 ferendum
2323 4917 2338 4978 ;

856 5018 969 5059 nec
1009 5000 1196 5057 lactes
1244 5015 1633 5075 quemquam
1683 4996 1873 5055 labiis
1925 4997 2076 5066 tuis,
2109 4995 2176 5057 id
2222 5006 2339 5072 est,

860 5095 1105 5160 nemini
1152 5093 1451 5170 aduleriS,
1504 5111 1621 5156 nec
1682 5092 1899 5156 foveas
1948 5093 2230 5175 aliquem
2278 5095 2344 5157 in

860 5194 1137 5278 peccatis
1192 5213 1206 5257 ε
1261 5192 1799 5276 quemadmodum
1856 5191 2167 5274 scriptum
2226 5202 2343 5270 est,

860 5292 1166 5356 Laudatur
1186 5299 1473 5374 peccator
1496 5289 1562 5352 in
1588 5289 1921 5353 desideriis
1944 5291 2174 5356 animae
2195 5309 2343 5354 suaet

2453 4309 2714 4372 Maceria
2765 4307 3061 4389 equidem
3111 4315 3376 4370 vocatur
3422 4325 3645 4368 murus
3696 4304 3942 4386 absquo

2451 4415 2780 4472 caemento.
2823 4407 2961 4469 Haec
3009 4414 3218 4469 autem
3270 4405 3510 4481 videre,
3545 4411 3642 4468 est
3681 4403 3750 4466 in
3793 4402 3940 4467 aliis

2451 4508 2573 4570 ista
2603 4505 3028 4570 considerare.
3055 4509 3237 4576 Quod
3265 4526 3468 4586 quum
3489 4507 3814 4573 vidissem,
3834 4523 3940 4580 po-

2447 4609 2556 4668 sui
2595 4608 2668 4667 in
2697 4608 2884 4666 corde
2913 4625 3074 4674 meo,
3105 4604 3169 4666 id
3200 4611 3311 4680 est,
3347 4602 3712 4665 memoriter
3739 4621 3812 4664 ea
3845 4619 3940 4663 re-

2449 4704 2642 4781 colui,
2687 4721 2768 4766 ne
2815 4702 3014 4765 simili
3053 4703 3240 4766 modo
3285 4702 3598 4765 accideret
3647 4700 3827 4778 mihi,
3878 4709 3940 4759 et

2448 4807 2735 4880 exemplo
2763 4803 2976 4862 didici
2997 4802 3445 4894 disciplinam,
3467 4800 3532 4863 id
3573 4807 3691 4877 est,
3721 4818 3796 4862 ex
3829 4797 3944 4861 ali-

2450 4920 2632 4966 orum
2676 4899 2846 4963 'facto
2884 4898 3376 4981 reprehensibili
3414 4917 3516 4960 me
3557 4897 3766 4981 ipsum
3805 4915 3944 4960 cor-

2453 4999 2608 5074 rexi,
2652 4997 2877 5074 direxi,
2921 5005 2984 5058 et
3029 4996 3273 5059 cautior
3316 4995 3523 5058 factus
3572 5015 3736 5057 sum.
3769 4993 3945 5058 Felix

2453 5097 2624 5162 enim
2682 5114 2872 5177 quem
2937 5094 3182 5158 faciunt
3235 5094 3442 5157 aliena
3490 5095 3723 5157 damna
3777 5092 3945 5174 peri-

2455 5203 2589 5256 tum
2642 5213 2656 5257 ε
2705 5193 2857 5276 quia
2907 5194 3081 5274 quod
3133 5192 3199 5254 in
3248 5192 3394 5255 aliis
3445 5189 3946 5274 reprehensibile

2454 5292 2839 5373 iudicamuS,
2874 5292 3078 5357 vitare
3109 5291 3434 5357 debemuS.
