4284 6267
690 489 771 554 70

1386 511 1739 559 tuamne
1780 512 1845 558 m
1885 512 2025 559 cAP.
2070 513 2137 559 n
2179 514 2666 563 nommant.
2710 538 2791 547 —
2831 519 2972 564 ΛΒΤ.
3017 520 3082 565 11

694 678 891 762 dant;
924 685 1391 746 maledicentur
1430 685 1505 744 in
1540 687 1804 763 populis
1845 684 2188 766 indigenti-
2217 683 2268 746 A
2301 687 2634 750 temeraria
2662 687 2905 770 judicia
2931 687 3144 752 efficit
3169 709 3308 753 eam
3338 710 3618 773 pronam.
3631 691 3790 755 Vel:

696 775 837 842 bus.
890 785 1263 844 Benedictio
1308 791 1525 846 autem
1565 805 1759 861 super
1802 794 1997 862 eaput
2038 805 2188 845 ven-

688 879 1011 946 dentium,
1044 879 1107 944 id
1148 889 1265 956 est,
1300 881 1727 945 vendentibus
1763 882 1984 965 populi
2016 883 2187 946 bona

690 975 1233 1058 imprecabuntur,
1274 980 1625 1062 praesertim
1672 981 1725 1043 si
1772 998 1890 1063 pro
1930 999 2186 1064 compe-

690 1075 846 1138 tenti
877 1076 1029 1140 dent
1060 1077 1531 1160 pretio.Sicque
1560 1079 2023 1144 abscondentes
2054 1080 2184 1143 fru-

688 1181 901 1237 menta
936 1181 1220 1259 tempore
1256 1195 1385 1258 quo
1416 1186 1565 1240 sunt
1598 1178 1949 1242 venditioni
1990 1198 2183 1262 expo-

688 1273 919 1348 nenda,
946 1284 1209 1356 peccant
1240 1294 1365 1339 non
1398 1276 1603 1339 solum
1634 1295 1709 1339 ex
1738 1277 2089 1359 cupiditate
2118 1286 2182 1340 et

690 1369 1105 1436 immoderata
1146 1372 1599 1451 sollicitudine,
1634 1377 1741 1438 sed
1786 1377 1977 1439 etiam
2020 1377 2184 1441 alios

416 1479 659 1534 rob-nde.
686 1471 964 1552 graviter
1010 1472 1537 1554 scandalizand03
1582 1493 1699 1538 nec
1749 1473 1995 1538 faciunt
2042 1495 2184 1559 pro-

398 1541 564 1590 Mateta.
590 1559 659 1598 vu,

400 1607 466 1650 12.

420 3071 537 3116 thid.
552 3086 647 3126 nv,

442 3471 551 3518 Luc.
570 3485 651 3524 xix,

394 3535 441 3578 ¹2

390 3566 651 3653 Manlum,

391 3661 457 3713 21,
482 3663 546 3705 2³.

488 3751 557 3808 27

690 1569 880 1634 ximis
920 1571 1460 1653 quemadmodum
1508 1573 1631 1636 sibi
1674 1573 1739 1636 in
1786 1593 1937 1637 casu
1986 1575 2182 1638 simili

688 1678 996 1752 cuperent
1034 1669 1181 1732 fieri
1226 1685 1241 1732 :
1280 1671 1453 1753 quod
1496 1680 1593 1734 est
1631 1672 1753 1752 legi
1792 1675 2184 1736 eontrarium

689 1768 1000 1848 naturali3
1034 1767 1163 1832 imo
1202 1769 1629 1850 periculosum
1662 1780 1758 1834 est
1792 1771 1997 1849 valde,
2029 1773 2184 1855 quia

2299 783 2414 858 Qui
2449 785 2866 867 investigator
2893 788 3206 852 malorum
3235 798 3353 867 est,
3379 789 3441 854 id
3469 799 3586 866 est,
3607 809 3797 854 exco-

2293 883 2456 962 gitat
2491 904 2634 965 quae
2671 886 2841 949 mala
2877 887 3046 950 dicat
3083 897 3192 950 aut
3230 886 3438 965 faciat,
3471 888 3793 971 opprime-

2295 989 2400 1044 tur
2427 983 2510 1045 ab
2538 985 2652 1060 εἰς,
2687 985 2753 1047 id
2783 994 2900 1060 est,
2933 1004 3154 1048 eorum
3183 987 3506 1049 demeritis
3535 987 3599 1048 in
3631 1007 3788 1070 sup-

2295 1079 2493 1164 plicia
2529 1083 2953 1163 demergetur.
2997 1084 3254 1161 RursuS,
3296 1085 3405 1165 qui
3443 1085 3786 1166 investigat

2295 1181 2484 1257 mala,
2529 1181 2593 1244 id
2636 1191 2734 1245 est
2777 1182 3024 1258 illicita,
3065 1192 3136 1245 ut
3179 1182 3368 1246 faeiat
3409 1203 3503 1260 ea,
3535 1192 3640 1246 aut
3681 1183 3786 1245 in-

2293 1287 2576 1342 struatur
2615 1299 2692 1344 ex
2733 1281 2849 1355 eiS‚
2883 1282 3050 1344 sicut
3088 1282 3200 1363 qui
3237 1283 3480 1344 artibus
3517 1283 3783 1362 magieis

2291 1387 2588 1459 quaerunt
2625 1379 2859 1460 juvari,
2901 1381 3432 1461 quemadmodum
3477 1380 3619 1444 Saul
3661 1380 3782 1462 qui

2291 1477 2730 1559 pythonissam
2759 1479 3114 1559 consuluit3
3135 1480 3529 1562 opprimetur
3557 1479 3636 1540 ab
3662 1479 3778 1554 eis,

2292 1575 2446 1656 quia
2473 1595 2604 1638 suae
2631 1577 3050 1640 adversantur
3080 1578 3292 1655 saluti,
3325 1586 3387 1640 et
3414 1596 3582 1659 saepe
3609 1576 3784 1639 deci-

2293 1673 2488 1756 pitur.
2520 1674 2972 1738 Verumtamen
3015 1676 3130 1758 qui
3173 1685 3474 1758 praesunt,
3520 1694 3786 1758 praeser-

2295 1775 2408 1836 tim
2457 1773 2764 1856 episcopi,
2802 1794 2880 1838 ex
2929 1775 3192 1838 caritate
3233 1783 3295 1838 et
3339 1775 3476 1838 zelo
3517 1773 3784 1856 justitiae

686 1867 739 1930 si
785 1885 1095 1952 pauperes
1137 1866 1339 1949 aliqui
1381 1887 1457 1930 ex
1500 1868 1718 1949 inopia
1756 1879 2175 1948 morerentur,
2217 1870 2266 1933 B
2292 1873 2527 1936 debent
2569 1871 2968 1937 subditorum
3013 1874 3180 1936 mala
3222 1893 3336 1956 per
3377 1893 3446 1937 se
3489 1873 3680 1955 ipsoS,
3713 1880 3782 1934 et

686 1965 1037 2029 timendum
1068 1967 1239 2049 quod
1267 1967 1689 2049 imputaretur
1711 1969 2018 2034 divitibus
2049 1971 2179 2034 illis

681 2084 720 2129 a
754 2066 897 2130 Deo.
932 2065 1190 2149 Nempe,
1228 2075 1295 2129 ut
1328 2067 1532 2130 sancti
1566 2077 1777 2150 patres
1807 2069 2178 2134 Ambrosius

682 2163 1079 2246 Basiliusque
1126 2173 1457 2242 testantur,
1504 2167 1614 2248 qui
1666 2168 2176 2249 periclitantibus

680 2272 739 2328 et
776 2263 1210 2346 indigentibus
1250 2282 1377 2329 non
1416 2266 1751 2345 succurrit,
1786 2268 2038 2331 occidit.
2073 2267 2178 2331 Se-

682 2383 837 2428 neca
873 2382 1131 2446 quoque
1168 2380 1181 2426 :
1227 2361 1345 2437 Qui
1392 2363 1697 2446 perituro,
1751 2366 1981 2448 iuquit,
2036 2387 2177 2432 suc-

680 2482 935 2528 currere
968 2469 1197 2545 potest,
1231 2482 1429 2545 quum
1474 2482 1599 2528 uon
1642 2466 1977 2544 succurrit,
2012 2467 2178 2531 ocei-

680 2563 795 2626 dit.
846 2561 1269 2644 Spiritualiter
1313 2560 1635 2626 frumenta
1675 2562 2026 2642 abscondit,
2062 2567 2171 2649 qui

680 2662 847 2724 dona
890 2659 1109 2742 gratiae
1147 2659 1267 2722 sibi
1310 2659 1541 2724 collata
1581 2681 1707 2725 non
1748 2664 2176 2728 communicat

682 2757 1013 2844 proximis,
1060 2777 1176 2821 nec
1226 2758 1489 2822 verbum
1542 2759 1649 2822 Dei
1702 2762 2003 2843 praedicat
2052 2762 2174 2826 sibi

682 2856 1062 2931 commissis,
1085 2875 1200 2920 nec
1233 2856 1553 2922 fructuose
1583 2858 1783 2922 utitur
1809 2861 2067 2924 creditis
2098 2861 2179 2924 si·

684 2955 747 3020 bi
796 2955 1071 3020 talentis.
1109 2954 1277 3019 Talis
1318 2956 1828 3021 maledictionem
1874 2968 2173 3023 meretur.

2291 1990 2406 2055 per
2433 1972 2784 2052 condignos
2814 1972 3144 2036 ministros
3174 1972 3518 2055 inquirere.

2375 2073 2502 2139 Qui
2536 2073 2806 2148 confidit
2845 2073 2915 2131 in
2958 2073 3217 2132 diviciis
3253 2073 3390 2132 suis
3423 2068 3783 2152 temporali-

2288 2168 2410 2232 bus
2447 2176 2512 2231 et
2552 2169 2842 2244 terreniS,
2876 2180 3128 2230 corruet
3155 2169 3222 2230 in
3261 2169 3514 2251 eulpam
3553 2175 3615 2230 et
3645 2185 3784 2248 poe-

2289 2287 2462 2329 nam.
2494 2266 2733 2330 Idcirco
2779 2267 2854 2329 ad
2905 2267 3301 2330 Timotheum
3351 2266 3573 2330 scribit
3617 2266 3783 2346 Apo-

2289 2365 2490 2428 stolus
2524 2385 2538 2430 :
2578 2365 2895 2430 Divitibus
2937 2366 3211 2448 praecipe
3248 2383 3376 2428 non
3413 2383 3667 2447 sperare
3707 2363 3778 2425 in

2288 2464 2532 2528 incerto
2573 2463 2965 2528 divitiarum.
3001 2463 3306 2528 Similiter
3343 2464 3452 2546 qui
3487 2464 3553 2526 in
3593 2462 3782 2545 spiri-

2287 2563 2567 2625 tualibus
2599 2564 2732 2626 suis
2761 2562 3026 2641 divitiis,
3061 2564 3123 2626 id
3153 2571 3251 2626 est
3278 2563 3540 2637 meritiS‚
3577 2561 3780 2641 magis

2288 2681 2479 2744 quam
2533 2661 2600 2724 in
2658 2661 2893 2744 pietate
2941 2669 3004 2725 et
3057 2662 3258 2744 gratia
3315 2661 3420 2724 Dei
3480 2660 3774 2736 confidit,

2287 2770 2540 2826 corruet
2566 2770 2629 2824 et
2659 2761 3001 2843 peribit.Et
3029 2763 3105 2824 ad
3137 2769 3482 2842 utrumque
3511 2761 3780 2823 istorum

2287 2869 2531 2944 spectat
2559 2861 2729 2942 quod
2765 2858 2966 2924 fertur
2994 2859 3059 2922 in
3089 2860 3336 2923 Psalmo
3362 2877 3376 2921 ε
3400 2860 3559 2923 Ecce
3586 2859 3781 2922 homo

2290 2961 2398 3042 qui
2431 2978 2557 3023 non
2591 2959 2806 3042 posuit
2835 2959 3032 3021 Deum
3061 2961 3415 3041 adjutorem
3447 2958 3782 3035 suum,sed

681 3055 795 3120 Cui
826 3063 889 3118 et
914 3055 1107 3137 judex
1138 3055 1203 3116 in
1242 3054 1587 3136 Evangelio
1619 3056 1901 3138 loquitur
1936 3077 1949 3120 :
1985 3058 2176 3123 Serve
2213 3060 2257 3124 C
2289 3060 2570 3142 speravit
2592 3059 2655 3121 in
2679 3057 3092 3122 multitudine
3112 3057 3480 3123 divitiarum
3503 3076 3780 3120 suarum.

683 3154 848 3221 malo
877 3161 941 3218 et
970 3153 1170 3236 piger.
1208 3153 1569 3219 Benedictio
1603 3162 1811 3220 autem
1852 3176 2045 3239 super
2076 3175 2179 3220 ca-

684 3261 797 3338 put
827 3251 1261 3330 vendentium,
1288 3251 1351 3315 id
1384 3261 1479 3315 est
1510 3252 1833 3318 fructuose
1862 3274 2181 3337 exponen-

684 3352 868 3428 tium,
902 3357 1095 3432 atque
1144 3349 1547 3432 implentium
1600 3353 1767 3434 quod
1816 3352 1999 3434 jubet
2050 3353 2181 3416 Sal-

682 3457 860 3512 vator
908 3465 921 3512 :
965 3448 1385 3529 Negotiamini
1436 3450 1589 3513 dum
1638 3451 1849 3514 venio.
1900 3451 2177 3527 Quorum

684 3546 1030 3630 unicuique
1061 3546 1292 3611 dieitur
1326 3565 1339 3610 ε
1376 3548 1567 3630 Euge,
1604 3567 1782 3613 serve
1810 3549 1977 3614 bone
2007 3560 2070 3614 et
2100 3550 2180 3612 fi-

683 3645 867 3724 delis,
903 3655 1023 3709 etc.

786 3747 954 3806 Bene
1008 3747 1338 3822 consumit
1394 3749 1709 3815 diluculo,
1770 3749 1887 3828 qui
1944 3751 2180 3829 qum-it

683 3845 872 3914 bona,
906 3842 964 3907 id
996 3849 1113 3919 est,
1152 3841 1424 3908 feliciter
1452 3864 1638 3909 mane
1670 3846 1893 3926 surgit,
1927 3847 2039 3927 qui
2070 3866 2179 3910 cu-

683 3941 777 4026 pit
807 3950 869 4004 et
899 3940 1126 4004 nititur
1158 3950 1407 4026 tompus
1442 3942 1765 4007 fructuose
1796 3945 2174 4027 expendere,

682 4039 983 4124 proximis
1014 4039 1371 4119 subvenire,
1389 4050 1451 4104 et
1479 4061 1727 4125 semper
1752 4041 1903 4106 boni
1932 4043 2180 4124 aliquid

682 4138 955 4223 operari.
992 4141 1119 4210 Qui
1148 4149 1365 4201 autem
1394 4141 1819 4218 *investi-qator
1856 4145 2178 4203 malorum

2286 3162 2462 3221 Justz·
2507 3168 2723 3219 autem
2772 3161 2963 3238 quasi
3010 3159 3226 3218 virens
3269 3159 3508 3235 folium
3545 3158 3786 3234 germi-

2289 3259 2560 3328 nabunt,
2603 3257 2667 3319 id
2713 3265 2832 3334 est,
2879 3256 3156 3319 fructum
3205 3257 3512 3318 virtutum
3558 3255 3788 3337 produ-

2290 3365 2434 3420 cent
2481 3375 2558 3418 ex
2620 3355 2906 3418 interiori
2968 3355 3201 3418 mentis
3259 3355 3488 3430 virore,
3540 3362 3603 3417 et
3651 3371 3789 3417 cre-

2289 3462 2468 3517 scent
2528 3454 2592 3516 in
2655 3454 2906 3528 meliuS‚
2963 3454 3498 3535 quemadmodum
3552 3450 3778 3516 folium

2289 3553 2502 3616 virens
2550 3551 2913 3615 extenditur
2955 3552 3033 3613 ad
3077 3570 3424 3633 congruam
3467 3550 3785 3632 quantita-

2295 3661 2441 3716 tem.
2495 3651 2602 3714 Est
2655 3651 2894 3714 etenim
2955 3658 3258 3732 tanquam
3308 3649 3552 3730 lignum
3609 3649 3782 3730 quod

2290 3753 2644 3835 plantatum
2677 3757 2775 3812 est
2803 3768 2984 3812 secus
3026 3749 3328 3811 decursus
3355 3767 3686 3830 aquarum,
3718 3755 3786 3810 et

2290 3850 2512 3914 folium
2546 3849 2686 3930 ejus
2718 3866 2844 3911 non
2876 3846 3142 3910 defluet.

2374 3947 2500 4015 Qui
2527 3946 2862 4006 conturbat
2881 3947 3145 4004 domum
3173 3964 3386 4014 suam,
3402 3942 3467 4004 id
3495 3951 3614 4019 est,
3637 3961 3782 4004 suos

2289 4043 2670 4108 domesticos
2711 4061 2823 4104 seu
2867 4049 3192 4121 cognatm,
3227 4049 3335 4103 aut
3378 4041 3625 4123 plebem
3672 4059 3783 4103 seu

2289 4141 2843 4222 congregationem
2897 4140 3019 4202 sibi
3080 4139 3486 4202 commissam
3538 4140 3786 4203 irratio-

681 4245 795 4307 est,
826 4235 885 4299 id
934 4243 1051 4314 est,
1097 4235 1263 4300 facta
1307 4245 1371 4300 et
1414 4236 1702 4302 defectus
1745 4239 2176 4322 proximorum
2207 4247 2258 4308 Ι)
2292 4240 2590 4304 nabiliter
2622 4239 2957 4320 inquietat,
2991 4245 3054 4302 et
3092 4238 3513 4320 impatientia,
3550 4239 3643 4300 ira
3671 4257 3784 4302 seu

683 4332 999 4398 malitiose
1030 4344 1139 4399 aut
1168 4335 1417 4400 curioso
1450 4336 1738 4419 inquirit,
1773 4338 1848 4400 ad
1882 4357 2182 4402 accusan-

681 4433 833 4496 dum
868 4453 976 4496 seu
1012 4435 1521 4518 persequendum
1552 4435 1651 4500 vel
1684 4435 2176 4513 diffamandum,

681 4539 789 4596 aut
820 4531 1015 4597 simili
1053 4531 1406 4596 intentione
1437 4553 1757 4616 perversa,
1777 4537 2181 4614 opprimetur

679 4633 758 4694 ab
787 4633 899 4696 οἰκ.
943 4630 1005 4694 id
1052 4639 1169 4708 est,
1216 4631 1471 4695 illorum
1518 4632 1798 4714 pondere
1842 4651 1877 4696 a
1923 4634 2179 4716 propria

682 4727 1071 4812 impedietur
1110 4729 1336 4793 salute.
1370 4729 1571 4794 Grave
1602 4729 1798 4808 enim,
1825 4738 1894 4793 ut
1920 4731 2011 4795 ait
2039 4731 2181 4796 Gre-

680 4827 918 4907 gorius,
956 4837 1051 4890 ost
1084 4827 1309 4892 vitium
1354 4827 1743 4892 curiositatis
1777 4849 1790 4894 ε
1825 4831 1997 4911 quod
2024 4831 2176 4894 dum

682 4933 958 4990 montem
987 4925 1153 4992 circa
1186 4925 1456 4990 aliorum
1484 4924 1772 4990 defectus
1804 4926 2183 5009 investigan-

682 5024 794 5087 dos
838 5031 1127 5108 occupat,
1175 5041 1313 5086 eam
1365 5021 1488 5086 sibi
1540 5023 1663 5106 ipsi
1712 5024 2066 5104 abscondit,
2111 5035 2183 5089 ut

684 5130 859 5186 tanto
888 5123 1102 5186 miuus
1136 5121 1393 5206 propria
1422 5129 1639 5186 cernat
1667 5133 1946 5206 peccata,
1978 5144 2181 5207 quan-

684 5227 746 5284 to
776 5222 1090 5286 curiosius
1127 5221 1393 5286 discutit
1431 5221 1637 5286 aliena
1674 5239 1688 5286 ε
1724 5223 1944 5304 sicque
1984 5223 2049 5286 in
2080 5245 2184 5288 su-

686 5318 906 5403 perbia
956 5317 1130 5386 fovet
1171 5320 1467 5386 miseram
1515 5321 1818 5398 animam,
1862 5330 2053 5406 atque
2102 5325 2180 5388 ad

2290 4339 2736 4422 inquietudine
2795 4357 2909 4399 sua
2965 4336 3279 4412 molestat,
3343 4355 3503 4418 quos
3563 4335 3786 4399 debuit

2291 4437 2675 4520 tranquillos
2724 4436 3006 4508 reddere,
3059 4454 3283 4518 pacare
3329 4443 3520 4516 atque
3560 4434 3788 4516 dirige—

2293 4555 2397 4616 re3
2423 4536 2771 4614 possidebit
2799 4544 3029 4599 ventos,
3064 4533 3126 4596 id
3173 4541 3289 4610 est,
3331 4532 3610 4596 fructum
3657 4551 3782 4596 non

2293 4641 2718 4716 consequetur
2759 4651 2835 4695 ex
2876 4632 3019 4708 hoc,
3069 4633 3179 4694 sed
3223 4631 3640 4715 impietatem,
3689 4632 3787 4694 in-

2291 4732 2730 4816 quietudinem
2762 4740 2825 4794 et
2855 4749 3195 4803 rancorem,
3211 4738 3320 4793 aut
3348 4730 3538 4794 etiam
3571 4730 3788 4813 expul-

2293 4832 2534 4896 sionem
2567 4850 2604 4893 a
2634 4830 2907 4893 statione
2945 4828 3407 4910 mansioneque
3449 4849 3583 4892 sua.
3629 4829 3785 4892 Hinc

3889 1400 3912 1444 1
3951 1401 4100 1454 Ray.

3813 1476 4016 1516 xrs-m,
4045 1467 4170 1507 2-12.

3866 2385 3889 2429 1
3919 2387 4076 2430 Tim.
4093 2403 4159 2437 n,

3813 2451 3898 2492 17.

3842 2881 3950 2924 Ps.
3973 2897 4044 2932 u.
4075 2888 4124 2929 9.

2295 4931 2358 4993 in
2403 4928 2846 4993 Ecclesiastico
2891 4927 3200 5010 scriptum
3245 4936 3343 4989 est
3393 4946 3407 4990 :
3463 4928 3602 4992 Noli
3643 4946 3784 4992 esse
3811 4948 4152 5004 exustas.

2291 5029 2476 5112 quasi
2509 5029 2608 5091 leo
2637 5027 2700 5089 in
2727 5028 2915 5090 domo
2949 5035 3072 5103 tua,
3087 5035 3376 5089 evertens
3401 5026 3782 5090 domesticos

2293 5137 2456 5190 tuos.
2503 5125 2932 5208 Spiritualiter
2981 5124 3092 5206 qui
3139 5125 3478 5188 conturbat
3525 5126 3780 5188 domum

2297 5244 2496 5302 suam,
2519 5233 2582 5288 et
2610 5223 3043 5287 habitaculum
3079 5224 3286 5287 cordis
3319 5223 3418 5285 sui
3451 5223 3661 5305 pravis
3689 5240 3788 5285 co·

2301 5323 2742 5407 gitationibus,
2776 5321 3145 5406 passionum
3194 5321 3595 5398 tumultibuS,
3623 5320 3790 5385 desi-
