4284 6267
901 472 1021 535 302

1521 486 1871 535 mannum
1914 484 1978 533 m
2020 485 2159 531 cAP.
2207 484 2228 531 1
2270 481 2512 531 CAN‘rml
2552 482 2957 531 cmucomm.
3000 502 3081 513 -·
3124 483 3264 533 ΛΒΤ.
3309 482 3379 531 m

899 660 1119 740 fidem,
1157 660 1268 724 sed
1311 660 1503 725 etiam
1547 678 1660 743 per
1705 658 2213 744 praelibationem
2254 678 2395 723 sua·
2422 654 2475 717 A
2504 656 3007 736 convenientior,
3043 655 3377 721 amabilior
3405 655 3723 722 universis
3762 676 3836 720 ac
3864 656 4004 719 sin-

897 778 1062 839 vem‚
1097 780 1212 843 per
1239 761 1695 844 experientiam
1725 769 1985 837 certam,
2011 779 2124 842 per
2154 759 2395 823 revela-

653 866 866 925 epau...
897 857 1138 921 tionem
1169 860 1736 944 supernaturalem,
1755 878 1898 942 quae
1927 860 2009 921 sit
2037 876 2183 942 spes
2210 876 2395 920 voca-

605 933 671 973 ¹⁸‘
899 958 1090 1021 tionis
1121 958 1577 1040 nostrae,ita1ut
1600 977 1755 1023 voce
1785 958 2068 1021 filiorum
2097 975 2388 1021 meorum

629 1064 664 1108 ¹¹
687 1064 867 1116 Cor-¹¹1.
897 1058 1308 1139 pronuntiem
1367 1076 1382 1123 ε
1442 1058 1565 1121 Nos
1623 1065 1831 1121 autem
1892 1056 2171 1119 revelata
2231 1054 2391 1118 facie

603 1131 668 1172 ¹⁸·
891 1154 1160 1234 gloriam
1217 1156 1469 1219 Domini
1528 1154 2050 1237 contemplantes
2100 1152 2168 1215 in
2220 1171 2390 1215 eam-

892 1255 1034 1317 dem
1077 1254 1420 1335 imaginem
1459 1253 1988 1318 transformamur
2027 1271 2064 1314 a
2103 1251 2390 1315 claritate

895 1354 961 1417 in
1002 1356 1380 1419 claritatem.
1413 1354 1634 1418 Nonne
1684 1354 1751 1416 in
1794 1352 1916 1415 ista
1958 1350 2219 1417 cellaria
2268 1348 2388 1414 fuit

618 1477 736 1523 ιιιεα.
749 1479 864 1530 1113,
894 1456 1238 1539 perductus
1265 1455 1495 1518 Paulus
1523 1473 1726 1536 usque
1757 1453 1822 1516 in
1864 1452 2120 1515 tertium
2153 1449 2389 1515 coelum

598 1544 640 1586 ⁴·
892 1563 1133 1638 raptus,
1165 1554 1280 1617 ubi
1309 1553 1556 1617 audivit
1583 1553 1779 1617 verba
1809 1570 2059 1629 arcana,
2084 1569 2228 1633 quae
2259 1568 2388 1614 non

893 1654 1042 1717 licet
1082 1653 1328 1717 homini
1370 1652 1582 1735 loqui?

969 1754 1462 1813 Exsulcabimus
1507 1761 1567 1812 ec
1614 1752 1980 1813 loetabimur
2026 1752 2100 1810 in
2153 1758 2209 1809 te
2251 1768 2274 1807 .·
2322 1747 2386 1810 id

2501 756 2689 837 gulis,
2736 776 2773 819 a
2817 775 2944 838 quo
2983 755 3295 838 quidquid
3334 755 3575 820 bonum
3613 763 3677 818 et
3719 754 3999 818 amabile

2500 862 2617 932 est,
2650 873 2906 919 omnem
2936 874 3116 918 suam
3155 854 3507 919 bonitatem
3535 874 3609 917 ac
3639 853 4001 918 amabilita-

2501 962 2629 1017 tem
2672 954 2967 1018 sortitum
3010 962 3137 1035 est3
3168 954 3561 1037 quicumque
3606 972 3735 1017 non
3782 952 3999 1032 diligit

2499 1060 2583 1130 te,
2618 1051 2785 1116 sicut
2816 1061 2881 1115 tu
2914 1052 3052 1135 ipse
3080 1052 3349 1135 jussisti,
3384 1060 3516 1116 toto
3549 1053 3760 1129 corde,
3794 1051 3996 1115 omni·
4026 1069 4259 1123 unicam,

2502 1169 2585 1215 no
2626 1171 2883 1230 curvuS,
2918 1171 3277 1235 perversus,
3313 1152 3619 1231 ingratu3‚
3654 1151 3997 1234 insipiens-
4025 1135 4090 1176 ³⁷·

2502 1269 2627 1331 que
2666 1270 2807 1314 esse
2840 1249 3264 1315 convincitur.
3306 1250 3481 1314 Recti
3523 1249 3757 1332 itaque,
3792 1250 3855 1313 id
3898 1257 3997 1313 est

2498 1349 2677 1431 justi,
2712 1350 2825 1431 qui
2862 1349 3164 1413 exhibent
3202 1349 3549 1432 unicuique
3590 1349 3758 1431 quod
3801 1348 3859 1411 ei
3906 1356 3996 1411 te-

2500 1456 2751 1525 nentur,
2772 1454 2835 1511 te
2862 1448 3171 1529 diligunt:
3195 1448 3503 1531 quoniam
3532 1448 3838 1512 exhibent
3872 1447 3991 1510 tibi

2498 1566 2566 1611 se
2598 1547 2792 1629 ipsoS,
2825 1555 2889 1611 et
2916 1547 3117 1611 amori
3149 1555 3257 1611 tuo
3288 1566 3361 1611 ac
3390 1546 3592 1610 cultui
3624 1547 3995 1629 mancipant

2496 1644 2624 1726 jam
2672 1665 2739 1709 se
2780 1654 2967 1724 totoS‚
3000 1646 3080 1709 ad
3123 1647 3293 1729 quod
3340 1665 3467 1710 non
3513 1646 3720 1710 solum⁴
3765 1665 3841 1708 ex
3887 1654 3996 1708 tua

2502 1744 2805 1823 bonitate,
2857 1746 2966 1809 sed
3024 1755 3085 1808 et
3144 1765 3221 1809 ex
3279 1744 3617 1809 beneficiis
3679 1745 3803 1807 tuis
3852 1764 3995 1826 quae

891 1858 1007 1927 est,
1044 1850 1107 1911 in
1158 1850 1694 1933 contemplatione
1743 1848 2111 1912 divitiarum
2162 1846 2383 1927 gloriae
2424 1841 2470 1903 B
2500 1854 2937 1927 susceperunt,
2991 1853 3322 1925 tenentur3
3374 1853 3437 1908 et
3494 1844 3644 1927 quia
3690 1851 3760 1907 tu
3816 1844 3995 1927 prior
4070 1858 4259 1902 mma.

891 1956 1014 2012 tuae
1058 1950 1404 2022 immensae‚
1439 1957 1502 2011 et
1547 1948 1612 2010 in
1658 1967 1873 2012 amore
1917 1946 2220 2011 bonitatis
2262 1954 2384 2009 tuae

891 2046 1147 2128 penitus
1187 2045 1486 2123 infinitae,
1529 2052 1656 2107 tam
1696 2044 2106 2109 vehementer
2152 2043 2385 2107 laetabi-

893 2154 997 2207 tur
1025 2164 1134 2208 cor
1163 2153 1471 2221 nostrum,
1507 2162 1635 2207 non
1669 2143 1872 2207 solum
1907 2143 1973 2207 in
2013 2142 2240 2225 patria,
2272 2142 2382 2205 sed

654 2288 706 2336 s
895 2243 1044 2306 item
1089 2243 1156 2305 in
1200 2244 1322 2319 via,
1365 2244 1534 2325 quod
1577 2241 1940 2324 jucunditas
1987 2242 2107 2304 ista
2151 2242 2383 2304 redun-

589 2371 614 2437 ξ
653 2370 862 2409 annm,
893 2340 1071 2404 dabit
1107 2340 1176 2401 in
1213 2359 1445 2423 corpus
1487 2358 1501 2403 :
1541 2342 1719 2422 juxta
1757 2339 1916 2402 illud
1959 2338 2215 2416 Psalmi,
2261 2338 2382 2401 Cor

597 2446 652 2473 Ψ
894 2459 1102 2502 meum
1135 2449 1200 2503 et
1226 2458 1372 2503 caro
1404 2459 1544 2503 mea
1583 2439 2058 2503 exsultaverunt
2089 2438 2155 2499 in
2186 2439 2384 2501 Deum

892 2538 1135 2603 vivum.
1167 2537 1233 2600 ln
1278 2558 1391 2620 spe
1435 2556 1689 2620 quoque
1731 2546 1794 2601 et
1832 2536 2271 2620 praelibatione
2310 2557 2385 2600 ac

891 2636 1079 2699 arrha
1109 2635 1434 2699 felicitatis
1465 2635 1697 2699 futurae
1723 2636 1854 2718 jam
1883 2636 2255 2717 gloriamur,
2292 2636 2386 2699 di-

611 2752 860 2803 nomast.
893 2743 1075 2799 cente
1117 2734 1416 2818 Apostolo
1453 2734 1857 2797 :Gloriamur
1900 2734 1966 2796 in
2011 2754 2123 2817 spe
2167 2734 2385 2814 gloriae

599 2851 862 2902 nicoma.
893 2832 1178 2898 filiorum
1210 2834 1350 2914 Dei3
1385 2843 1445 2897 et
1487 2852 1707 2896 rursus
1741 2854 1754 2898 :
1790 2833 2038 2897 Scimus
2079 2834 2383 2916 quoniam

892 2932 944 2993 si
980 2940 1224 2996 terrena
1253 2934 1478 2995 domus
1505 2940 1722 2995 nostra
1748 2931 2163 2995 habitationis
2191 2932 2383 3015 hujus

2500 1944 2724 2007 amasti
2762 1963 2894 2022 θος,
2930 1954 2991 2008 et
3030 1944 3400 2028 praeparasti
3437 1944 3529 2008 eis
3569 1953 3631 2007 te
3669 1944 3881 2026 ipsum
3926 1944 3991 2005 in
4020 1926 4258 2046 Jmssfl'ffj‘

2500 2061 2860 2125 praemtum.
4021 2058 4061 2099 3.

2580 2143 2792 2220 Niyra
2822 2162 2990 2211 sum,
3011 2145 3121 2203 sed
3146 2143 3450 2220 formosa,
3486 2160 3522 2204 o
3550 2144 3710 2219 filice
3735 2146 3995 2203 Jerusa-
4132 2149 4163 2203 4

2498 2242 2641 2301 lem.
2675 2238 2955 2302 Ecclesia
2992 2240 3242 2321 nigram
3274 2259 3341 2303 se
3381 2240 3669 2303 nominat
3702 2260 3717 2303 :
3754 2240 3987 2316 Prim0,

2497 2337 2799 2418 quoniam
2838 2338 3025 2401 multi
3067 2338 3450 2421 imperfecti,
3496 2337 3753 2420 fragiles
3794 2347 3857 2402 et
3899 2340 3993 2401 in-

2496 2433 2671 2497 firmi
2720 2457 2793 2500 ac
2840 2445 3201 2520 peccatores
3252 2437 3319 2500 in
3366 2457 3439 2501 ea
3488 2446 3683 2501 sunt:
3734 2448 3991 2521 propter

2496 2535 2665 2615 quod
2702 2536 2989 2600 Christus
3018 2546 3345 2620 comparat
3380 2556 3522 2599 eam
3562 2556 3809 2619 sagenae
3839 2537 3989 2600 mis·
4030 2560 4253 2609 uaccam

2496 2654 2581 2697 sae
2624 2635 2689 2696 in
2739 2654 2933 2713 mare,
2980 2645 3042 2699 ct
3082 2656 3160 2699 ex
3205 2636 3380 2700 omni
3430 2656 3661 2719 genere
3709 2637 3985 2719 piscium
4017 2626 4081 2666 ⁴⁷·

2495 2734 2927 2815 congreganti.
2975 2735 3286 2813 Secundo,
3328 2736 3479 2817 quia
3520 2745 3583 2799 et
3632 2736 3755 2820 ipsi
3800 2736 3989 2799 electi

2495 2852 2568 2896 ac
2605 2833 2781 2912 boni,
2815 2834 3101 2916 quotidie
3132 2843 3195 2897 et
3225 2833 3594 2917 frequenter
3620 2835 3686 2897 in
3719 2835 3985 2899 veniali-

2493 2932 2614 2995 bus
2642 2941 2929 3015 peccant,
2963 2942 3026 2997 et
3066 2951 3283 2997 eorum
3314 2934 3579 3015 justitiae
3618 2935 3798 3016 quasi
3833 2954 3989 3018 pan·
4029 2954 4241 3003 lamas.

888 3030 1293 3108 dissolvatur,
1329 3032 1501 3113 quod
1540 3029 2032 3094 aedificationem
2073 3031 2381 3095 habemus
2420 3030 2465 3095 C
2496 3050 2615 3094 nus
2646 3039 3055 3095 menstruatae
3084 3041 3444 3095 censentur.
3480 3032 3709 3109 Tertio,
3741 3032 3893 3115 quia
3920 3034 3987 3095 in

888 3150 964 3193 ex
993 3130 1138 3206 Deo,
1163 3131 1421 3193 domum
1453 3148 1579 3192 non
1609 3127 2060 3207 manufactam,
2082 3138 2383 3193 aeternam

886 3227 954 3289 in
985 3227 1186 3291 coelis.
1222 3227 1470 3290 Etenim
1512 3228 1565 3289 si
1609 3228 1674 3289 in
1717 3226 1963 3289 infimis
2004 3228 2142 3290 istis
2188 3228 2385 3292 sensi-

886 3325 1126 3389 bilibus
1177 3326 1366 3389 rebus
1413 3326 1664 3389 videtur
1709 3326 1903 3389 alicui
1951 3326 2377 3408 gloriandum,

887 3443 1101 3488 nonne
1131 3424 1714 3507 incomparabiliter
1741 3423 1954 3508 potius
1988 3424 2229 3488 videtur
2257 3426 2384 3507 glo-

888 3524 1180 3587 riandum
1232 3524 1296 3585 in
1357 3522 1866 3606 superditissimo
1923 3532 1987 3587 et
2045 3526 2381 3607 superpul-

888 3622 1205 3685 cherrimo
1266 3621 1442 3685 fonte
1495 3622 1685 3685 totius
1745 3622 1932 3684 boni?
1985 3621 2051 3684 in
2102 3642 2231 3704 quo
2288 3632 2382 3685 cst

888 3721 1176 3783 omnium
1216 3720 1528 3784 bonorum
1569 3720 2090 3784 desiderabilium
2137 3730 2202 3785 et
2246 3722 2383 3804 pul-

888 3818 1188 3882 chrorum
1216 3819 1402 3901 plena
1432 3827 1495 3881 et
1524 3818 1783 3881 infinita
1810 3819 2142 3901 possessio,
2165 3819 2231 3880 in
2261 3838 2387 3902 quo

892 3918 1027 3981 solo
1078 3926 1208 3981 tota
1255 3927 1470 3981 nostra
1526 3918 1699 3980 salus
1749 3918 2062 3995 consistit,
2118 3918 2197 3981 de
2256 3937 2383 4000 quo

891 4016 1197 4099 praedulci
1245 4025 1308 4080 et
1347 4017 1576 4080 decoro
1618 4016 1934 4080 versiculo
1983 4024 2197 4081 cantat
2240 4017 2387 4081 Pro-

617 4140 866 4191 Ps.1.x·,s.
892 4116 1130 4197 pheta:
1174 4116 1240 4177 ln
1286 4117 1412 4179 Deo
1461 4115 1734 4178 salutare
1784 4135 2019 4194 meum,
2071 4124 2134 4179 et.
2180 4115 2385 4197 gloria

2494 3129 2625 3193 vita
2661 3130 2782 3193 hac
2817 3129 3012 3192 variis
3048 3128 3593 3208 tribulationibuS,
3628 3131 3987 3197 tentationi-

2493 3226 2634 3303 buS,
2677 3228 3169 3291 adversitatibus
3216 3237 3611 3292 exercentur.
3658 3229 3985 3293 Verumta-

2492 3346 2639 3389 men
2686 3326 2825 3409 ipsa
2873 3346 2941 3389 se
2991 3326 3332 3391 formosam
3387 3326 3642 3403 fatetur,
3677 3330 3979 3411 quoniam

2492 3445 2743 3507 semper
2771 3424 2959 3489 multi
2988 3425 3254 3490 virtuosi
3292 3434 3357 3489 et
3390 3427 3591 3490 sancti
3624 3426 3691 3490 in
3731 3448 3805 3492 ea
3835 3449 3983 3493 con-

2493 3525 2747 3602 sistunt,
2784 3532 2848 3587 et
2885 3544 3106 3587 omnes
3147 3525 3259 3607 qui
3288 3525 3349 3589 ei
3386 3545 3535 3590 vere
3580 3528 3985 3610 incorporan-

2493 3632 2615 3702 tur,
2650 3624 2910 3687 caritate
2939 3622 3411 3705 virtutibusque
3440 3623 3670 3689 infusis
3699 3646 3774 3690 ac
3801 3628 3985 3692 donis

2493 3723 2767 3805 Spiritus
2806 3722 3019 3785 Sancti
3060 3730 3389 3785 ornantur.
3430 3723 3624 3787 Habet
3661 3726 3851 3790 etiam
3892 3748 3982 3791 sa-

2493 3829 2837 3897 cramenta,
2887 3820 3123 3903 quibus
3178 3821 3466 3903 quotidie
3524 3833 3863 3888 renovatur
3911 3845 3983 3890 ac

2494 3919 3004 4003 pulchrificatur.
3037 3920 3274 4001 Itaque,
3308 3920 3498 4000 Nigra
3526 3940 3687 4000 sum,
3724 3925 3833 3987 sed
3866 3923 3983 3988 for-

2494 4037 2691 4096 mosa,
2716 4036 2755 4082 o
2787 4017 2814 4079 f
2816 4018 2940 4081 iliae
2967 4018 3335 4095 Jerusalem,
3362 4018 3427 4081 id
3456 4027 3573 4098 est,
3595 4021 3845 4099 animae,
3872 4042 3981 4087 seu

2494 4116 2981 4180 adolescentulas
3044 4136 3117 4180 ac
3181 4117 3598 4199 particulares
3655 4118 3971 4195 Ecclesiae,

893 4233 1064 4295 mea3
1097 4215 1262 4278 Deus
1291 4214 1512 4276 auxilii
1543 4213 1691 4291 mei,
1724 4221 1787 4277 et
1816 4233 1961 4296 spes
1991 4233 2130 4277 mea
2163 4214 2230 4277 in
2259 4215 2387 4279 Deo
2416 4221 2464 4282 D
2494 4218 2661 4277 sicut
2703 4218 3115 4277 tabernacula
3161 4218 3366 4277 Cedar
3392 4238 3416 4277 .·
3444 4216 3555 4299 qui
3598 4216 3722 4281 fuit
3766 4238 3984 4283 secun·
4042 4239 4233 4283 cmm.

889 4320 1006 4375 est.
1036 4312 1416 4376 Laetabimur
1443 4330 1593 4392 ergo
1624 4312 1690 4375 in
1721 4320 1802 4390 te,
1822 4331 1860 4376 o
1891 4331 2122 4395 sponse
2152 4312 2388 4395 inclyte

887 4418 951 4473 et
980 4412 1227 4490 decore,
1251 4432 1556 4474 memores
1585 4413 1854 4473 uberum
1887 4423 2171 4481 cuorum,
2196 4412 2259 4473 id
2291 4419 2386 4474 est

889 4508 1352 4574 beneficiorum
1395 4510 1613 4590 gratiae
1663 4517 1804 4585 tuae,
1853 4511 2377 4574 documentorum

887 4616 952 4670 et
1002 4617 1462 4691 praeceptorum
1511 4628 1585 4671 ac
1633 4608 2048 4671 consiliorum
2101 4616 2378 4686 tuorum,

886 4707 966 4770 de
994 4707 1228 4789 quibus
1257 4709 1389 4791 jam
1429 4708 1682 4791 plenius
1713 4706 1954 4769 dictum
1989 4714 2106 4783 est,
2141 4706 2379 4787 quihus

888 4824 1006 4869 nos
1053 4806 1196 4883 alis,
1246 4827 1438 4886 super
1488 4809 1739 4867 vinum.

967 4907 1150 4967 Recti
1177 4907 1472 4983 diliqunt
1502 4914 1579 4975 te,
1614 4922 1742 4967 non
1773 4901 1980 4966 solum
2021 4922 2238 4966 amore
2267 4922 2381 4966 na-

888 5004 1078 5067 turali
1118 5012 1183 5066 et
1207 5002 1554 5086 acquisito,
1588 5002 1696 5065 sed
1737 5000 1947 5084 potius
1987 5020 2202 5065 amore
2243 5020 2385 5083 gra-

891 5102 1071 5181 tuito,
1125 5100 1614 5186 supernaturali,
1668 5100 1904 5163 infuso.
1954 5100 2156 5175 Quum
2208 5100 2379 5163 enim

887 5200 978 5262 sis
1009 5200 1148 5283 ipsa
1175 5200 1478 5264 bonitatis
1508 5198 1806 5275 essentia,
1841 5198 2095 5262 bonitas
2127 5218 2289 5282 pura
2317 5208 2382 5263 et

889 5297 1170 5377 infinita,
1213 5300 1280 5360 in
1325 5298 1653 5362 infinitum
1704 5297 2052 5382 pulchrior,
2107 5298 2376 5378 dulcior,

2496 4316 2616 4377 dus
2646 4313 2824 4376 filius
2851 4313 3153 4392 IsmaeliS,
3187 4322 3252 4377 et
3281 4315 3591 4378 habitavit
3622 4317 3759 4400 ipsc
3786 4318 3982 4383 Cedar
4010 4306 4068 4347 ¹³·

2495 4434 2638 4477 cum
2670 4412 2889 4476 sobole
2926 4432 3040 4475 sua
3076 4420 3267 4495 atque
3308 4412 3552 4477 familia
3590 4415 3655 4477 in
3696 4417 3982 4481 taberna-

2494 4511 2655 4575 culis
2684 4520 2748 4575 et
2787 4511 2851 4574 in
2892 4510 3261 4589 solitudine,
3296 4532 3409 4576 seu
3447 4513 3729 4595 deserto;
3762 4516 3981 4598 sicque

2498 4609 2901 4673 tabernacula
2949 4609 3091 4691 ejus
3140 4609 3293 4672 foris
3350 4612 3733 4693 quandoque
3777 4614 3981 4679 defor-

2493 4708 2642 4787 mia,
2686 4717 2904 4791 utpote
2942 4707 3151 4771 ventis
3190 4707 3634 4791 imbribusque
3670 4712 3976 4794 exposita,

2495 4807 2665 4870 intus
2696 4815 2877 4871 erant
2903 4806 3147 4869 divitiis
3176 4814 3238 4869 et
3262 4807 3600 4889 pecoribus
3626 4808 3848 4891 plena3
3868 4814 3981 4871 sio-

2492 4916 2566 4967 ut
2587 4910 2784 4984 pelles
2812 4907 3181 4969 Salomonis
3210 4926 3233 4966 .·
3274 4905 3507 4987 quibus
3544 4906 3681 4989 ipse
3717 4908 3977 4972 domum

2492 5024 2670 5067 suam
2725 5003 3153 5068 thalamumve
3199 5003 3470 5082 ornavit,
3522 5013 3633 5068 aut
3693 5005 3978 5069 taberna-

2493 5103 2706 5166 culum
2749 5102 2857 5165 Dei
2900 5122 3011 5165 seu
3060 5120 3212 5167 vasa
3246 5102 3387 5183 ejus
3436 5103 3707 5185 operuit.
3759 5100 3975 5168 Melius

2492 5209 2703 5263 tamen
2752 5219 2865 5282 per
2920 5200 3321 5264 Salomonem
3370 5200 3751 5283 intelligitur
3797 5202 3975 5266 Chri-

2492 5308 2627 5362 stus
2666 5316 2679 5361 :
2726 5300 2911 5381 cujus
2954 5300 3154 5383 pelles
3202 5307 3349 5362 sunt
3392 5300 3664 5383 speciosi
3708 5302 3972 5367 vestitus
