4284 6267
821 509 942 575 388
1432 527 1786 575 malumno
1829 526 1894 573 m
1937 526 2076 573 cn.
2115 527 2157 570 v
2198 525 2438 573 omnm
2480 524 2885 572 cannconun.
2930 544 3013 554 —
3052 525 3193 571 Am.
3238 524 3322 569 xv

821 718 1044 781 rugam
1073 698 1279 781 culpae
1310 698 1622 776 mortalis,
1655 707 1968 780 quantum
2001 697 2079 759 ad
2111 694 2321 779 perfe-
2348 696 2399 757 A
2433 694 2555 758 sibi
2600 695 2827 759 merito
2871 694 3163 777 protinus
3204 693 3455 775 aperire
3496 701 3559 755 et
3596 700 3775 773 grata
3814 708 3917 753 ex-

821 798 1050 861 ctiores
1079 796 1454 860 exsistentes
1487 796 1554 859 in
1587 805 1663 873 te,
1699 804 1762 858 et
1791 796 2001 878 quoad
2031 794 2318 857 membra

821 914 964 959 mea
1010 914 1123 978 per
1171 895 1370 958 fidem
1414 904 1477 958 et
1518 896 1891 974 caritatem3
1926 896 2085 973 quia
2124 902 2319 971 caput

821 1014 1036 1055 meum
1074 998 1346 1072 plenum
1396 1004 1486 1055 esc
1523 1014 1692 1063 rore,
1733 1003 1794 1053 et
1843 994 2144 1053 cincinni
2192 992 2320 1052 mei

526 1105 789 1157 mamas.
812 1096 1021 1170 quetis
1050 1095 1360 1153 noctium.
1396 1091 1737 1173 Apostolus
1767 1090 1878 1167 ait,
1910 1090 2112 1172 Caput
2141 1088 2319 1153 Chri-

527 1998 593 2042 12.
605 1999 789 2049 uvam·

547 2785 659 2830 Luc.
675 2797 706 2836 1,
718 2786 787 2829 79.

821 1190 926 1267 sti,
977 1190 1138 1253 Deus
1189 1208 1203 1252 :
1255 1190 1476 1272 sicque
1525 1189 1804 1253 Verbum
1863 1196 2173 1251 aeternum
2222 1195 2319 1251 est

820 1298 1011 1371 caput
1053 1296 1396 1371 assumptae
1447 1288 1886 1350 humanitatis.
1941 1287 2066 1349 Hoc
2117 1286 2319 1368 Caput

818 1387 1158 1450 causaliter
1196 1386 1458 1468 plenum
1503 1395 1598 1448 est
1641 1404 1781 1448 rore
1825 1386 2022 1449 totius
2073 1384 2311 1466 gratiae,

818 1485 1298 1560 consolationiS,
1351 1504 1423 1547 ac
1482 1483 1822 1564 refrigerii,
1877 1484 2030 1565 quia
2077 1482 2158 1545 ab
2206 1481 2317 1545 illo

819 1584 1060 1648 bonum
1090 1603 1278 1647 omne
1311 1583 1617 1665 procedit.
1655 1582 1891 1645 Rursus
1923 1590 2113 1664 caput
2139 1581 2319 1643 Chri-

821 1684 905 1746 sti
951 1683 1255 1759 hominiS‚
1297 1689 1394 1745 est
1439 1700 1620 1743 mens
1669 1700 1782 1744 sua
1830 1681 2131 1755 humana,
2176 1698 2319 1760 quae

822 1781 1176 1846 formaliter
1205 1782 1395 1863 plena
1434 1789 1529 1843 est
1566 1780 1854 1843 omnium
1895 1797 2316 1861 supernorum

2426 795 2670 858 sistere.

2504 893 2954 956 Verumtamen
2992 909 3183 972 grave
3230 899 3326 953 est
3360 890 3441 967 ei,
3475 890 3829 971 interrupta
3856 896 3918 951 et

2425 1010 2734 1073 suspensa
2778 988 3319 1071 contemplatione
3368 987 3589 1071 sponsi
3632 1007 3707 1051 ac
3749 1004 3919 1050 amo-

2424 1106 2569 1152 roso
2594 1090 2733 1171 ejus
2762 1088 3075 1171 amplexu,
3100 1088 3418 1151 exercitiis
3447 1087 3595 1151 vitae
3622 1086 3918 1168 occupari

2424 1188 2667 1262 activae,
2720 1207 2797 1251 ac
2838 1186 3151 1267 emigrare
3197 1196 3388 1268 atque
3442 1186 3799 1249 discurrere
3840 1185 3916 1246 ad

2426 1286 2897 1369 praesidendum
2951 1285 3555 1369 praedicandumque
3609 1284 3776 1348 aliis.
3825 1284 3919 1345 ld-

2425 1386 2595 1448 circo
2644 1385 2984 1468 respondet
3040 1402 3053 1447 :
3097 1386 3489 1462 Eoespoliavi
3542 1404 3639 1444 me
3694 1384 3917 1444 tunica

2426 1506 2593 1554 mea,
2625 1484 2685 1546 id
2718 1491 2835 1561 est,
2869 1483 3350 1566 occupationem
3378 1484 3548 1546 circa
3578 1492 3830 1545 terrena
3856 1489 3919 1543 et
3950 1542 3955 1546 .

2426 1583 2737 1647 exteriora
2766 1583 3009 1663 agenda
3049 1583 3263 1665 rejeci,
3299 1591 3370 1644 ut
3397 1581 3918 1663 contemplationi

2427 1681 2716 1744 insistam
2764 1680 3063 1761 liberius;
3111 1684 3421 1761 quomodo
3460 1682 3709 1741 induar
3756 1681 3923 1739 illa?

2427 1780 2613 1861 quasi
2655 1778 2823 1841 dicat
2862 1798 2877 1842 ε
2910 1778 3113 1843 Grave
3154 1778 3313 1841 mihi
3355 1778 3607 1841 videtur
3648 1795 3922 1859 occupa-

823 1900 964 1943 rore
994 1880 1450 1943 charismatum
1489 1896 1502 1940 :
1537 1879 1616 1942 de
1645 1897 1774 1960 quo
1806 1877 1872 1940 in
1903 1878 2058 1939 lsaia
2091 1876 2319 1939 asseri·
2354 1875 2401 1937 B
2434 1879 2664 1941 tionem
2708 1877 2881 1940 illam
2916 1877 3298 1941 laboriosam
3327 1887 3391 1940 et
3420 1877 3669 1940 anxiam
3703 1897 3921 1940 rursus

825 1986 948 2055 tur,
1001 1978 1120 2041 Ros
1181 1986 1349 2054 tuuS‚
1405 1996 1506 2039 ros
1565 1976 1749 2039 luciS.
1795 1975 1984 2039 Porro
2032 1974 2316 2037 cincinni

823 2076 1126 2139 dicuntur
1182 2074 1590 2138 collectiones
1640 2074 1920 2154 pilorum
1972 2073 2038 2135 in
2087 2072 2317 2136 seriem

825 2193 1016 2237 unam
1075 2191 1089 2235 :
1139 2192 1252 2255 per
1299 2192 1460 2254 quos
1499 2172 1944 2253 intelliguntur
1980 2171 2320 2235 ordinatis-

825 2272 1003 2335 simae
1058 2271 1472 2353 cogitationes
1528 2278 1592 2333 et
1648 2269 2028 2333 affectiones
2084 2269 2320 2331 mentis

824 2370 1057 2433 Christi
1101 2368 1381 2451 praefatae
1427 2386 1441 2431 :
1488 2368 1600 2450 qui
1642 2368 1943 2430 dicuntur
1988 2368 2164 2449 pleni
2209 2385 2322 2430 no-

825 2470 1022 2531 ctium
1062 2468 1284 2548 guttiS,
1331 2467 1395 2530 id
1439 2475 1537 2529 est
1583 2465 1932 2529 stillicidiis
1971 2466 2319 2548 gratiarum

827 2564 1460 2630 communicabilium
1489 2584 1600 2627 seu
1642 2564 2097 2629 influxivarum
2137 2564 2205 2625 in
2236 2563 2323 2625 vi-

827 2674 1035 2729 atores
1083 2682 1097 2727 :
1146 2665 1255 2747 qui
1304 2664 1778 2747 comparatione
1827 2664 2321 2746 comprehenso-

829 2783 994 2843 rum,
1037 2772 1254 2828 noctes
1295 2763 1618 2840 dicuntur,
1663 2771 1881 2844 utpote
1927 2762 1991 2823 in
2041 2761 2323 2825 tenebris

830 2872 893 2926 et
937 2862 1003 2924 in
1045 2862 1269 2925 umbra
1312 2862 1536 2926 mortis
1580 2861 1891 2924 sedentes

912 2962 1126 3043 ltaque
1157 2980 1430 3044 sponsus
1461 2960 1728 3042 loquens
1769 2978 1882 3041 per
1910 2960 2171 3023 modum
2205 2958 2326 3021 fer-

831 3060 964 3124 vidi
1008 3058 1307 3122 amatoris
1348 3059 1486 3141 (qui
1535 3067 1846 3121 nocturno
1896 3066 2182 3139 tempore
2232 3057 2328 3118 in-
2362 3062 2404 3125 C
2438 3061 2716 3124 Ecclesia

837 3166 1312 3241 temperataque
1341 3176 1492 3219 aura
1520 3174 1596 3219 ex
1625 3156 1858 3218 amoris
1887 3155 2326 3235 magnitudine

833 3256 1034 3321 currit
1063 3257 1141 3319 ad
1170 3255 1491 3332 dilectam,
1524 3254 1611 3317 ita
1643 3255 1814 3335 quod
1845 3262 2036 3336 caput
2064 3253 2205 3335 ejus
2238 3272 2328 3315 ro-

835 3375 902 3419 re
933 3354 1363 3438 perfunditur,
1385 3362 1448 3418 et
1469 3354 1678 3417 crines
1709 3354 1849 3435 ejus
1881 3353 2086 3415 imbre
2119 3370 2327 3415 rorem

835 3463 1161 3536 sequente,
1203 3454 1295 3516 sic
1335 3453 1504 3535 quod
1550 3471 1666 3515 nec
1707 3451 2088 3534 intemperie
2130 3470 2321 3526 aurae,

835 3570 952 3615 nec
984 3552 1190 3615 noctis
1217 3552 1474 3614 horrore
1496 3569 1533 3613 a
1555 3550 1665 3612 tali
1693 3559 2021 3613 revocatur
2047 3550 2322 3629 itinere),

833 3650 1123 3715 hortatur
1154 3650 1521 3726 Ecclesiam,
1557 3656 1628 3711 ut
1659 3648 1782 3711 sibi
1812 3649 2074 3731 aperiat,
2109 3650 2173 3711 id
2206 3658 2323 3725 est,

836 3748 904 3811 in
947 3768 1057 3812 cor
1098 3769 1284 3813 suum
1331 3747 1598 3830 recipiat
1643 3749 1853 3829 ipsum
1901 3766 2230 3829 sponsum,
2265 3755 2331 3809 et

835 3866 1026 3912 omne
1055 3848 1452 3911 obstaculum
1482 3843 1702 3926 gratiae
1729 3867 1766 3909 a
1796 3866 1884 3923 se,
1911 3865 2167 3909 omnem
2199 3847 2332 3910 obi-

838 3966 978 4012 cem
1007 3945 1491 4009 inhabitationis
1519 3946 1756 4009 divinae
1784 3966 1821 4007 a
1851 3946 1982 4007 suis
2016 3944 2175 4007 filiis
2208 3955 2332 4008 stu-

2428 1996 2771 2053 assumere,
2795 1985 2856 2039 et
2886 1976 3203 2059 implicari
3234 1978 3519 2040 terrenis.
3546 1979 3714 2039 Lavi
3732 1981 3923 2054 pedes

2428 2098 2621 2146 meos,
2652 2075 2715 2137 id
2749 2084 2867 2153 est,
2900 2074 3175 2138 affectus
3208 2094 3383 2139 meos
3421 2074 3690 2158 purgavi
3720 2094 3759 2137 a
3784 2074 3917 2138 cul-

2430 2176 2708 2258 piS,quae
2736 2174 3069 2237 occasione
3096 2174 3531 2256 occupationis
3556 2173 3918 2255 hujusmodi

2430 2272 2716 2337 contrahi
2748 2272 2986 2352 solent3
3013 2275 3323 2351 quomodo
3355 2274 3708 2353 inquinabo
3738 2274 3923 2332 illos?

2431 2372 2497 2434 id
2541 2380 2657 2447 est,
2702 2369 3004 2434 indecens
3048 2368 3411 2452 aliqualiter
3448 2368 3605 2432 mihi
3647 2368 3915 2445 videtur,

2430 2469 2708 2533 affectus
2749 2488 2924 2533 meos
2962 2468 3083 2531 soli
3120 2486 3370 2531 summo
3414 2466 3581 2531 bono
3621 2466 3917 2543 intentOS,

2431 2578 2622 2651 atque
2652 2570 2718 2630 in
2752 2567 2891 2650 ipso
2917 2566 3365 2650 simplificatos
3392 2585 3465 2629 ac
3497 2565 3683 2642 fixos,
3708 2584 3923 2629 rursus

2434 2667 2799 2749 dispergere
2842 2666 3011 2729 circa
3042 2664 3263 2739 multa,
3298 2673 3364 2727 et
3389 2683 3503 2747 per
3532 2665 3654 2727 hoc
3680 2672 3927 2727 contra-

2434 2766 2585 2829 here
2631 2765 2946 2828 maculam
2998 2763 3301 2845 aliquam.

2521 2863 2681 2937 Quid
2740 2871 2953 2926 autem
3009 2863 3088 2924 ad
3147 2861 3317 2944 piam
3365 2869 3427 2924 et
3484 2860 3923 2943 sapientialem

2436 2962 2623 3025 istam
2652 2962 2977 3043 querelam
3013 2960 3236 3023 fecerit
3264 2978 3560 3042 sponsuS‚
3596 2958 3925 3040 subjungit

2768 3080 2781 3124 :
2844 3062 3131 3122 Dilectus
3188 3080 3365 3120 meus
3421 3060 3601 3120 misit
3659 3078 3923 3119 manum

2435 3182 2622 3221 suam
2644 3180 2765 3238 per
2792 3161 3116 3237 foramen,
3148 3158 3211 3219 id
3242 3165 3359 3234 est,
3390 3155 3821 3238 operationem
3852 3175 3925 3219 ac

2437 3277 2622 3340 opem
2663 3256 2992 3340 potestatis
3032 3274 3161 3319 suae
3198 3262 3441 3319 secreta
3483 3254 3924 3337 inspiratione,

2438 3377 2550 3421 seu
2598 3357 2883 3440 pervim
2925 3355 3403 3431 intellectivam,
3455 3353 3614 3417 mihi
3664 3352 3923 3427 infudit,

2438 3477 2540 3520 me
2597 3455 2960 3533 illustravit,
3014 3454 3305 3518 accendit
3353 3463 3416 3517 et
3468 3452 3811 3533 animavit3
3868 3462 3931 3513 et

2438 3566 2657 3617 venter
2684 3576 2861 3616 ‘meus
2890 3555 3234 3615 intremuit
3264 3556 3353 3614 ad
3383 3562 3623 3613 caccum
3650 3554 3791 3629 ejus
3809 3572 3833 3611 .·
3865 3551 3928 3612 id

2439 3663 2555 3731 est,
2591 3672 2770 3716 mens
2802 3672 2943 3715 mea
2979 3672 3056 3715 ex
3097 3650 3465 3733 hujusmodi
3505 3648 3830 3713 infusione
3866 3656 3931 3713 et

2440 3760 2610 3816 tactu
2663 3752 2935 3827 interno,
2987 3750 3396 3814 vehementer
3442 3758 3539 3812 est
3592 3749 3925 3825 admirata,

2439 3850 2715 3934 expavit,
2749 3868 3013 3912 accensa
3042 3856 3159 3911 est.
3194 3847 3581 3928 Frequenter
3618 3856 3830 3910 autem
3862 3846 3929 3909 in

2443 3950 2785 4031 Scripturis
2826 3966 2939 4031 per
2974 3956 3259 4012 ventrem
3288 3964 3470 4009 mens
3510 3945 3876 4025 designatur
3910 3962 3925 4005 :

838 4047 982 4109 deat
1015 4045 1696 4126 removeretquoniam
1729 4045 1866 4127 ipse
1899 4063 2171 4126 sponsus
2201 4053 2331 4108 toto
2442 4050 2608 4111 sicut
2646 4048 2710 4109 in
2749 4047 3018 4123 Psalm0,
3061 4046 3150 4108 Ex
3192 4053 3370 4107 utero
3410 4052 3555 4107 ante
3590 4042 3931 4107 luciferum
3982 4069 4201 4111 egam.

838 4145 1082 4209 affectu
1130 4145 1207 4207 ad
1256 4164 1392 4207 eam
1443 4143 1773 4222 accelerat,
1815 4154 1877 4207 et
1923 4144 2189 4225 gratiam
2233 4163 2333 4207 ca·
2441 4146 2635 4227 genui
2685 4154 2784 4225 te;
2834 4153 2898 4207 et
2946 4144 3197 4221 iterum,
3252 4142 3544 4205 Flumina
3589 4143 3668 4205 de
3710 4150 3933 4206 ventre
3980 4168 4213 4211 swan.
4275 4152 4276 4239 ζ

842 4245 995 4327 pitis
1037 4242 1443 4306 exsistentem
1489 4242 1557 4305 in
1600 4262 1690 4319 se,
1722 4262 1837 4324 per
1874 4262 2064 4324 quam
2109 4242 2176 4304 in
2220 4261 2335 4305 sua
2363 4251 2413 4311 D
2444 4247 2582 4328 ejus
2635 4244 2842 4307 fluent
2895 4262 3076 4324 aquae
3125 4242 3308 4307 vivae.
3360 4240 3665 4322 Loquitur
3719 4248 3933 4304 autem
3966 4233 4037 4273 ³⁸·

844 4342 1067 4405 influit
1125 4340 1434 4417 membra,
1487 4350 1742 4423 paratus
1799 4341 2061 4405 omnino
2121 4350 2217 4404 est
2274 4340 2333 4404 ei

842 4440 1328 4517 communicare,
1348 4438 1676 4520 stillasque
1707 4458 1966 4503 suorum
1998 4440 2336 4502 charisma·

843 4549 980 4602 tum
1011 4538 1314 4602 membris
1346 4538 1486 4620 ejus
1517 4536 1879 4601 infundere.
1901 4538 2012 4601 Vel
2047 4539 2190 4603 ideo
2220 4539 2329 4614 ait,

844 4638 1000 4714 Quia
1032 4646 1224 4719 caput
1254 4656 1463 4699 meum
1496 4636 1757 4718 plenum
1789 4646 1883 4699 est
1914 4654 2076 4713 rore,
2112 4646 2175 4700 et
2207 4638 2337 4700 cin-

847 4736 1023 4802 cinni
1069 4736 1192 4799 mei
1236 4735 1434 4815 guttis
1475 4736 1756 4798 noctium
1794 4753 1808 4797 :
1851 4736 2158 4816 quoniam
2200 4738 2337 4819 ipse

848 4837 916 4900 in
958 4836 1074 4898 hac
1120 4836 1248 4899 vita
1290 4834 1774 4917 tempestatibus
1826 4834 2335 4911 tribulationum,

853 4944 916 4999 et
966 4933 1205 5016 pluviis
1255 4932 1771 5014 persecutionum
1823 4952 2038 4995 amore
2089 4953 2341 5015 sponsae

853 5052 984 5096 suae
1017 5031 1294 5113 repletus
1325 5040 1442 5108 est,
1468 5031 2004 5111 quemadmodum
2038 5040 2342 5113 protesta-

591 5152 667 5195 1³2.
687 5165 824 5201 mm.
857 5142 960 5195 tur
993 5148 1006 5192 :
1041 5131 1436 5193 Intraverunt
1475 5147 1658 5210 aquae
1696 5148 1899 5209 usque
1941 5130 2020 5191 ad
2059 5130 2341 5193 animam

561 5217 602 5265 2,
625 5217 664 5258 3.

857 5246 1097 5309 meam3
1130 5229 1275 5294 veni
1309 5229 1376 5291 in
1407 5227 1810 5290 altitudinem
1842 5228 2058 5305 maris,
2094 5237 2158 5291 et
2189 5237 2346 5292 tem-

857 5336 1067 5411 pcstas
1123 5327 1423 5389 demersit
1479 5346 1605 5389 me.
1666 5326 1809 5389 Ideo
1868 5345 2101 5408 sponsa
2156 5328 2347 5391 debet

2444 4363 2677 4427 sponsa
2724 4343 2925 4405 instar
2976 4341 3235 4405 fervidae
3278 4339 3620 4417 amatriciS,
3672 4358 3815 4421 quae
3859 4358 3937 4402 ex

2443 4452 2615 4507 tactu
2660 4441 2875 4525 sponsi
2926 4450 3052 4503 tam
3103 4440 3347 4502 intente
3390 4438 3756 4502 accenditur
3800 4456 3937 4501 cor-

2446 4541 2544 4615 de,
2580 4548 2650 4602 ut
2680 4538 2892 4622 passio
2924 4538 3235 4601 sensualis
3264 4536 3499 4599 amoris
3530 4536 3839 4599 redundet
3868 4536 3935 4598 in

2445 4658 2699 4721 corpuS,
2746 4645 2809 4700 et
2848 4646 3135 4699 ventrem
3182 4634 3373 4699 faciat
3415 4644 3705 4697 tremere.

2527 4738 2834 4806 Suo-rexi,
2862 4735 2925 4797 id
2965 4743 3081 4809 est,
3116 4735 3194 4796 ad
3232 4732 3660 4797 obedientiam
3698 4750 3799 4794 me
3835 4752 3936 4795 ac-

2448 4835 2640 4913 cinxi,
2682 4842 2746 4897 et
2783 4853 2820 4895 a
2859 4832 3074 4914 quiete
3124 4829 3680 4913 contemplationis
3720 4831 3798 4893 ad
3836 4849 3937 4893 ac-

2450 4942 2585 4996 tum
2616 4932 2774 4994 mihi
2804 4932 3167 5013 injunctum
3198 4928 3493 5011 processi,
3520 4940 3591 4990 ut
3618 4931 3937 5007 aperirem

2450 5033 2677 5091 dilecto
2708 5050 2865 5098 meo,
2900 5029 2963 5090 id
2996 5036 3111 5103 est,
3148 5025 3462 5107 ingressui
3494 5026 3633 5108 ejus
3662 5026 3937 5105 gratioso

2452 5137 2730 5191 mentem
2761 5146 2966 5190 meam
3010 5125 3367 5189 obediendo
3406 5143 3718 5207 pararem,
3750 5125 3939 5187 corda

2451 5246 2709 5311 quoque
2743 5227 3143 5289 subditorum
3180 5226 3466 5289 hortarer
3494 5224 3573 5286 ad
3614 5241 3944 5288 removen-

2456 5328 2607 5390 dum
2656 5347 2693 5389 a
2742 5346 2809 5390 se
2849 5326 3311 5408 impedimenta
3350 5322 3733 5387 visitationis
3780 5321 3943 5386 divi·
