4284 6267
824 428 904 492 62
1527 444 1878 491 mammo
1923 444 1985 489 m
2027 443 2167 491 car.
2216 441 2279 489 ix
2322 440 2806 489 rnovanmonmr.
2853 460 2933 471 -
2974 440 3115 489 m.
3162 440 3224 487 ix

573 637 716 681 zach.
737 651 796 687 ιι,
819 616 979 680 -vino
1017 614 1346 679 Zacharias
1389 614 1476 677 ait
1509 632 1524 676 :
1557 613 1716 689 Quid
1756 613 1996 677 bonum
2038 610 2315 689 Domini,
2352 610 2401 671 A
2433 610 2542 674 tio.
2568 610 2825 693 Nempe,
2853 620 2922 673 ut
2948 612 3169 675 Petrus
3198 611 3630 677 Ravennensis
3662 609 3928 683 fatetur,

535 702 599 744 17.

647 916 682 971 6

533 1721 686 1765 1Pe1r.
701 1723 798 1771 1v‚7.

531 1820 562 1864 1
561 1820 654 1865 bid.
666 1822 798 1872 v.8‚9.

572 3312 638 3356 1⁸.
657 3325 794 3365 xxvui,

535 3378 601 3420 19.

533 3899 800 3951 Ρνοοαιῃίί.

553 4390 672 4435 Mau
676 4390 719 4435 1¹.
731 4405 803 4445 vn,

824 722 889 778 et
935 715 1089 797 quid
1139 714 1476 797 pulchrum
1525 714 1688 795 ejuS,
1742 711 1868 774 nisi
1927 711 2317 774 frumentum

825 812 1190 887 electorum,
1224 822 1288 875 et
1329 812 1548 874 vinum
1589 810 1956 891 germinans
1987 808 2315 889 virgines?

824 913 1199 992 Relinquite
1247 911 1635 989 infantiam,
1679 908 1741 971 id
1791 917 1888 971 est
1933 908 2317 990 puerilitatis

824 1009 1054 1071 vitium
1091 1017 1154 1072 et
1189 1009 1669 1087 carnalitatem3
1701 1017 1760 1068 et
1804 1008 2001 1067 vivite
2041 1025 2156 1089 per
2191 1006 2320 1067 vir-

822 1115 1010 1183 tuteS‚
1033 1118 1092 1168 et
1122 1110 1447 1169 ambulate
1468 1127 1588 1185 per
1618 1108 1782 1176 vias,
1801 1105 1864 1167 id
1894 1112 1990 1168 est
2019 1123 2131 1186 per
2166 1124 2321 1187 prae-

2429 728 2795 792 perversum
2844 710 3188 793 corripere,
3234 711 3322 772 nil
3369 709 3544 772 aliud
3588 716 3682 772 est
3728 726 3929 790 quam

2430 808 2757 871 stimulare
2788 809 3107 886 insanum,
3134 818 3196 873 et
3224 808 3475 872 camino
3504 808 3715 872 oleum
3748 806 3931 869 adhi-

2429 906 2600 984 bere,
2635 927 2708 971 ac
2739 908 2947 970 ventis
2980 907 3275 971 incendia
3302 906 3467 973 velle
3496 906 3927 988 exstinguere.

2428 1004 2638 1071 Nihilo
2686 1007 2921 1081 minua,
2974 1007 3029 1069 si
3078 1007 3352 1088 alicujus
3402 1005 3785 1089 perversitas
3837 1003 3925 1067 sit

2430 1105 2659 1169 nociva
2686 1106 2855 1170 bono
2896 1106 3244 1183 communi,
3280 1125 3407 1169 non
3436 1114 3532 1169 est
3568 1105 3707 1187 ejus
3736 1103 3933 1167 casti-

821 1215 1027 1288 cepta,
1052 1208 1450 1284 prudentiae,
1485 1212 1555 1267 ut
1591 1204 1674 1266 sit
1713 1203 2092 1266 rationabile
2131 1204 2314 1266 obse·
2427 1203 2599 1283 gatio
2628 1204 2981 1268 omittenda
3008 1224 3087 1267 ex
3114 1224 3306 1267 causa
3346 1202 3711 1287 praehabita,
3747 1203 3929 1267 vide-

822 1304 1048 1386 quium
1078 1312 1382 1380 vestrum,
1415 1311 1480 1365 et
1507 1302 1722 1365 omnia
1761 1301 2051 1364 ordinate
2089 1300 2313 1381 agatiS,
2432 1301 2689 1365 licetne
2726 1303 2899 1367 odiat
2940 1304 3385 1384 corrigentem,
3427 1311 3491 1366 et
3525 1321 3605 1365 ue
3642 1302 3720 1364 ad
3749 1302 3931 1363 dete-

823 1413 1014 1485 atque
1044 1402 1315 1466 sollicite
1355 1402 1630 1483 vigiletis
1662 1408 1879 1464 contra
1919 1400 2316 1465 adversarios
2432 1400 2600 1464 riora
2654 1403 2948 1482 labatur3
2996 1402 3105 1466 sed
3166 1410 3319 1465 tunc
3378 1421 3491 1485 per
3549 1418 3768 1484 poenas
3826 1409 3931 1462 est

823 1510 1051 1566 vestrae
1095 1500 1318 1564 salutis
1355 1518 1368 1563 ε
1414 1502 1581 1563 sicut
1618 1500 1683 1562 in
1726 1499 1930 1583 prima
1970 1519 2086 1563 sua
2121 1499 2322 1563 Cano·
2432 1502 2842 1564 coercendus.
2875 1500 2951 1563 Et
2983 1502 3049 1563 in
3082 1502 3201 1565 hoc
3228 1520 3381 1565 casu
3410 1500 3693 1582 loquitur
3720 1498 3932 1577 Orige-

828 1602 972 1664 nica
1013 1601 1304 1664 hortatur
1347 1600 1590 1682 primus
1638 1607 1701 1661 et
1749 1618 2034 1662 summus
2082 1597 2317 1661 Christi
2435 1616 2545 1661 nes
2582 1618 2597 1663 :
2635 1600 2793 1661 Dum
2824 1600 3179 1663 sacerdotes
3209 1601 3322 1664 uni
3355 1607 3643 1682 parcunt,
3676 1598 3789 1661 toti
3818 1597 3933 1659 Ec·

828 1699 1118 1763 vicarius
1164 1717 1178 1761 :
1229 1700 1442 1762 Estote
1505 1699 1868 1781 prudenteS,
1931 1705 1994 1761 et
2062 1695 2321 1777 vigilate
2432 1697 2642 1761 clesiae
2674 1699 3025 1761 moliuntur
3056 1698 3567 1774 interitum.Quae
3594 1705 3688 1761 est
3722 1698 3929 1779 pietas

829 1798 896 1861 iu
936 1798 1354 1862 orationibus,
1388 1796 1461 1859 Et
1501 1797 1712 1860 denuo
1746 1814 1760 1858 :
1805 1795 2035 1873 Sobrii,
2084 1796 2319 1878 inquit,
2360 1799 2405 1860 Β
2436 1795 2575 1873 ista,
2609 1797 2722 1859 uni
2758 1817 3039 1880 parcere,
3074 1806 3137 1862 et
3165 1818 3387 1862 omnes
3417 1798 3670 1861 mittere
3698 1797 3763 1859 in
3794 1797 3931 1858 dis-

827 1905 1044 1973 estote‚
1078 1904 1143 1960 et
1170 1896 1449 1977 vigilate,
1484 1894 1637 1977 quia
1675 1894 2077 1958 adversarius
2113 1902 2323 1957 vester
2432 1895 2709 1959 crimen?
2742 1896 3051 1961 Polluitur
3079 1898 3253 1962 enim
3290 1916 3367 1961 ex
3408 1915 3536 1961 uno
3568 1894 3767 1978 impio
3800 1913 3924 1977 po-

825 1995 1460 2076 diabolus,tanquam
1487 1993 1586 2056 leo
1611 1993 1868 2073 rugiens
1896 1992 2144 2071 circuit,
2162 2011 2326 2073 quae-
2435 1994 2647 2076 puluS,
2682 1994 2847 2059 sicut
2877 2016 2953 2059 ex
2981 2015 3110 2059 una
3140 1996 3427 2060 morbida
3455 2014 3573 2060 ove
3599 2013 3750 2076 grex
3780 1992 3934 2055 inri-

828 2114 973 2157 rens
1002 2113 1194 2176 quem
1225 2094 1486 2156 devoret
1519 2110 1533 2154 ε
1569 2092 1672 2155 cui
1706 2091 2003 2169 resistite,
2027 2090 2223 2155 fortes
2256 2091 2321 2153 in
2432 2092 2598 2155 citur
2636 2094 2997 2158 universus·
3033 2096 3109 2157 Et
3145 2096 3537 2175 Augustinus
3568 2114 3583 2159 ε
3626 2093 3928 2156 Molestus

831 2192 984 2257 fide.

912 2293 1041 2362 Qui
1078 2292 1296 2353 erudit
1343 2291 1715 2358 derisorem,
1767 2308 1959 2370 quem
2007 2288 2128 2351 scit
2184 2307 2324 2352 esse

829 2392 1046 2470 talem,
1087 2400 1151 2455 et
1200 2391 1266 2453 in
1313 2410 1428 2453 sua
1474 2388 1890 2474 perversitate
1937 2386 2318 2451 obduratum

827 2511 901 2555 ac
944 2490 1468 2571 incorrigibilem,
1511 2492 1646 2567 ipse
1683 2490 1810 2550 sibi
1849 2490 2177 2567 injuriam
2220 2488 2325 2564 fa-

827 2592 941 2661 cit,
971 2591 1034 2654 id
1060 2598 1178 2666 est,
1212 2608 1280 2651 se
1309 2588 1518 2671 ipsum
1553 2587 1912 2662 inhonorat,
1950 2586 2319 2668 impruden-

826 2697 924 2751 ter
966 2688 1211 2769 agendo
1257 2696 1448 2767 atque
1505 2685 1780 2748 inaniter
1835 2684 2208 2759 laborando,
2260 2691 2323 2746 et

826 2787 1172 2850 derisorem
1214 2784 1616 2867 provocando
1646 2783 1725 2846 ad
1768 2783 2203 2865 injuriandum
2238 2782 2322 2845 si-

826 2885 916 2948 bi.
949 2884 1109 2960 Quid
1139 2900 1288 2963 ergo
1319 2892 1460 2963 aget
1498 2882 1793 2964 praelatus
1825 2882 2065 2945 habens
2097 2882 2316 2944 subdi-

2429 2200 2546 2265 est,
2600 2190 2833 2274 inquit,
2886 2194 3168 2257 medicus
3229 2192 3469 2257 furenti
3518 2191 3922 2275 phrenetic0‚
4267 2228 4273 2275 ε]

2431 2308 2575 2353 eum
2609 2291 2888 2371 ligandO,
2921 2302 2984 2355 et
3026 2300 3203 2375 pater
3242 2291 3720 2374 indisciplinato
3753 2290 3923 2367 silio,

2432 2408 2579 2451 eum
2620 2390 3092 2472 redarguend03
3126 2391 3179 2453 si
3210 2400 3421 2454 autem
3462 2390 3786 2471 negligant
3812 2406 3929 2452 eos

2431 2496 2493 2550 et
2527 2487 2735 2569 perire
2764 2490 3155 2571 permittant,
3193 2489 3353 2553 falsa
3381 2499 3477 2552 est
3509 2487 3929 2552 mansuetudo

2430 2585 2565 2651 haec
2593 2596 2657 2651 et
2686 2588 2984 2651 crudelis·
3020 2589 3176 2652 Hinc
3204 2589 3295 2651 ait
3323 2588 3677 2652 Bernardus
3711 2605 3726 2650 z
3760 2589 3923 2651 Dum

2430 2684 2841 2769 increpantur
2870 2687 3127 2765 vitia,et
3156 2688 3453 2751 scandala
3482 2686 3631 2749 inde
3660 2705 3925 2750 nascun-

2430 2792 2555 2861 tur,
2590 2784 2727 2867 ipse
2754 2785 2876 2848 sibi
2920 2786 3202 2850 scandali
3240 2806 3431 2849 causa
3470 2794 3585 2863 est,
3620 2785 3731 2867 qui
3772 2783 3929 2847 fecit

2430 2883 2492 2945 id
2534 2884 2701 2965 quod
2732 2885 2911 2965 argui
2951 2885 3192 2963 debuit,
3232 2904 3357 2949 non
3396 2885 3507 2948 ille
3535 2885 3645 2966 qui
3690 2886 3923 2965 arguit.

825 2994 922 3048 tos
969 2983 1305 3059 derisoreS,
1341 2981 1464 3044 nisi
1507 2990 1576 3043 ut
1618 3000 1778 3062 quos
1826 2979 2040 3046 verbis
2089 2979 2311 3061 nequit
2353 2982 2397 3046 C
2428 2980 2515 3045 Ne
2543 3002 2692 3064 ergo
2725 2984 2949 3046 timeas
2978 2984 3313 3047 veritatem
3344 3002 3483 3047 esse
3514 2990 3735 3047 contra
3764 2984 3929 3046 cari-

825 3084 1160 3159 instruere,
1193 3078 1566 3146 verberibus
1599 3088 1662 3142 et
1704 3098 1814 3162 per
1856 3078 2027 3143 viam
2062 3078 2311 3159 rigoriS,

825 3190 1134 3265 quantum
1185 3186 1413 3262 potest,
1459 3176 1763 3260 reprimat
1811 3186 1875 3240 et
1921 3178 2207 3258 castiget,
2262 3176 2316 3239 si

827 3280 1042 3345 forsan
1093 3278 1341 3342 vexatio
1400 3277 1530 3340 illis
1590 3276 1825 3339 tribuat
1871 3276 2314 3339 intellectum?

826 3379 984 3443 Sunt
1013 3376 1247 3441 etenim
1279 3374 1668 3451 refrenandi,
1693 3394 1774 3438 ne
1803 3373 2100 3437 inficiant
2129 3374 2315 3438 alios·

826 3481 912 3541 Ec
938 3480 1055 3558 qui
1084 3478 1307 3554 arguit
1335 3476 1638 3553 impium,
1662 3473 1798 3556 qui,
1827 3482 1894 3536 ut
1921 3474 2165 3537 dictum
2194 3482 2313 3551 est,

827 3574 1283 3655 incorrigibilis
1325 3580 1389 3635 et
1434 3572 1766 3636 induratus
1811 3590 1950 3635 esse
1992 3573 2320 3653 cognosci-

828 3685 952 3753 tur,
1010 3676 1138 3735 sibi
1193 3676 1516 3734 maculam
1565 3682 1853 3749 qenerat,
1912 3691 2111 3753 quum
2176 3680 2323 3753 agat

830 3772 1226 3856 insipienter,
1261 3779 1325 3834 et
1353 3778 1652 3852 provocet
1691 3770 1964 3852 impium
1994 3771 2074 3833 ad
2114 3771 2323 3834 detra-

831 3871 1111 3936 hendum
1143 3868 1289 3931 sibi.
1321 3866 1492 3930 Talis
1528 3885 1678 3948 ergo
1706 3869 2066 3947 arguendus
2101 3877 2201 3931 est
2229 3868 2324 3931 di-

832 3968 1124 4052 sciplinis
1173 3966 1458 4050 justitiis,
1507 3966 1673 4030 sicut
1720 3967 1853 4050 jam
1903 3966 2106 4046 tetigi.
2164 3970 2321 4031 Noli

826 4089 1104 4147 >arguere
1144 4069 1518 4137 derisorem,
1547 4087 1630 4127 ne
1671 4068 1880 4127 oderit
1922 4076 1998 4140 ce,
2034 4084 2115 4129 ne
2152 4067 2324 4130 scili-

2431 3089 2643 3159 tatem,
2677 3082 2730 3143 si
2765 3082 2954 3145 unius
2996 3082 3387 3161 scandalum,
3420 3082 3770 3145 multorum
3829 3102 3928 3144 re-

2427 3181 2939 3263 compensaveris
2975 3200 3154 3263 pace.
3618 3228 3626 3236 -

2520 3283 2741 3358 Aryue
2785 3283 3163 3358 sapientem,
3212 3290 3271 3341 et
3316 3282 3545 3359 diliyec
3594 3292 3651 3343 ce
3698 3303 3722 3342 .·
3768 3280 3923 3363 quia

2428 3377 2786 3442 considerat
2815 3398 2884 3442 se
2910 3398 3051 3442 esse
3078 3378 3487 3461 culpabilem,
3519 3400 3719 3462 quum
3752 3380 3923 3443 dicat

2428 3476 2755 3559 apostolus
2796 3477 3065 3540 lacobus
3099 3495 3114 3540 :
3148 3478 3214 3539 ln
3258 3477 3478 3540 multis
3525 3477 3925 3542 offendimus
3954 3501 4237 3555 lavenna

2428 3595 2671 3640 omneS.
2716 3577 2858 3641 ldeo
2900 3596 3083 3639 suam
3120 3576 3683 3657 reprehensionem
3731 3596 3923 3660 repu-

2432 3683 2523 3737 tat
2559 3674 2965 3752 medicinam,
3012 3682 3076 3737 et
3116 3674 3581 3757 eleemosynam
3626 3675 3927 3757 spiritua-

2432 3773 2579 3850 lem,
2622 3792 2696 3835 ac
2737 3773 3133 3837 beneficium
3176 3792 3316 3836 esse
3364 3790 3666 3854 magnum
3716 3790 3731 3835 ε
3779 3773 3926 3837 ideo

2430 3871 2665 3951 gratias
2709 3872 2859 3952 agit,
2909 3880 2971 3935 et
3018 3870 3229 3951 diligit
3279 3880 3674 3951 arguentem,
3727 3891 3921 3954 quem

2433 3968 2623 4032 etiam
2674 3988 2750 4033 ex
2796 3969 3075 4033 caritatis
3124 3967 3337 4033 radice
3381 3979 3445 4034 et
3482 3970 3617 4034 zelo
3657 3971 3925 4052 justitiae

2434 4068 2709 4133 confidit
2737 4088 2875 4131 esse
2906 4069 3212 4131 locutum.

831 4177 932 4233 cet
959 4169 1038 4231 ad
1077 4167 1292 4250 pejora
1323 4164 1643 4242 incitetur,
1678 4173 1740 4228 et
1780 4164 1998 4229 reddat
2033 4165 2149 4228 tibi
2188 4186 2323 4230 ma·
2352 4171 2403 4234 D
2513 4170 2614 4227 Da
2642 4167 2926 4243 sapienti
2961 4167 3350 4226 occasionem
3382 4165 3823 4229 considerandi
3858 4184 3927 4229 se
4082 4185 4128 4239 9

832 4268 966 4330 lum
1016 4284 1131 4350 pro
1181 4266 1368 4329 bono.
1419 4264 1578 4325 Hinc
1627 4262 1910 4345 loquitur
1955 4264 2262 4328 Dominus
2304 4283 2318 4328 :

831 4366 1036 4430 Nolite
1073 4373 1360 4427 sanctum
1400 4363 1550 4425 dare
1591 4360 1880 4440 canibus,
1925 4381 2132 4444 neque
2180 4364 2324 4426 mit-

831 4465 978 4528 tatis
1027 4463 1398 4543 margaritas
1446 4469 1686 4524 vestras
1735 4469 1882 4524 ante
1929 4480 2179 4543 porcOS,
2243 4481 2323 4526 ne

831 4565 996 4629 forte
1027 4560 1403 4626 conculcent
1429 4578 1535 4623 eas
1575 4559 1846 4642 pedibus
1889 4560 2044 4637 suiS,
2079 4570 2142 4623 et
2173 4580 2323 4625 con-

829 4662 998 4729 versi
1037 4660 1407 4741 dirumpant
1443 4678 1578 4721 vos.

910 4761 1076 4835 iden,
1095 4766 1252 4823 teste
1280 4757 1680 4840 Hieronymo,
1715 4775 2090 4839 perversum
2121 4776 2197 4819 ac
2228 4756 2322 4818 in-

828 4862 1127 4925 duratum
1159 4857 1236 4919 ad
1269 4855 1578 4937 majorem
1606 4856 1920 4918 insaniam
1949 4873 2315 4936 provocare,

829 4967 890 5022 et
939 4976 1068 5021 non
1117 4954 1291 5019 aliud
1344 4972 1538 5036 quam
1585 4954 1804 5018 odium
1853 4972 2162 5036 quierem,
2222 4972 2322 5016 ex-

827 5067 1046 5120 tremae
1085 5052 1423 5119 dementiae
1475 5061 1592 5115 est.
1637 5052 1794 5115 Dum
1840 5069 1991 5133 ergo
2046 5070 2174 5114 non
2226 5059 2321 5114 est

826 5174 972 5238 spes
1010 5156 1090 5217 de
1141 5152 1400 5216 alterius
1445 5150 1857 5229 correctione,
1908 5168 2161 5214 cessare
2206 5159 2319 5214 aut

821 5252 1080 5319 differri
1123 5250 1313 5315 debet
1367 5250 1685 5333 correptio
1725 5258 1789 5313 et
1831 5248 2118 5313 exhiberi
2172 5268 2307 5314 ora-

2436 4265 2646 4347 ipsum
2684 4270 2877 4345 atque
2918 4262 3222 4340 salubria,
3252 4273 3313 4325 ec
3349 4268 3629 4325 addetur
3664 4266 3728 4325 ei
3760 4267 3931 4342 sapi-

2432 4366 2607 4425 entia
2639 4384 2661 4424 :
2701 4363 2856 4445 quia
2894 4361 3194 4444 proficiet
3231 4364 3399 4425 inde.
3444 4366 3607 4425 Doce
3638 4366 3927 4441 justum,

2430 4473 2491 4525 ec
2507 4464 2843 4540 festinabit
2861 4464 3146 4539 accipere
3174 4461 3515 4524 salutarem
3545 4462 3923 4539 doctrinam,

2434 4580 2551 4624 nec
2579 4560 2699 4623 erit
2728 4568 2855 4621 tam
2886 4559 3217 4640 improbus
3252 4568 3321 4621 ut
3352 4568 3603 4643 reputet
3630 4578 3699 4624 se
3736 4569 3929 4625 tantae

2432 4658 2761 4743 sapientiae
2785 4676 2947 4736 esse,
2982 4666 3236 4721 ut'eum
3272 4676 3551 4741 nequeas
3588 4659 3668 4721 de
3704 4659 3927 4741 aliquo

2429 4756 2798 4833 informare,
2833 4757 3367 4838 quemadmodum
3410 4756 3645 4820 Scribae
3681 4766 3745 4821 et
3777 4758 3928 4821 Pha-

2430 4856 2619 4934 risaei,
2663 4858 2775 4938 qui
2814 4857 3110 4919 dixerunt
3152 4876 3321 4921 caeco
3364 4866 3512 4921 nato
3556 4858 3925 4922 illuminato

2429 4976 2465 5018 a
2493 4955 2743 5019 Christo
2778 4972 2792 5017 ε
2826 4955 2891 5018 In
2924 4958 3199 5037 peccatis
3233 4966 3417 5019 natus
3446 4974 3515 5019 es
3547 4965 3736 5035 totuS,
3762 4964 3824 5019 et
3855 4966 3924 5020 tu
3986 4988 4259 5043 quud„

2428 5055 2615 5117 doces
2647 5057 2806 5118 nos?
2835 5054 3071 5136 ltaque,
3097 5056 3262 5117 sicut
3289 5053 3379 5117 ait
3406 5053 3771 5135 GregoriuS,
3800 5056 3923 5121 viri
3955 5053 4022 5097 ³⁴·

2426 5170 2574 5216 vere
2612 5153 2933 5235 sapientes
2969 5172 3043 5217 ac
3082 5153 3361 5217 timorati
3410 5154 3669 5236 gratias·
3699 5163 3919 5233 agunt,

2426 5270 2555 5315 non
2594 5251 3029 5332 indignantur,
3064 5252 3158 5315 eis
3197 5271 3234 5314 a
3265 5252 3501 5334 quibus
3544 5261 3756 5315 errata
3800 5272 3917 5316 sua
