4284 6267
1074 522 1428 572 mitani-10
1470 521 1535 570 m
1575 519 1713 569 car.
1758 521 1825 568 x1
1866 521 2354 568 rnovanmomm.
2399 541 2480 552 —
2520 521 2663 569 aar.
2707 522 2772 567 11
3389 505 3468 568 75

352 694 555 758 mode
586 702 649 758 et
692 693 1083 758 instabiliter
1112 695 1263 775 agit,
1304 695 1383 757 de
1422 713 1551 758 uno
1578 693 1735 757 vitio
1774 712 1873 756 ru·
1903 693 1954 755 A
2062 695 2474 756 Desiderium
2489 697 2848 773 justorum,
2880 716 3065 758 omne
3092 699 3328 757 bonum
3355 705 3468 766 est,

358 811 483 854 ens
523 794 591 855 in
632 793 833 855 aliud.
872 795 1247 856 Seminanii
1274 803 1489 856 autem
1504 796 1870 872 justitiam,

363 891 433 954 id
481 899 580 954 est
628 909 827 975 opera
873 892 1045 973 justa
1087 893 1430 969 exercenti,
1475 913 1707 953 merces
1752 892 1874 954 erit

92 1001 331 1052 Jacob-1³2³
367 993 613 1068 fflielis,
666 991 729 1054 id
779 999 877 1053 est
921 990 1093 1053 salus
1136 999 1397 1069 aeterna,
1450 991 1615 1054 sicut
1664 1011 1701 1053 a
1746 991 1872 1053 Deo

92 1079 127 1112 tt.
146 1069 181 1107 5.

177 1132 237 1186 ¹9

115 1791 266 1834 Βαίου.
282 1807 307 1834 n

100 1857 157 1897 13.

179 3169 237 3222 21

172 4065 233 4119 22

371 1088 763 1171 promissum
815 1096 934 1152 est.
968 1126 1051 1136 —
1095 1092 1469 1159 Clementia,
1518 1109 1633 1172 per
1679 1109 1871 1171 quam

367 1186 515 1267 quis
546 1187 820 1250 dimittit
850 1205 957 1251 reo
988 1187 1269 1251 debitam
1310 1205 1564 1270 poenam
1596 1188 1661 1250 in
1694 1196 1872 1270 parte

368 1292 477 1348 aut
524 1285 591 1346 in
648 1293 803 1363 tot0,
846 1297 1185 1364 pra’parac
1232 1289 1441 1348 vitam
1491 1308 1513 1346 .·
1556 1287 1709 1367 quia
1759 1305 1872 1368 per

368 1385 531 1446 hanc
584 1393 869 1448 meretur
924 1385 1205 1448 clemens
1263 1384 1386 1448 sibi
1434 1384 1714 1448 conferri
1761 1393 1872 1447 aut

366 1482 593 1564 augeri
630 1483 826 1546 vitam
857 1483 1078 1564 gratiae
1108 1484 1175 1546 in
1212 1483 1333 1547 hoc
1360 1486 1623 1561 mundo,
1648 1492 1712 1547 et
1738 1483 1872 1564 glo-

368 1583 477 1646 riae
508 1583 707 1647 vitam
742 1583 809 1646 in
841 1583 1169 1647 coelo.Reo
1198 1601 1457 1665 quoque
1488 1584 1871 1664 quandoque

366 1682 609 1746 relaxat
659 1682 887 1746 mortis
932 1683 1339 1746 sententiam.
1389 1683 1532 1747 [deo
1581 1683 1869 1746 hortatur

308 1807 335 1842 ι.
364 1779 715 1863 Apostolus
754 1801 768 1846 ε
811 1781 1130 1844 Donantes
1166 1779 1469 1858 invicem,
1507 1780 1561 1843 si
1592 1781 1735 1863 quis
1766 1782 1867 1843 ad-

1984 791 2046 854 id
2078 800 2196 866 est,
2221 791 2569 856 bonitatem
2598 801 2660 856 et
2681 793 3046 875 aequitatem
3079 794 3143 856 in
3175 794 3471 856 omnibus

1980 890 2251 972 cupiunt
2302 890 2648 966 observari,
2697 901 2888 973 atque
2936 893 3004 954 in
3052 892 3223 955 omni
3273 894 3474 973 gratia

1980 997 2044 1052 et
2075 989 2310 1054 virtute
2340 997 2564 1072 optant
2593 988 2943 1073 proficere3
2965 991 3159 1054 Deum
3191 1010 3468 1074 quoque,

1981 1087 2049 1150 in
2091 1106 2222 1170 quo
2265 1099 2360 1151 est
2401 1088 2688 1152 omnium
2728 1089 3042 1152 bonorum
3085 1097 3149 1152 et
3187 1090 3476 1172 pulchro·

1982 1207 2120 1250 rum
2153 1187 2537 1270 superplena
2567 1187 2906 1270 possessio,
2925 1187 3286 1251 desiderant
3316 1188 3477 1251 fina-

1982 1286 2126 1349 liter
2176 1284 2485 1348 obtinere.
2519 1289 2925 1349 Proestolaiio
2954 1288 3334 1366 impiorum,
3367 1288 3476 1364 fu-

1978 1405 2114 1456 ror,
2138 1385 2202 1448 id
2233 1392 2349 1460 est,
2376 1404 2518 1447 cum
2555 1385 3040 1448 immoderantia
3068 1385 3178 1448 irae
3206 1385 3475 1469 cupiunt

1980 1492 2043 1546 et
2072 1490 2442 1566 exspectant
2479 1483 2648 1546 mala
2694 1483 2955 1560 inferre,
2987 1491 3050 1547 et
3088 1484 3332 1548 vitiosae
3371 1503 3476 1547 eo-

1982 1603 2121 1644 rum
2172 1582 2628 1664 exspectationi
2689 1582 2922 1645 furoris
2983 1581 3246 1645 flamma
3304 1602 3472 1664 saepe

1979 1681 2302 1758 miscetur,
2331 1700 2405 1744 ac
2445 1699 2562 1762 pro
2598 1700 2818 1745 eorum
2859 1680 3223 1744 excessibus
3261 1680 3471 1743 immi-

1978 1789 2087 1844 net
2116 1780 2208 1842 eis
2251 1778 2430 1843 furor
2456 1779 2590 1856 Dei,
2624 1780 2691 1841 id
2727 1788 2824 1843 est
2862 1779 3033 1860 rigor
3071 1779 3338 1843 ultionis
3375 1779 3469 1842 di-

366 1898 595 1941 versus
640 1877 927 1961 aliquem
974 1877 1167 1940 habet
1210 1877 1559 1959 querelam,
1593 1879 1758 1941 sicut
1804 1887 1867 1941 et
1903 1886 1949 1948 Β
1977 1879 2166 1943 vinae.
2215 1915 2296 1925 -
2342 1881 2488 1940 Alii
2533 1881 2844 1940 dividunt
2882 1881 3184 1957 propria,
3234 1877 3297 1942 id
3345 1887 3461 1953 est,

366 1980 531 2042 Deus
578 1977 649 2040 in
695 1977 949 2041 Christo
994 1977 1259 2041 donavit
1303 1975 1511 2040 vobiS.
1544 1977 1863 2041 Interdum

363 2086 606 2153 tamen,
640 2076 772 2139 imo
810 2085 871 2140 ct
914 2095 1104 2157 saepe,
1140 2094 1393 2138 servare
1430 2084 1698 2158 oportet,
1731 2095 1868 2158 pro-

363 2186 507 2259 pter
557 2175 801 2239 bonum
850 2193 1213 2251 commune,
1261 2173 1533 2254 rigorem
1575 2175 1861 2256 justitiae.

362 2275 523 2339 Hinc
572 2275 814 2338 Seneca
863 2273 1148 2355 loquitur
1190 2293 1204 2336 :
1248 2272 1445 2346 Quam
1492 2290 1865 2353 magnarum

362 2375 603 2438 virium
636 2382 754 2450 est,
776 2373 1109 2437 laedentem
1142 2372 1485 2453 negligere,
1520 2371 1583 2434 id
1614 2379 1710 2434 est
1738 2390 1865 2434 non

360 2475 730 2536 advertere!
762 2475 893 2550 [Ec]
924 2472 1181 2532 sectatio
1214 2475 1558 2541 malorum,
1580 2481 1862 2544 morte-m,

362 2573 427 2636 id
465 2580 587 2646 est,
625 2569 931 2652 frequens
972 2568 1245 2632 imitatio
1281 2569 1665 2652 pravitatum
1698 2570 1866 2652 parit

358 2669 786 2753 gehennalem
828 2668 1181 2732 interitum.

439 2765 897 2830 Abominabile
917 2765 1195 2825 Domino
1215 2783 1322 2824 cor
1332 2783 1642 2840 pravum,
1661 2783 1861 2846 quum

362 2869 527 2930 Deus
577 2865 659 2927 sit
702 2862 1079 2926 naturaliter
1124 2869 1187 2926 et
1225 2861 1865 2944 incircumscriptibi-

362 2966 507 3028 liter
549 2965 799 3042 bonus3
839 2971 899 3022 ei
946 2965 1247 3021 voluntas
1290 2962 1433 3039 ejus
1476 2963 1551 3022 in
1598 2963 1701 3022 his
1747 2965 1865 3042 qui

360 3165 721 3226 ambulant.
736 3196 817 3206 —
829 3161 1071 3222 Manus
1087 3159 1157 3219 in
1178 3178 1381 3219 manu
1396 3178 1523 3218 non
1544 3161 1645 3218 eri
1647 3169 1669 3220 c
1686 3162 1864 3221 inno-

357 3284 500 3326 cens
532 3264 787 3323 maiar:
810 3259 874 3321 id
903 3265 1021 3331 est,
1046 3256 1239 3320 homo
1269 3275 1524 3339 pravuS‚
1550 3258 1860 3321 exsistens

356 3381 583 3426 manus
630 3361 695 3422 in
742 3376 956 3434 manu,
1000 3355 1064 3419 id
1110 3363 1206 3418 est
1244 3374 1499 3418 cessans
1546 3357 1627 3418 ab
1670 3374 1861 3439 opere

1974 1977 2143 2042 bona
2175 1975 2526 2060 spiritualia
2552 1997 2626 2040 ac
2650 1976 3022 2059 temporalia
3051 1976 3144 2040 eis
3165 1995 3487 2040 concessa.

1975 2077 2452 2141 communicant
2489 2077 2832 2159 proximis3
2862 2086 2921 2137 ec
2948 2079 3215 2138 ditiores
3241 2081 3416 2154 fiunt
3442 2097 3466 2136 .·

1974 2176 2125 2259 quia
2170 2194 2285 2258 pro
2329 2177 2448 2239 bac
2487 2195 2706 2240 eorum
2745 2175 3076 2238 caritativa
3117 2174 3468 2238 communi-

1974 2274 2247 2352 catione,
2280 2275 2516 2356 piaque
2547 2273 2948 2350 liberalitate,
2985 2274 3146 2337 Deus
3177 2283 3366 2356 auget
3398 2273 3463 2335 in

1975 2373 2067 2436 eis
2117 2373 2479 2456 spiritualia
2527 2392 2602 2438 ac
2651 2373 3024 2455 temporalia
3079 2373 3268 2436 bona.
3319 2375 3467 2436 Alii

1974 2473 2251 2550 rapiunt
2281 2493 2409 2533 non
2438 2493 2581 2542 sua,
2614 2471 2860 2535 scilicet
2900 2471 3274 2554 temporalia
3311 2471 3466 2534 alio-

1974 2591 2137 2647 rum,
2173 2592 2283 2635 seu
2326 2572 2594 2636 virtutes
2637 2571 2870 2654 quibus
2913 2580 3151 2648 carent,
3187 2571 3310 2635 sibi
3358 2572 3466 2634 ad-

1972 2671 2295 2751 scribunt3
2327 2681 2386 2732 et
2414 2692 2662 2751 semper
2692 2673 2760 2732 in
2793 2681 3060 2749 eyestate
3096 2682 3249 2732 sunt
3269 2693 3291 2731 .·
3317 2690 3463 2733 nam

1972 2770 2141 2832 veris
2180 2769 2424 2834 divitiis
2464 2769 2696 2832 mentis
2732 2770 3084 2853 privantur,
3119 2777 3184 2833 et
3222 2777 3465 2852 tempo-

1972 2868 2130 2931 ralia
2162 2867 2328 2932 male
2359 2876 2766 2932 consumunt.
2801 2868 3010 2932 Nihilo
3037 2868 3274 2944 minuS‚
3299 2867 3463 2930 sicut

3594 703 3666 759 23

3591 1888 3662 1944 2⁴

1972 2967 2037 3031 in
2079 2966 2196 3031 Job
2239 2967 2490 3048 legitur,
2523 2967 2848 3029 abundant
2893 2966 3210 3030 interdum
3257 2967 3465 3030 taber-
3511 2996 3594 3039 ,10⁶
3611 2999 3738 3049 ¹¹·.⁶·

358 3064 761 3142 simpliciter,
796 3059 862 3122 id
900 3067 995 3122 est
1024 3058 1393 3122 columbina
1426 3058 1859 3142 simplicitate,
1897 3068 1940 3131 C
1972 3065 2201 3130 nacula
2228 3065 2621 3149 praedonum.

2048 3167 2297 3227 Anima
2323 3185 2466 3244 quae
2495 3165 2829 3233 benedicit,
2855 3163 2917 3225 id
2948 3172 3064 3238 est,
3098 3165 3294 3228 Deum
3326 3165 3460 3226 lau-

1968 3265 2095 3340 dat,
2151 3271 2215 3326 et
2263 3263 2570 3346 proximis
2628 3262 2928 3345 praedicat
2980 3261 3169 3339 bona,
3221 3265 3460 3341 impin—

1961 3365 2278 3442 guabitur
2305 3362 2492 3426 donis
2528 3362 2802 3445 Spiritus
2834 3361 3067 3439 Sancti,
3097 3370 3290 3444 ,prout
3319 3371 3459 3424 orat

3592 3188 3663 3242 25

353 3460 680 3536 exteriori,
714 3459 880 3522 sicut
916 3456 1031 3538 qui
1062 3474 1257 3518 unam
1297 3473 1558 3516 manum
1589 3462 1761 3518 tenet
1794 3457 1858 3518 in
1967 3461 2298 3525 Psalmista
2332 3479 2346 3524 :
2386 3460 2565 3524 Sicut
2605 3461 2793 3542 adipe
2835 3468 2899 3523 et
2936 3459 3324 3543 pinguedine
3362 3480 3459 3523 re·
3508 3487 3748 3538 Pauus.

351 3562 499 3638 alia,
536 3557 783 3628 nullam
828 3555 1175 3618 extendens
1208 3553 1273 3615 in
1304 3555 1520 3635 opus:
1558 3552 1700 3616 talis
1730 3573 1858 3618 non

350 3661 472 3725 erit
506 3659 848 3728 innocenS,
883 3653 1186 3735 quoniam
1220 3652 1411 3715 corde
1442 3651 1727 3734 peccabit
1758 3671 1859 3714 co-

348 3759 617 3842 gitando
646 3763 713 3819 et
740 3752 1119 3836 appetendo,
1155 3751 1449 3833 bonaque
1479 3750 1855 3814 omittendo.

351 3864 587 3922 Semen
631 3865 875 3924 autem,
920 3851 987 3914 id
1035 3859 1131 3914 est
1177 3849 1461 3932 operatio
1508 3850 1696 3925 bona,
1746 3869 1853 3913 seu

349 3958 639 4022 virtuosa
684 3951 1046 4037 posteritaS‚
1084 3953 1422 4026 justorum
1470 3952 1851 4011 salvabitur.

434 4058 741 4118 Circulus
760 4071 1000 4112 aureus
1030 4051 1099 4109 in
1136 4049 1408 4108 naribus
1434 4051 1594 4118 suis,
1618 4050 1857 4110 mulier

344 4157 632 4235 pulchra
660 4161 723 4212 et
750 4151 945 4228 fatua
974 4147 1086 4210 :id
1132 4154 1251 4222 est,
1302 4145 1543 4209 femina
1585 4147 1857 4210 inconti-

1968 3562 2217 3644 pleatur
2257 3560 2469 3623 anima
2521 3579 2683 3623 mea.
2717 3559 2893 3622 Unde
2941 3559 3008 3622 in
3052 3559 3322 3622 Ieremia
3367 3560 3458 3623 lo-

1966 3660 2188 3741 quitur
2216 3659 2520 3722 Dominus
2557 3679 2571 3724 :
2605 3658 2935 3722 inebriabo
2973 3659 3218 3722 animas
3255 3677 3459 3721 sacer-
3528 3690 3748 3739 ,er-m..

1965 3757 2188 3819 dotum
2233 3757 2643 3840 pinguedine,
2686 3757 2935 3839 eritque
2977 3758 3189 3820 anima
3235 3776 3454 3820 eorum
3487 3755 3642 3806 14·ίῖ-

1965 3855 2150 3936 quasi
2189 3855 2412 3918 hortus
2452 3855 2750 3934 irriguus.
2785 3859 2871 3917 Ec
2899 3858 3017 3936 qui
3043 3857 3322 3917 inebriat
3349 3875 3460 3918 au-

1963 3953 2202 4016 ditores
2246 3953 2441 4018 verbo
2489 3973 2682 4017 sacrae
2729 3953 3034 4017 doctrinae
3073 3973 3184 4016 seu
3226 3954 3458 4034 gaudio

1963 4052 2306 4135 spirituali,
2345 4055 2480 4130 ipse
2506 4074 2756 4134 quoque
2795 4055 3225 4116 inebriabitur
3253 4052 3460 4116 chari-

1962 4150 2274 4216 smatibus
2304 4151 2438 4228 Dei,
2472 4151 2580 4232 qui
2617 4159 2792 4214 tanto
2823 4149 3151 4213 liberalius
3189 4151 3454 4230 gratiam

350 4272 509 4317 nens
560 4261 625 4316 et
677 4250 981 4324 formosa,
1016 4245 1103 4308 ita
1152 4263 1221 4307 se
1266 4244 1478 4316 habet,
1514 4254 1581 4307 ut.
1624 4265 1852 4310 aureus
1884 4256 1934 4317 D
1964 4249 2188 4312 inserit
2236 4257 2296 4313 et
2339 4247 2645 4323 refundit,
2691 4256 2928 4330 quanto
2965 4249 3112 4330 quis
3153 4250 3458 4331 proximis

349 4351 631 4414 circulus
662 4349 731 4412 in
762 4346 1025 4410 naribus
1055 4362 1261 4427 porcae
1285 4360 1299 4405 ε
1324 4343 1627 4425 quoniam
1660 4362 1852 4426 porca

350 4469 460 4513 seu
502 4467 614 4510 sus
654 4444 970 4509 circulum
1014 4460 1278 4505 aureum
1320 4459 1473 4504 naso
1517 4460 1632 4504 suo
1674 4441 1853 4506 inne-

349 4567 521 4624 xum,
558 4546 697 4608 luto
723 4551 791 4607 et
820 4541 1115 4606 sordibus
1145 4559 1292 4603 mox
1322 4538 1559 4621 infigit.
1584 4540 1688 4604 Sic
1719 4561 1853 4605 mu-

350 4647 466 4710 lier
498 4644 702 4708 stulta
740 4661 814 4705 ac
854 4640 1165 4724 speciosa,
1204 4637 1749 4722 pulchritudinem
1788 4651 1849 4704 et

348 4753 645 4810 ornatum
676 4740 797 4804 sibi
842 4757 1214 4803 concessum
1256 4737 1571 4800 convertit
1608 4740 1685 4801 ad
1725 4757 1852 4803 coe-

349 4863 499 4907 num
564 4839 879 4906 libidinis.
932 4835 1384 4920 Spiritualiter,
1436 4835 1668 4900 mulier
1713 4839 1850 4921 pul-

348 4943 497 5006 chra
541 4949 607 5006 et
652 4939 872 5015 stulta,
903 4945 999 5000 est.
1042 4933 1485 4998 haereticorum
1530 4935 1844 5016 collectio,

348 5061 485 5123 quae
514 5045 856 5105 venustate
882 5035 1114 5117 gaudet
1143 5033 1407 5114 eloquii,
1442 5041 1501 5095 et
1532 5051 1671 5097 eam
1702 5055 1847 5098 cum

347 5138 573 5208 notitia
623 5135 912 5200 veritatis
972 5131 1095 5196 sibi
1154 5149 1476 5205 concessa,
1528 5133 1718 5194 vertit
1768 5136 1848 5197 ad

345 5255 607 5300 suorum
638 5233 961 5297 foeditates
991 5249 1302 5307 errorum,
1338 5237 1639 5310 tanquam
1668 5251 1848 5314 spur-

344 5334 606 5400 cissima
632 5349 849 5416 porca.

1962 4349 2094 4411 suis
2140 4348 2346 4428 magis
2391 4348 2720 4412 caritative
2767 4367 2840 4411 ac
2885 4347 2989 4431 pie
3031 4349 3458 4414 communicat

1960 4448 2127 4511 dona
2169 4447 2292 4509 sibi
2334 4465 2655 4510 concessa.
2690 4447 2880 4510 Porro
2920 4445 3213 4509 nonnulli
3253 4466 3330 4510 ex
3360 4447 3458 4510 in-

1959 4546 2206 4610 dustria
2249 4545 2571 4609 inebriant
2614 4545 2820 4608 socios
2863 4563 3012 4608 suos
3054 4546 3282 4627 poculo
3324 4565 3458 4610 cor-

1960 4644 2162 4728 porali
2215 4663 2230 4708 :
2285 4646 2454 4725 quod
2513 4643 2826 4722 faciendO,
2889 4644 3166 4708 vanitate
3218 4653 3282 4707 et
3334 4644 3455 4707 im-

1960 4745 2197 4827 pietate
2256 4742 2676 4820 inebriantur,
2731 4751 2793 4806 et
2848 4751 3068 4826 postea
3117 4743 3453 4826 suppliciis

1960 4843 2400 4925 replebuntur.

2040 4944 2170 5011 Qui
2199 4944 2594 5002 abscondunt
2621 4941 2980 5018 frumenta,
2999 4941 3062 5003 id
3092 4950 3202 5016 est,
3224 4961 3298 5004 ea
3323 4960 3450 5006 non

1956 5048 2287 5124 exponunt
2316 5039 2568 5104 venalia
2600 5049 2883 5123 tempore
2921 5049 3304 5123 opportuno,
3339 5041 3449 5104 sed

1954 5159 2030 5202 ex
2092 5139 2510 5201 immoderata
2570 5138 3001 5202 sollicitudine
3059 5157 3132 5201 ea
3181 5138 3246 5200 in
3309 5158 3451 5220 pro—

1953 5237 2166 5316 prium
2215 5257 2398 5299 usum
2451 5245 2796 5314 reservant,
2831 5245 2942 5299 aut
2983 5255 3060 5299 ex
3101 5235 3450 5319 cupiditate

1951 5337 2123 5419 apud
2173 5354 2240 5400 se
2289 5334 2588 5414 retinent,
2643 5343 2714 5398 ut
2770 5343 2990 5419 postea
3036 5335 3248 5400 carius
3296 5355 3449 5400 ven-

3576 4958 3648 5012 26
