4284 6267
678 1360 740 1414 11

667 2841 733 2895 12

662 3234 729 3289 13

658 4308 725 4363 14

875 474 994 537 532

1490 492 1841 539 mannum
1883 491 1948 538 m
1989 491 2127 539 CAP.
2174 491 2285 538 1111
2327 490 2484 537 LIBRI
2527 490 2884 539 SAPIENTIAE.
2931 511 3012 521 —
3053 492 3195 542 ΛΒΤ.
3241 492 3352 539 xm

870 662 950 725 de
979 680 1128 727 saxo
1158 662 1295 741 vili,
1332 663 1500 743 quod
1532 662 1941 726 conculcatur
1970 661 2149 725 velut
2180 661 2368 723 inuti·
2395 661 2446 723 A
2473 682 2725 723 omnem
2768 667 3088 723 maculam
3126 683 3269 742 quae
3306 662 3378 723 in
3419 663 3533 721 illo
3569 670 3658 721 est
3679 661 3960 739 perlini-

872 760 933 823 le
968 778 981 822 :
1016 778 1209 825 omne
1256 769 1465 825 tamen
1518 770 1800 824 creatum
1848 770 1943 823 est
1990 761 2069 823 ad
2118 759 2364 841 aliquid

872 860 1064 940 utile;
1096 881 1252 939 opus
1281 881 1517 922 manus
1544 862 1855 939 antiquae,
1890 859 1955 921 id
1994 868 2091 921 est
2130 858 2366 922 forma-

871 966 1005 1021 tum
1036 978 1072 1021 a
1100 978 1292 1021 manu
1323 959 1389 1021 in
1420 958 1597 1023 vitiis
1635 958 1924 1021 veterati.
1957 957 2069 1021 Vel
2111 957 2366 1020 additur

870 1056 1012 1135 hoc,
1036 1058 1339 1139 quoniam
1372 1057 1543 1121 idola
1570 1058 1918 1121 vetustiora
1946 1055 2367 1139 ampliusho-

873 1156 1206 1221 norabant.

962 1255 1197 1317 Deinde
1238 1255 1317 1317 ad
1365 1255 1828 1319 ostendendum
1868 1253 2362 1335 gidololatrarum

872 1353 1253 1431 fatuitatem,
1281 1352 1815 1436 exemplificatur.
1840 1356 1974 1415 Aut
2002 1356 2062 1413 si
2089 1355 2237 1432 quis
2265 1374 2367 1414 ar-

871 1454 1037 1531 tifex
1063 1454 1272 1530 faber,
1305 1451 1366 1514 id
1396 1460 1494 1515 est
1522 1450 1702 1514 faber
1731 1451 2062 1531 lignariuS,
2088 1454 2168 1511 de
2194 1454 2364 1512 silva

870 1552 1128 1629 liynum
1155 1560 1398 1611 rectum
1426 1552 1722 1620 secuerit,
1754 1549 1817 1612 id
1858 1558 1975 1625 θεῖ,
2011 1568 2156 1612 cum
2188 1568 2366 1613 secu-

867 1650 921 1711 ri
952 1649 1315 1718 absciderit,
1334 1658 1393 1709 et
1423 1650 1623 1727 hujus
1650 1652 1827 1709 docte
1854 1652 2082 1711 eradat
2111 1670 2364 1710 omnem

2473 782 2620 832 ens,·
2637 772 2698 822 ec
2725 763 2934 839 faciat
2960 764 3024 822 ei
3049 764 3322 838 diynam
3349 762 3824 827 habitationem,
3845 756 3963 821 sei-

2475 858 2624 921 licet
2681 858 3014 941 templum,
3074 860 3293 934 altare,
3343 866 3455 919 aut
3501 857 3700 919 alium
3751 858 3960 921 locum

2472 975 2665 1037 quem
2695 956 3042 1019 arbitratur
3069 974 3416 1037 congruere
3447 955 3815 1037 hujusmodi
3845 956 3962 1018 deo

2474 1072 2623 1134 suo;
2659 1066 2718 1116 et
2747 1058 2821 1116 in
2849 1056 3106 1133 pariete
3133 1075 3380 1133 ponens
3419 1056 3617 1125 illud,
3644 1064 3706 1115 et
3731 1058 3962 1131 confir-

2475 1174 2684 1224 mans,
2717 1154 2780 1216 id
2812 1162 2928 1229 est,
2964 1152 3216 1217 fortiter
3247 1152 3454 1233 figens
3483 1152 3550 1213 in
3579 1152 3740 1229 loco,
3760 1156 3960 1233 ferro,

2475 1250 2538 1313 id
2579 1259 2675 1313 θεῖ
2709 1272 2855 1315 cum
2891 1252 3108 1327 claviS‚
3145 1273 3223 1313 ne
3268 1254 3436 1330 forte
3470 1254 3681 1323 cadat,
3717 1254 3964 1329 prospi-

2472 1352 2644 1409 ciens
2673 1353 2801 1422 illi,
2835 1351 2900 1412 id
2931 1359 3050 1428 est,
3083 1350 3428 1432 providens
3459 1349 3741 1432 periculo
3779 1368 3963 1411 casus

2474 1447 2671 1525 illius,
2703 1450 2906 1509 sciens
2945 1452 3258 1529 quoniam
3295 1469 3426 1509 non
3447 1458 3652 1528 potest
3689 1450 3964 1525 adjuva-

2471 1568 2540 1606 re
2567 1568 2652 1619 se,
2680 1546 2743 1609 id
2775 1556 2891 1624 est,
2934 1548 3075 1630 ipso
3119 1546 3287 1610 facto
3327 1566 3441 1609 suo
3473 1547 3752 1611 ostendit
3790 1566 3857 1609 εθ
3900 1547 3964 1608 id

2473 1645 2657 1722 scire,
2691 1645 2982 1726 quamvis
3013 1645 3272 1708 aliunde
3299 1646 3624 1728 deceptuS,
3647 1651 3829 1727 putet
3855 1645 3966 1706 ali-

864 1749 1183 1816 corcicem,
1216 1747 1281 1809 id
1310 1756 1429 1824 θεῖ,
1465 1746 1667 1828 perite
1695 1746 1971 1829 deponat
2001 1746 2103 1810 vel
2134 1755 2362 1829 purget
2469 1743 2624 1824 quid
2659 1743 2941 1806 numinis
2971 1761 3109 1806 esse
3141 1743 3208 1805 in
3241 1743 3388 1823 illo;
3420 1746 3633 1821 imaqo
3669 1744 3846 1804 enim
3872 1754 3964 1803 est

864 1845 1167 1909 corticem
1198 1846 1362 1927 ejus,
1396 1856 1455 1906 et
1486 1856 1625 1906 arte
1652 1866 1769 1905 sua
1802 1866 1981 1916 usus,
2012 1848 2361 1923 diligenter
2397 1846 2443 1906 B
2473 1840 2838 1915 inanimata,
2873 1852 2933 1903 et
2959 1862 3117 1919 opus
3155 1851 3244 1902 est
3283 1843 3393 1901 illi
3429 1842 3860 1918 adjutorium,
3895 1840 3958 1903 id

862 1946 1136 2022 fabricet
1158 1966 1269 2006 vas
1288 1946 1541 2015 inutile,
1563 1943 1625 2006 id
1654 1951 1750 2005 est
1778 1944 1964 2007 valde
1989 1944 2164 2020 utile,
2182 1944 2360 2024 juxta
2469 1948 2586 2017 θεῖ,
2611 1940 2926 2021 adjutorio
2957 1940 3434 2003 sustentationis
3467 1940 3834 2021 hujusmodi
3867 1940 3962 2001 in-

863 2042 1147 2105 Glossam
1196 2059 1210 2103 :
1257 2044 1606 2105 secundum
1657 2041 1817 2104 illud
1866 2042 2291 2123 Virgilianum
2339 2061 2353 2105 ε

864 2140 1198 2221 Nunquam
1246 2140 1761 2222 imprudentibus
1797 2139 1891 2219 (id
1940 2147 2036 2203 est
2083 2141 2357 2203 multum

863 2237 1315 2321 prudentibus)
1345 2237 1548 2299 imber
1577 2236 1810 2299 obfuit.
1846 2237 1983 2315 Vel,
2010 2237 2262 2315 Inutile,
2292 2239 2355 2301 id

860 2345 959 2399 est
1004 2336 1178 2398 intus
1222 2335 1399 2412 utile,
1436 2343 1589 2417 puta
1631 2335 1709 2397 ad
1751 2354 1904 2397 usus
1943 2336 2350 2400 domesticos.

858 2439 945 2497 In
974 2436 1514 2495 conversacionem
1550 2435 1719 2504 υἱέα),
1749 2433 1813 2495 id
1860 2442 1956 2497 θεῖ
2005 2435 2084 2497 ad
2132 2434 2357 2498 huma-

863 2552 1017 2596 num
1059 2532 1443 2608 convictum,
1477 2532 1557 2594 ad
1597 2549 1788 2612 quem
1819 2551 1969 2595 vasa
2010 2531 2224 2613 lignea
2261 2553 2357 2597 re-

862 2634 1228 2714 quiruntur.
1260 2630 1475 2693 Posset
1505 2648 1762 2711 quoque
1799 2630 1890 2692 sic
1921 2631 2045 2711 legi
2081 2648 2095 2692 :
2130 2632 2254 2695 Vas
2287 2633 2354 2695 in

862 2729 1040 2807 utile,
1076 2729 1140 2791 id
1169 2737 1265 2791 est
1307 2728 1372 2790 in
1403 2746 1515 2791 vas
1555 2728 1732 2804 utile,
1768 2735 1858 2805 ut,
1893 2732 1964 2789 in
1997 2732 2180 2803 utile,
2213 2731 2354 2793 duae

860 2828 990 2892 sint
1017 2827 1352 2891 dictiones,
1374 2827 1701 2906 Reliquiis
1732 2837 1950 2888 autem
1980 2830 2182 2905 hujus
2212 2850 2354 2907 ope-

858 2930 976 2996 ris,
1024 2926 1087 2989 id
1137 2934 1234 2988 est
1281 2924 1529 3005 reliqua
1574 2932 1754 3006 parte
1811 2924 1966 3004 ligni
2025 2926 2112 2989 ita
2159 2927 2346 3005 erasi,

2467 2038 2661 2118 diget,
2697 2058 2777 2101 ne
2817 2047 2957 2100 ruat
2999 2058 3076 2101 ex
3116 2039 3257 2102 loco
3307 2058 3446 2101 suo.

2551 2141 2632 2199 Et
2679 2141 2758 2198 de
2801 2140 3163 2199 substantia
3205 2158 3350 2207 sua,
3391 2138 3454 2199 id
3498 2146 3592 2201 θεῖ
3639 2136 3959 2200 facultati-

2467 2235 2606 2311 buS‚
2641 2246 2701 2297 et
2728 2240 2807 2297 de
2843 2238 3007 2315 filiis
3043 2239 3204 2305 suis,
3234 2246 3294 2297 et
3330 2240 3409 2297 de
3447 2239 3699 2314 nuptiis
3733 2246 3956 2299 votum

2462 2335 2734 2411 faciens,
2768 2341 2837 2396 ut
2883 2334 3129 2397 scilicet
3176 2335 3343 2397 bona
3392 2354 3506 2396 sua
3550 2342 3660 2396 aut
3703 2334 3952 2416 prolem

2463 2440 2790 2495 consecret
2817 2431 2962 2509 diis,
2998 2440 3107 2494 aut
3135 2432 3262 2495 alio
3290 2433 3478 2495 modo
3507 2432 3588 2496 de
3613 2433 3708 2496 eis
3738 2433 3958 2515 dispo-

2464 2538 2594 2606 nat,
2626 2532 2912 2611 inquirit
2939 2530 3020 2592 ab
3069 2531 3179 2593 illa
3225 2530 3527 2612 imagine,
3562 2531 3716 2611 quid
3763 2550 3954 2611 agere

2463 2628 2708 2691 debeat.
2749 2631 2894 2691 Non
2926 2632 3232 2691 erubescit
3274 2631 3452 2710 loqui
3489 2651 3635 2691 cum
3665 2633 3957 2715 illonqui

2459 2730 2601 2788 sine
2629 2730 2855 2788 anima
2883 2738 2998 2797 est,
3015 2727 3079 2790 id
3111 2736 3208 2789 est
3236 2747 3382 2790 cum
3413 2727 3672 2792 homine
3699 2728 3952 2811 sculpto

2461 2824 2844 2904 inanimato;
2886 2835 2945 2885 et
2985 2846 3107 2904 pro
3152 2829 3433 2887 sanitate
3477 2828 3738 2907 quidem
3785 2828 3954 2891 ohti-

2461 2924 2671 2986 nenda
2712 2932 2822 2985 aut
2860 2925 3312 2999 conservanda,
3348 2928 3718 3002 infirmum,
3750 2926 3814 2988 id
3855 2936 3956 2989 est

856 3029 945 3088 ad
970 3026 1516 3104 praeparationem
1553 3042 1705 3083 escae
1743 3025 2078 3095 abutatur,
2118 3025 2181 3087 id
2229 3034 2345 3104 est,
2385 3018 2428 3080 C
2459 3021 2899 3104 impotentem,
2943 3024 3362 3099 deprecatum·
3389 3033 3448 3083 ei
3487 3043 3610 3101 pro
3656 3026 3792 3084 vita
3827 3044 3955 3085 sua

857 3125 1070 3205 ignem
1118 3140 1197 3185 ex
1235 3140 1310 3184 ea
1351 3120 1541 3183 faciat
1589 3139 1705 3202 pro
1749 3120 1895 3184 cibo
1938 3125 2294 3204 coquendo.

852 3246 867 3263 .
949 3225 1035 3283 Et
1081 3222 1410 3299 reliquum
1455 3222 1714 3289 horum,
1764 3218 1827 3282 id
1877 3228 1973 3283 θεῖ
2020 3222 2346 3284 residuum

853 3320 1131 3403 partium
1163 3317 1320 3398 ligni
1352 3317 1561 3397 hujuS‚
1581 3321 1751 3397 quod
1768 3321 1857 3379 ad
1875 3323 2133 3380 nullum
2157 3342 2348 3383 usum

849 3421 1039 3497 facit,
1072 3417 1135 3479 id
1185 3424 1301 3493 θεῖ,
1336 3417 1413 3478 de
1461 3433 1589 3496 quo
1638 3434 1767 3478 non
1812 3415 2043 3481 format
2079 3437 2191 3481 vas
2238 3428 2348 3481 aut

849 3518 1343 3579 instrumentum
1401 3513 1467 3576 in
1526 3532 1679 3575 usus
1732 3514 2065 3592 humanm,
2116 3516 2344 3579 videli-

847 3623 947 3679 cet
992 3617 1250 3692 ligyrium
1288 3632 1588 3682 curvum,
1625 3622 1685 3673 et
1724 3616 2094 3685 verticibus,
2134 3614 2197 3677 id
2248 3624 2346 3679 est

846 3712 1128 3793 globosis
1175 3709 1543 3774 eminentiis
1586 3728 1699 3771 seu
1750 3711 1933 3773 nodis
1978 3714 2345 3794 apparenti-

847 3807 991 3884 buS‚
1006 3813 1301 3887 plenum,
1322 3810 1577 3885 sculpat
1605 3809 1955 3884 diliyencer
1976 3828 2095 3885 per
2124 3812 2345 3871 vacui-

850 3918 1041 3969 tatem
1078 3928 1289 3979 suam,
1325 3905 1389 3967 id
1429 3913 1524 3968 θεῖ
1564 3922 1679 3987 per
1727 3906 2054 3987 propriam
2103 3910 2343 3971 vanita-

848 4013 977 4067 tem
1015 4013 1079 4067 et
1119 4011 1399 4066 mentem
1446 4003 1743 4082 inanem3
1775 4014 1835 4064 et
1856 4024 1979 4081 per
2004 4006 2344 4070 scientiam

849 4104 1013 4163 arcis
1040 4123 1174 4164 suoe
1200 4107 1437 4179 fiyurec
1465 4104 1655 4171 illud,
1676 4102 2105 4184 imprimendo
2134 4105 2193 4166 ei
2223 4104 2346 4168 for-

2459 3121 2893 3185 conservanda
2943 3130 3267 3181 mortuum
3311 3131 3518 3198 royac,
3561 3121 3624 3184 id
3673 3131 3771 3185 est
3817 3142 3952 3187 non

2459 3219 2780 3283 viventem
2805 3236 2822 3298 3
2853 3228 2912 3279 et
2942 3220 3014 3277 in
3046 3220 3479 3295 adjutorium,
3512 3221 3820 3282 inutilem
3851 3224 3952 3283 in-

2457 3327 2636 3377 vocat
2649 3341 2677 3388 ,⁰
2703 3326 2763 3377 et
2793 3336 2914 3394 pro
2953 3317 3185 3378 itinere
3213 3318 3380 3395 petit
3417 3320 3496 3377 ab
3531 3337 3626 3388 ec,
3665 3320 3786 3399 qui
3810 3341 3954 3381 am-

2457 3418 2682 3475 bulare
2711 3435 2841 3475 non
2871 3424 3068 3493 potest
3083 3439 3106 3483 ,·
3129 3424 3189 3475 et
3217 3417 3296 3475 de
3323 3417 3716 3495 acquirendo
3745 3416 3948 3493 lucre,

2453 3522 2513 3573 et
2541 3516 2620 3573 de
2648 3516 2992 3590 operanda,
3015 3522 3074 3574 et
3091 3515 3170 3572 de
3196 3515 3488 3573 omnium
3515 3534 3738 3575 rerum
3765 3536 3950 3577 even-

2457 3620 2528 3671 tu
2565 3613 2731 3689 petit
2776 3614 2855 3671 ab
2902 3630 2998 3680 eo,
3049 3614 3166 3690 qui
3213 3612 3288 3671 in
3333 3614 3630 3674 omnibus
3681 3616 3948 3676 inutilis

2451 3718 2541 3769 est
2572 3729 2595 3769 .·
2622 3709 2774 3790 quia
2807 3728 2924 3772 nec
2953 3728 3043 3785 se,
3078 3728 3196 3771 nec
3225 3708 3386 3772 alios
3415 3718 3623 3792 potest
3652 3711 3948 3777 defende-

2453 3826 2522 3869 re
2561 3815 2672 3869 aut
2712 3808 2957 3888 juvare.
2993 3806 3442 3870 Verumtamen
3487 3808 3944 3891 Trismegistus

2453 3924 2718 3969 erronee
2758 3904 2972 3987 posuit
3011 3912 3249 3967 statuas
3294 3906 3624 3985 animatas,
3657 3927 3852 3972 sensu
3881 3918 3947 3973 et

2454 4003 2685 4086 spiritu
2722 4003 2964 4085 plenaS,
3001 4002 3504 4067 imbecillitatem
3542 4014 3654 4067 aut
3701 4006 3948 4070 incolu-

2454 4102 2738 4164 mitatem
2781 4100 3150 4164 hominibus
3199 4100 3508 4165 facientes
3555 4120 3568 4165 :
3616 4106 3792 4185 quod
3839 4126 3948 4188 pe-

850 4219 1017 4263 mam
1065 4198 1494 4276 artificialem,
1528 4208 1587 4259 et
1621 4202 1933 4262 assimilet
1978 4204 2154 4262 illud
2186 4205 2345 4264 ima·
2375 4206 2422 4267 D
2454 4200 2625 4262 nitus
2667 4198 2903 4262 salsum
2941 4209 3058 4277 est,
3095 4208 3284 4282 prout
3317 4200 3383 4261 in
3415 4200 3674 4265 Summa
3719 4212 3944 4268 contra

846 4300 999 4376 qini
1026 4299 1331 4365 hominis,
1365 4296 1429 4358 id
1472 4305 1569 4359 est
1612 4296 1839 4377 figurae
1878 4298 2192 4375 humanae,
2229 4312 2345 4363 aut

851 4396 1051 4458 alicui
1076 4416 1157 4455 ex
1187 4397 1585 4456 ani-malibus
1617 4396 2162 4460 irrationabilibus
2191 4419 2346 4460 com-

843 4504 1055 4571 paret,
1090 4493 1153 4556 id
1193 4500 1290 4555 est
1328 4492 1705 4570 conformet,
1743 4496 1942 4564 illud,
1973 4494 2346 4576 imprimen-

850 4592 931 4655 do
962 4592 1019 4654 ei
1056 4590 1328 4671 figuram
1358 4590 1683 4654 bestialem
1703 4610 1719 4667 ;
1741 4593 2106 4669 perliniens
2134 4597 2345 4655 rubri·

849 4710 947 4758 ca,
990 4689 1054 4751 id
1113 4698 1209 4752 est
1266 4688 1461 4752 rubeo
1517 4690 1749 4765 colore,
1799 4701 1858 4752 et
1900 4693 2343 4754 rubicundum

847 4790 1099 4866 faciens
1146 4789 1324 4865 fuco,
1369 4788 1432 4849 id
1480 4796 1575 4850 est
1624 4788 1919 4862 tinctura,
1954 4808 2096 4869 quae
2142 4787 2220 4851 sit
2264 4791 2342 4853 de

849 4886 1046 4948 herba
1096 4903 1237 4965 quae
1291 4886 1483 4947 etiam
1542 4887 1727 4947 fucus
1776 4893 2040 4950 vocatur
2079 4888 2219 4967 (sed
2279 4897 2343 4951 et

2450 4298 2744 4379 gentileS‚
2793 4298 2854 4361 S.
2901 4298 3172 4361 Thomas
3231 4298 3476 4363 diffuse
3529 4303 3945 4383 prosequitur

2450 4415 2524 4459 ac
2581 4397 2994 4459 demonstrat.
3055 4397 3381 4460 Daemones
3433 4416 3584 4461 vero
3637 4418 3754 4481 per
3805 4402 3945 4465 ido-

2453 4494 2513 4556 la
2550 4494 2787 4557 dabant
2838 4511 3163 4577 responsa,
3197 4504 3261 4557 et
3307 4496 3676 4559 hominibus
3725 4500 3944 4562 multi-

2452 4592 2707 4674 pliciter
2750 4592 3126 4669 illudebant,
3169 4612 3244 4655 ac
3289 4594 3596 4675 quosdam
3647 4595 3942 4660 fecerunt

2454 4690 2771 4769 infirmos,
2826 4692 2938 4773 qui
2998 4692 3075 4753 ad
3138 4692 3608 4756 invocationem
3669 4696 3938 4759 deorum

2450 4789 2831 4853 videbantur
2871 4790 3103 4866 sanari,
3136 4790 3533 4854 daemonibus
3579 4812 3619 4854 a
3661 4796 3940 4859 vexatio—

2451 4906 2530 4949 ne
2564 4887 2963 4950 cessantibus
2998 4906 3011 4949 :
3056 4906 3329 4969 quorum
3373 4889 3782 4972 deceptiones
3823 4912 3940 4975 per

849 4984 1110 5064 quidam
1143 4984 1581 5065 superpositus
1620 4983 1795 5047 color
1833 4984 2069 5047 dicitur
2108 4984 2336 5066 sucus3
2447 4986 2758 5064 gloriosos
2790 4985 3124 5067 Apostolos
3154 4986 3490 5068 patefactae
3519 4999 3670 5051 sunt
3695 4998 3758 5053 et
3787 5010 3941 5055 con-

849 5081 1170 5144 interdum
1201 5100 1455 5162 quoque
1488 5080 1681 5156 frana,
1718 5083 2143 5160 mendacium,
2176 5092 2342 5145 astu-

850 5179 958 5253 tia,
994 5180 1227 5241 dicitur
1262 5178 1639 5261 fucuS‚quia
1671 5180 2055 5263 supponitur
2088 5182 2338 5244 veritati

848 5286 958 5339 aut
996 5275 1257 5339 falsitati
1298 5276 1701 5359 colorandae)‚
1736 5283 2005 5340 colorem
2038 5280 2249 5350 illius,
2279 5292 2338 5342 et

2447 5083 2654 5147 victae.

2526 5182 2870 5260 Postremo,
2903 5183 3090 5246 dictis
3130 5184 3197 5245 in
3236 5184 3358 5248 isto
3396 5186 3676 5267 capitulo
3715 5206 3940 5253 conso—

2449 5290 2603 5343 nant
2633 5299 2775 5361 quae
2804 5300 2917 5364 per
2942 5282 3160 5345 isaiam
3190 5283 3269 5345 de
3301 5284 3421 5346 ista
3455 5285 3718 5348 materia
3745 5285 3938 5369 plene

4075 762 4131 815 15

4077 1256 4135 1309 {6

4077 2150 4136 2204 {7

4079 2834 4138 2888 18

4075 3333 4134 3387 19
