4284 6267
210 891 280 947 10

133 4228 205 4266 13.

979 519 1333 567 ENARRATIO
1376 518 1439 563 IN
1482 517 1620 564 CAP.
1657 517 1719 561 Vl
1763 516 2003 562 CANTlcl
2044 516 2449 565 CANTlconUM.
2499 541 2578 550 —
2620 522 2763 567 ΛΒΤ.
2808 522 2959 568 xvm

3399 505 3515 568 407

413 694 726 753 ordinata
765 712 788 754 .·
833 692 1004 774 quod
1054 690 1435 772 praecedenti
1487 687 1764 771 capitulo
1813 707 1916 749 ex·
1945 687 1996 748 A
2029 688 2229 767 igneae
2270 692 2552 754 caritatis
2592 702 2743 755 sunt
2781 694 2995 776 positi,
3030 702 3092 757 et
3120 712 3391 775 quorum
3422 704 3519 757 est

415 790 699 873 positum
739 800 856 854 est.

498 894 816 953 Dese-endi
858 893 932 951 in
971 892 1232 951 hortum
1275 907 1540 947 nucum.
1574 886 1743 948 Istud
1786 892 1912 947 tam

419 990 500 1053 de
555 988 808 1052 Christo
858 1007 1050 1071 quam
1113 989 1190 1050 de
1241 984 1586 1049 universali
1637 984 1916 1047 Ecclesia

416 1097 630 1171 potest
669 1087 926 1168 exponi.
961 1085 1249 1149 Christus
1289 1102 1439 1164 ergo
1480 1103 1592 1165 per
1626 1101 1754 1145 suae
1788 1082 1918 1164 pic-

419 1188 568 1249 tatis
603 1183 1210 1252 condescensionem
1241 1192 1304 1247 et
1346 1201 1554 1265 opem,
1588 1181 1916 1245 descendit

417 1284 486 1347 in
511 1285 767 1347 hortum
795 1303 1048 1359 nucum,
1068 1283 1132 1345 id
1151 1283 1342 1345 estad
1369 1281 1912 1361 congregationem

419 1383 714 1445 fidelium
763 1392 956 1464 atque
998 1380 1426 1445 constantium
1473 1397 1910 1462 personarum,

415 1502 562 1563 quae
609 1484 870 1546 arduam
915 1483 1159 1545 ducunt
1201 1480 1420 1553 vitam,
1453 1488 1513 1541 et
1565 1480 1765 1540 instar
1802 1496 1917 1538 nu-

417 1600 564 1644 cum
623 1579 1141 1663 contemptibiles
1201 1578 1358 1641 foris
1419 1578 1733 1641 videntur.
1785 1576 1916 1638 Imo

419 1698 534 1761 per
563 1679 950 1742 soliditatem
977 1678 1286 1743 virtutum
1319 1675 1570 1739 fortiter
1599 1682 1748 1737 sunt
1777 1692 1918 1737 con-

420 1787 517 1841 tra
559 1797 692 1841 suae
737 1777 963 1840 salutis
1011 1777 1226 1839 hostes
1275 1774 1529 1849 muniti,
1579 1774 1746 1837 sicut
1787 1792 1916 1833 nux

2028 788 2411 851 dominicam
2483 792 2846 873 passionem
2918 794 3156 874 jugiter
3220 791 3388 857 ferre
3452 792 3517 855 in

2026 888 2238 963 corde,
2274 907 2345 951 ac
2377 890 2622 970 praelati
2662 910 2934 972 quorum
2968 890 3287 973 praecipue
3318 899 3413 954 est
3439 892 3519 955 ad

2031 986 2363 1066 sanguinis
2405 987 2795 1052 effusionem
2836 1008 2951 1071 pro
2989 989 3121 1052 fide
3162 1008 3235 1051 ac
3273 989 3521 1070 justitia

2030 1103 2170 1146 esse
2214 1094 2465 1167 paratos
2514 1088 2610 1165 (ut
2653 1087 2852 1149 instar
2894 1088 3205 1151 malorum
3255 1087 3520 1169 punico-

2027 1201 2169 1244 rum
2204 1182 2474 1246 rubeant
2505 1185 2725 1265 intus),
2756 1194 2819 1247 et
2851 1186 3007 1267 [qui]
3040 1185 3521 1267 contemplatio-

2026 1280 2124 1342 nis
2175 1300 2245 1343 ac
2302 1281 2685 1359 dilectioni5‚
2738 1284 3048 1365 bonaeque
3094 1284 3278 1347 famae
3324 1285 3518 1347 odore

2025 1397 2098 1441 ac
2128 1379 2442 1442 suavitate
2476 1390 2783 1443 ornantur
2812 1401 2883 1444 ac
2929 1381 3231 1461 fragrant,
3265 1388 3329 1446 et
3356 1382 3515 1445 alios

2024 1477 2373 1539 attrahunt.
2406 1477 2691 1541 Christus
2724 1479 2939 1561 itaque
2972 1488 3273 1561 tanquam
3302 1488 3517 1562 pastor
3584 1505 3807 1557 lomna.

2025 1575 2253 1653 bonuS,
2289 1577 2505 1641 visitat
2547 1597 2725 1641 suam
2758 1579 3107 1642 Ecclesiam
3141 1579 3205 1641 in
3248 1578 3518 1660 singulis

2024 1673 2326 1753 gradibus
2356 1695 2429 1739 ac
2458 1676 2725 1739 statibus
2756 1677 2992 1758 ejuS,et
3018 1678 3098 1740 ab
3129 1696 3519 1759 unoquoque

2027 1774 2317 1854 requirit,
2354 1783 2423 1836 ut
2454 1777 2802 1838 secundum
2835 1776 3218 1858 exigentiam
3252 1796 3381 1839 suae
3410 1795 3521 1840 vo-

422 1877 570 1941 forti
621 1896 695 1939 ac
747 1876 959 1957 ligneo
1009 1874 1241 1956 tegitur
1295 1881 1692 1955 tegument03
1744 1871 1915 1934 intus
1954 1874 1999 1934 B
2028 1872 2299 1936 cationis
2335 1871 2703 1937 fructificet.
2743 1876 3007 1957 Insuper
3053 1874 3193 1956 ipsa
3238 1874 3521 1938 Ecclesia

419 1995 572 2040 vero
629 1976 882 2040 dulcem
939 1974 1272 2038 continent
1322 1972 1624 2049 fructum,
1676 1970 1919 2034 devoti-

417 2093 610 2138 onem
669 2073 1012 2149 internam,
1075 2072 1305 2135 mentis
1365 2070 1914 2152 tranquillitatem,

417 2172 828 2236 conscientiae
894 2171 1262 2253 puritatem,
1331 2166 1920 2251 contemplationis-

417 2290 545 2352 que
593 2269 887 2350 gratiam,
930 2289 1002 2332 ac
1043 2268 1247 2331 divini
1295 2267 1611 2331 fervorem
1659 2266 1917 2342 amoriS,

419 2369 586 2433 sicut
645 2388 775 2430 nux
837 2368 1160 2430 nucleum.
1211 2367 1287 2429 Et
1345 2367 1511 2429 sicut
1555 2384 1632 2428 ex
1691 2364 1919 2427 nucleo

418 2467 776 2531 extrahitur
805 2465 1034 2541 oleum,
1059 2464 1150 2527 sic
1179 2484 1254 2527 ex
1285 2464 1541 2527 illorum
1572 2460 1920 2526 virtutibus

419 2564 804 2647 compassio,
831 2563 1034 2645 pietas
1067 2582 1139 2626 ac
1171 2582 1320 2628 vera
1350 2561 1624 2626 devotio.
1650 2560 1727 2623 Et
1757 2560 1920 2622 sicut

421 2684 556 2729 nux
588 2663 654 2725 in
685 2662 944 2726 exordio
983 2662 1287 2725 corticem
1327 2660 1516 2723 habet
1558 2658 1917 2732 humidum,

421 2762 687 2825 mollem
727 2781 801 2825 ac
845 2760 1140 2836 viridem,
1176 2760 1287 2840 qui
1331 2758 1625 2821 veniente
1663 2756 1924 2819 maturi-

423 2870 554 2924 tate
596 2868 733 2923 aret
776 2879 847 2923 ac
888 2859 1124 2921 decidit
1173 2876 1186 2919 :
1236 2858 1328 2921 sic
1371 2856 1638 2940 perfecti
1685 2856 1750 2919 in
1793 2874 1922 2918 suae

423 2957 865 3024 conversionis
896 2957 1083 3019 initio
1115 2956 1330 3020 vallati
1364 2964 1544 3020 erant
1575 2963 1637 3019 et
1667 2972 1926 3035 cooper-

2028 1970 2415 2051 synodaliter
2444 1980 2841 2053 congregata,
2875 1992 2987 2035 seu
3016 1974 3155 2054 ejus
3185 1972 3430 2055 praelati
3457 1982 3519 2036 et

2029 2068 2169 2150 ipsa
2198 2087 2313 2150 per
2343 2088 2491 2133 suos
2521 2070 2837 2152 praelatoS‚
2872 2071 3252 2149 considerat,
3281 2071 3517 2148 visitat,

2028 2176 2092 2230 et
2141 2167 2490 2230 reformare
2540 2176 2803 2231 conatur
2850 2168 3268 2251 particulares
3315 2169 3524 2233 Eccle-

2031 2266 2177 2341 siaS‚
2226 2274 2289 2329 et
2328 2265 2613 2348 singulos
2653 2268 2885 2347 gradus
2929 2287 3001 2330 ac
3042 2266 3321 2332 ordines.

2109 2366 2415 2429 Subditur
2455 2367 2519 2428 in
2561 2386 2834 2449 persona
2877 2367 3239 2450 Synagogae,
3274 2367 3341 2429 in
3390 2366 3523 2429 fine

2031 2464 2247 2527 saecnli
2301 2464 2745 2527 convertendae
2790 2482 2803 2527 ε
2844 2468 3128 2534 Nescivi,
3174 2465 3239 2527 id
3272 2473 3391 2540 est,
3430 2465 3525 2527 di-

2025 2563 2357 2644 gnitatem,
2394 2562 2814 2637 sanctitatem,
2840 2571 2904 2627 et
2931 2564 3197 2645 gratiam
3228 2563 3527 2628 Ecclesiae

2028 2662 2261 2726 Christi
2308 2681 2433 2725 non
2480 2662 2901 2740 consideravi,
2943 2682 3059 2725 nec
3112 2662 3283 2727 novi.
3328 2662 3524 2744 Cujus

2031 2761 2392 2825 annectitur
2440 2760 2600 2823 ratio
2636 2779 2649 2824 :
2684 2763 2930 2821 Anima
2978 2782 3141 2833 mea,
3176 2761 3239 2824 id
3284 2768 3381 2823 est
3416 2778 3528 2823 vo-

2033 2861 2244 2923 luntas
2293 2878 2403 2922 seu
2444 2858 2605 2921 ratio
2645 2858 2812 2922 male
2848 2859 3177 2942 disposita,
3230 2877 3341 2922 seu
3390 2859 3526 2922 ani-

2035 2958 2219 3021 malis
2250 2956 2537 3034 affectio,
2570 2960 2998 3026 conturbavit,
3031 2957 3095 3019 id
3126 2966 3243 3034 est,
3280 2957 3528 3039 inquie-

428 3059 472 3121 ti
507 3056 785 3139 propriae
813 3056 1023 3119 carnis
1058 3064 1121 3117 et
1159 3054 1590 3117 sensualitatis
1631 3052 1922 3129 mollitie,
1959 3060 2003 3124 C
2036 3056 2193 3119 tavit
2219 3064 2281 3118 et
2303 3075 2339 3117 a
2368 3055 2650 3119 veritatis
2676 3054 3181 3119 consideratione
3206 3055 3529 3137 impedivit

427 3156 704 3232 fervore,
747 3163 940 3236 atque
975 3154 1275 3233 humore3
1319 3154 1428 3215 sed
1476 3154 1785 3217 virtutum
1824 3151 1927 3213 ad-

428 3255 728 3319 veniente
789 3253 1176 3330 maturitate,
1237 3270 1382 3315 caro
1436 3260 1500 3313 et
1550 3250 1927 3313 sensualitas

425 3361 757 3427 aruerunt,
801 3352 1096 3415 edomitae
1135 3370 1208 3414 ac
1248 3370 1570 3433 repressae.

527 3455 600 3513 Ut
651 3454 938 3511 viderem
980 3470 1176 3529 poma
1227 3450 1652 3517 convallium,
1697 3448 1758 3509 id
1808 3456 1924 3524 est,

431 3550 648 3613 minus
688 3547 1009 3631 perfectos
1058 3548 1450 3611 attenderem
1492 3566 1564 3609 ac
1611 3546 1923 3628 juvarem,

431 3650 564 3713 imo
594 3656 660 3711 et
681 3648 746 3709 in
777 3646 1158 3709 humilitatis
1191 3646 1320 3708 imo
1349 3646 1590 3727 positos
1621 3643 1930 3727 approba-

431 3767 592 3810 rem.
642 3747 875 3809 Tamen
928 3764 1042 3827 per
1088 3763 1279 3827 poma
1319 3751 1584 3826 possunt
1623 3752 1687 3805 et
1734 3762 1928 3807 nuces

431 3845 728 3925 intelligi,
761 3845 1067 3926 quoniam
1099 3844 1310 3906 omnis
1353 3841 1652 3905 arborum
1682 3841 1929 3905 fructus

429 3943 874 4019 comestibilis,
899 3942 1224 4005 communi
1255 3942 1514 4005 nomine
1545 3960 1804 4023 pomum
1830 3960 1930 4004 vo-

429 4052 611 4107 catur
664 4060 678 4104 :
725 4042 892 4104 sicut
931 4040 996 4102 in
1037 4040 1381 4121 Evangelio
1421 4038 1624 4101 fertur
1655 4041 1733 4103 de
1771 4038 1925 4116 ficu,

309 4176 402 4213 .ιι,
433 4161 626 4224 quam
685 4140 973 4204 Christus
1035 4138 1322 4216 accessit,
1379 4138 1551 4219 quod
1611 4157 1737 4201 non
1796 4145 1931 4201 erat

2035 3177 2134 3217 mc
2166 3164 2431 3235 propter
2459 3156 2817 3233 quadrigas
2851 3132 3249 3223 Aminadab,
3292 3154 3358 3217 id
3405 3162 3521 3231 est,

3549 1569 3703 1619 1¹.st

3652 2476 3716 2533 11

2034 3274 2111 3317 ex
2156 3252 2661 3317 consideratione
2710 3253 3080 3335 potestatis*
3120 3262 3182 3316 et
3226 3252 3530 3334 magnifi-
3574 3276 3823 3331 numm.

2036 3352 2279 3429 centiae,
2300 3352 2555 3415 virtutis
2585 3359 2647 3413 et
2674 3352 2891 3430 gratiae
2923 3351 3102 3433 regni
3129 3351 3288 3415 Juda
3314 3369 3327 3413 :
3356 3352 3527 3433 quod
3558 3340 3663 3385 ‘⁸²¹⁸

2037 3451 2405 3531 designatur
2448 3467 2560 3530 per
2589 3449 2965 3527 Aminadab,
3000 3450 3080 3513 de
3116 3451 3302 3531 cujus
3332 3450 3529 3532 stirpe

2038 3568 2217 3629 reges
2282 3548 2462 3628 regni
2508 3547 2667 3610 Juda
2727 3546 3042 3629 progeniti
3091 3555 3275 3628 sunt3
3316 3557 3380 3611 et
3415 3568 3532 3631 per

2038 3647 2379 3730 quadrigas
2429 3646 2626 3722 illius,
2682 3644 2991 3709 fortitudo
3046 3655 3109 3709 et
3156 3646 3531 3709 excellentia

2038 3746 2216 3827 regni
2252 3745 2427 3808 illius
2459 3744 2887 3807 insinuantur.
2921 3745 3126 3825 Atque
3141 3744 3240 3826 (ut
3270 3744 3532 3826 dicitur)

2041 3845 2395 3909 Aminadab
2454 3864 2595 3907 cum
2661 3843 2831 3906 tribu
2894 3844 3057 3906 Juda
3111 3843 3319 3926 primo
3386 3852 3532 3925 post

2037 3946 2290 4027 Moysen
2332 3943 2749 4024 ingrediendo
2792 3942 3065 4005 fundum
3108 3942 3302 4006 maris
3334 3941 3529 4006 Rubri
3581 3966 3821 4018 cmm,

2037 4044 2366 4119 siccatum,
2402 4041 2753 4124 promeruit
2785 4040 3027 4123 regium
3062 4049 3406 4123 sceptrum,
3439 4060 3534 4107 ce-
3560 4030 3628 4071 ²²·

2038 4144 2191 4205 teris
2225 4141 2516 4204 tribubus
2544 4141 2792 4224 Moysen
2820 4140 3001 4222 sequi
3029 4140 3415 4203 timentibus.
3433 4141 3533 4203 Ju-

435 4250 688 4322 tempus
721 4238 895 4321 pomi
926 4237 1124 4300 illius,
1158 4238 1465 4318 Denique,
1503 4256 1618 4318 per
1646 4237 1931 4320 superio·
1959 4246 2010 4307 D
2037 4241 2157 4304 daei
2188 4248 2399 4303 autem
2428 4258 2631 4320 usque
2661 4240 2728 4301 in
2754 4257 3051 4320 praesenS,
3074 4236 3534 4302 considerando

2039 4359 2230 4421 quam
2260 4337 2639 4400 mirabiliter
2663 4345 2728 4399 et
2755 4336 3057 4418 praeclare
3087 4337 3188 4399 lex
3209 4345 3387 4400 vetus
3418 4355 3532 4418 per
3610 4358 3772 4403 loona.
3796 4371 3827 4409 ι,

434 4357 534 4402 res
564 4348 628 4402 et
655 4335 1070 4420 perfectiores
1099 4334 1386 4397 Christus
1418 4334 1655 4412 visitat,
1689 4334 1927 4415 dirigit,

432 4446 497 4501 et
534 4437 798 4518 adjuvat
849 4434 1063 4497 minus
1113 4432 1432 4515 perfectos
1469 4453 1482 4497 :
1518 4452 1679 4513 quos
1718 4440 1930 4497 tamen

435 4535 708 4599 interius
747 4533 949 4613 tangit
981 4532 1306 4595 multoties
1338 4551 1452 4614 per
1483 4551 1550 4593 se
1581 4532 1814 4614 ipsum.
1853 4536 1934 4593 E'c

433 4636 845 4711 inspicerem,
873 4635 933 4691 si
961 4634 1330 4709 floruissent
1363 4634 1588 4703 vz‘m’a’,
1615 4631 1677 4692 id
1709 4639 1824 4705 est,
1853 4650 1932 4693 an

433 4731 855 4815 particulares
895 4729 1195 4791 Ecclesiae
1235 4748 1347 4791 scu
1385 4729 1930 4810 congregationem,

431 4832 736 4905 claustra,
789 4828 1080 4908 collegia,
1128 4828 1206 4889 ad
1259 4827 1537 4890 fructum
1584 4828 1937 4910 spiritualis

435 4928 573 4993 vini
635 4935 850 4989 essent
910 4926 1259 5008 dispositae,
1320 4934 1382 4988 et
1441 4924 1714 4989 floribus
1775 4927 1941 4989 salu-

438 5026 650 5090 brium
698 5026 1186 5089 meditationum
1236 5024 1616 5107 piarumque
1657 5024 1942 5088 affectio-

440 5144 596 5188 num
646 5132 886 5187 ornatae
927 5143 1000 5186 ac
1052 5122 1441 5203 fecundatae3
1491 5135 1549 5184 et
1584 5126 1943 5201 yerminas-

443 5234 583 5285 sent
645 5226 816 5283 mala
865 5224 1140 5299 punica,
1193 5222 1254 5284 id
1315 5230 1432 5297 est,
1494 5241 1574 5284 an
1635 5220 1944 5285 fructuosi

2041 4437 2289 4518 Moysen
2324 4437 2467 4497 data
2509 4434 2634 4496 fuit
2673 4444 2735 4497 et
2774 4433 3154 4496 confirmata
3196 4442 3258 4496 et
3298 4433 3532 4516 inclyte
3564 4424 3629 4466 ¹⁷·

2041 4543 2434 4609 conservata,
2492 4532 2808 4616 praecipue
2836 4552 2873 4595 a
2914 4532 3152 4615 populo
3191 4533 3393 4595 tribus
3429 4533 3536 4595 Ju-

2043 4636 2142 4709 da,
2192 4642 2385 4715 atque
2424 4632 2661 4695 ibidem
2705 4651 2817 4713 per
2854 4630 3195 4713 Prophetas
3243 4639 3305 4693 et
3354 4630 3536 4712 signa

2044 4731 2481 4815 praeconizata,
2519 4738 2797 4793 renuunt
2832 4731 3089 4792 credere
3125 4730 3326 4810 legem
3363 4728 3535 4791 illam

2047 4850 2159 4913 pcr
2190 4830 2391 4911 legem
2424 4828 2854 4908 evangelicam
2885 4846 3026 4890 esse
3055 4836 3445 4903 evacuatam,
3477 4835 3543 4890 et

2043 4930 2280 5005 Jcsum,
2306 4927 2462 5008 legis
2491 4926 2772 4990 Mosaicae
2802 4925 3380 5002 exterminatorem,
3402 4943 3543 4989 esse

2048 5026 2359 5090 divinitus
2408 5024 2699 5087 missum.

2129 5123 2538 5204 Expositores
2577 5138 2727 5185 vcro
2773 5119 3198 5183 communiter
3236 5139 3352 5203 per
3392 5140 3546 5203 qua-

2051 5222 2261 5301 drigas
2287 5220 2654 5296 Aminadab,
2672 5218 3040 5299 intelligunt
3064 5228 3327 5299 quatuor
3350 5220 3548 5283 Evan-

447 5330 682 5397 essent,
744 5321 858 5403 qui
921 5320 987 5383 in
1047 5328 1214 5383 statu
1271 5320 1831 5403 contemplationis
1886 5330 1949 5384 et
2053 5321 2222 5400 gelia
2263 5318 2519 5395 Christi,
2553 5327 2615 5381 et
2648 5317 2892 5401 prImos
2920 5317 3289 5381 eorumdem
3321 5319 3550 5401 praedi-
