4284 6267
1048 503 1401 548 mammo
1442 502 1505 547 ΙΝ
1548 503 1686 548 cAP.
1732 503 1845 548 xm
1884 503 2367 550 Pnovmtmonmt.
2416 523 2496 532 -—
2535 505 2678 550 ΛΒΤ.
2723 503 2834 550 1111
3406 486 3485 550 87

382 692 503 756 per
538 673 793 738 actibus
834 675 1085 738 cunctis
1124 675 1445 751 humaniS,
1476 675 1531 736 si
1572 674 1887 758 sapientia
1913 675 1964 737 A
1995 674 2220 738 mortis
2250 675 2488 756 hujus?
2519 677 2994 753 Verumtamen,
3029 675 3196 738 sicut
3225 695 3370 758 spes
3399 676 3490 739 di-

379 773 851 852 gubernentur,
886 782 955 835 ut
987 773 1331 854 digestiora
1356 793 1429 836 ac
1459 773 1717 856 puriora
1745 792 1888 856 ope-

380 890 451 932 ra
498 871 1004 954 subsequantur.

172 966 231 1021 ¹1
466 972 855 1032 Substantia
882 972 1221 1048 festinata,
1254 971 1321 1034 id
1352 979 1449 1034 est
1477 973 1604 1035 cito
1633 991 1706 1035 ac
1738 970 1887 1035 faci-

378 1069 531 1132 liter
558 1068 900 1149 acquisita,
918 1071 1272 1139 minuetur,
1302 1069 1365 1132 id
1394 1077 1511 1146 est,
1537 1090 1575 1132 a
1602 1089 1718 1133 suo
1750 1089 1885 1153 pos-

375 1186 630 1232 sessore
674 1167 996 1230 inutiliter
1026 1175 1459 1230 consumetur.
1496 1167 1673 1250 Saepe
1703 1169 1883 1252 quip-

374 1285 459 1349 pe
488 1265 835 1347 contingit,
860 1266 1032 1346 quod
1063 1266 1129 1329 hi
1161 1266 1275 1348 qui
1303 1266 1562 1330 divitias
1590 1267 1883 1330 celeriter

373 1373 439 1427 et
462 1363 745 1428 faciliter
774 1365 1243 1447 adipiscuntur,
1258 1384 1366 1428 cas
1396 1385 1622 1448 parum
1657 1384 1883 1448 appre-

374 1465 647 1538 tiantur,
672 1463 1219 1545 prodigaliterque
1246 1466 1647 1547 expendunt3
1678 1473 1743 1526 et
1770 1466 1883 1528 sic-

374 1571 449 1625 ut
492 1562 589 1626 eis
638 1571 1071 1640 accesserunt,
1104 1564 1197 1626 sic
1240 1563 1320 1626 ab
1358 1563 1515 1646 ipsis
1554 1564 1877 1626 recedunt.

374 1660 525 1722 Filii
572 1659 797 1737 etiam,
844 1679 1123 1742 quorum
1166 1669 1465 1744 parentes
1509 1660 1883 1743 temporalia

373 1756 613 1837 cupide
644 1754 1065 1836 collegerunt,
1088 1763 1405 1833 emerunt,
1423 1764 1757 1829 auxerunt,
1784 1773 1883 1818 so-

1994 773 2143 850 lata,
2181 783 2242 836 et
2284 775 2436 838 boni
2475 775 2678 858 cupiti
2716 775 2960 852 dilatio,
2996 783 3275 837 mentem
3315 773 3489 837 affli-

1989 881 2152 951 gunt
2196 874 2551 955 sperantis;
2605 875 2699 938 sic
2736 873 3162 938 consideratio
3211 874 3481 956 praemii,

1993 979 2058 1033 et
2086 971 2482 1035 confidentia
2523 973 2925 1055 pertingendi
2966 973 3044 1034 ad
3090 972 3273 1050 illud,
3307 972 3484 1036 exhi-

1992 1068 2203 1132 larant
2248 1073 2525 1134 animam
2569 1072 2952 1136 anhelantis,
3003 1071 3262 1154 Propter
3309 1072 3482 1153 quod

1992 1171 2292 1234 admonet
2337 1171 2566 1233 Paulus
2623 1192 2636 1236 :
2692 1171 2816 1253 Spe
2868 1171 3240 1251 gaudentes,
3293 1171 3483 1235 Porro
3547 1199 3673 1244 Rom,
3701 1213 3774 1252 m,

1992 1269 2311 1353 praedictis
2361 1278 2668 1333 consonat
2707 1269 2964 1344 Seneca,
2989 1269 3208 1332 dicens
3236 1269 3478 1332 :Etiam
3513 1264 3579 1306 ¹²·

1988 1368 2282 1432 celeritas
2314 1368 2380 1429 in
2412 1367 2728 1430 desiderio
2757 1385 2934 1430 mora
2965 1375 3100 1446 est3
3141 1376 3205 1430 et
3236 1387 3477 1446 rursuS,

1990 1468 2158 1530 Mora
2186 1466 2452 1531 molesta
2481 1475 2598 1537 est,
2623 1468 2734 1529 sed
2765 1467 2930 1549 parit
2961 1466 3485 1549 sapientiam.Li-

1982 1586 2193 1644 ynam
2217 1568 2384 1636 υἱέα),
2403 1567 2802 1626 desiderium
2826 1569 3086 1626 veniens
3105 1566 3214 1628 :id
3243 1573 3355 1644 est,
3380 1566 3484 1630 de-

1990 1664 2251 1728 siderati
2282 1672 2345 1726 et
2372 1663 2610 1746 sperati
2641 1663 2794 1727 boni
2828 1663 3483 1746 impleti0,praesentia

1990 1781 2063 1825 ac
2100 1762 2438 1844 possessiO,
2475 1761 2748 1825 dulciter
2794 1761 3006 1825 reficit
3045 1770 3476 1844 appetentem,

374 1854 515 1917 lent
561 1873 639 1918 θα
687 1854 1069 1937 dilapidare·
1099 1857 1253 1924 Quoe
1289 1865 1508 1917 autem
1546 1857 1881 1932 paulatim
1916 1860 1964 1922 B
1992 1869 2061 1923 ut
2094 1861 2340 1939 lignum
2372 1861 2634 1924 vitaetet
2667 1861 2733 1922 in
2765 1859 3074 1924 fruitione
3100 1858 3352 1937 Christi,
3367 1861 3480 1941 qui

372 1956 721 2032 colliqitur
768 1975 996 2027 manu,
1043 1953 1107 2016 id
1161 1962 1278 2029 est,
1332 1953 1545 2017 studio
1592 1961 1653 2016 et
1708 1953 1881 2016 labo-

376 2073 447 2116 re
476 2052 851 2116 successive
878 2051 1257 2135 acquiritur,
1293 2053 1881 2132 multiplicabitur:

371 2153 529 2234 quia
558 2171 599 2214 a
629 2170 748 2215 suo
768 2169 1137 2234 possessore
1166 2150 1509 2232 diligenter
1526 2150 1882 2214 custoditur

372 2261 437 2315 et
473 2259 952 2332 augmentatur,
987 2250 1150 2314 sicut
1190 2250 1481 2313 videmus
1521 2249 1588 2312 in
1625 2249 1727 2312 his
1767 2250 1881 2331 qui

374 2368 452 2413 ex
500 2356 879 2433 paupertate
930 2349 1011 2412 ad
1059 2348 1456 2430 opulentiam
1504 2367 1619 2432 per
1660 2347 1881 2412 officia

377 2469 489 2513 sua
551 2455 921 2512 creverunt.
971 2447 1145 2510 Istud
1204 2465 1461 2529 quoque
1507 2447 1879 2510 Aristoteles

375 2549 475 2613 ait.
493 2549 562 2611 ln
596 2546 1045 2630 spiritualibus
1074 2546 1227 2609 item
1248 2546 1693 2629 conspicimus,
1711 2547 1877 2628 quod

375 2648 440 2710 hi
474 2648 589 2730 qui
630 2645 860 2726 grandi
888 2645 1366 2719 exercitatione,
1400 2644 1787 2707 abstinentia
1816 2653 1879 2708 et

376 2747 593 2810 labore
634 2745 715 2807 ad
761 2744 1070 2808 virtutum
1116 2743 1529 2818 incrementa,
1577 2760 1688 2806 seu
1737 2763 1879 2826 per-

378 2845 727 2908 fectionem
788 2843 1080 2926 perducti
1143 2849 1313 2917 sunt,
1369 2841 1650 2905 timorati
1709 2843 1873 2906 exsi-

376 2951 573 3020 stunt,
611 2961 693 3005 ne
733 2961 847 3025 per
877 2941 1335 3022 negligentiam
1376 2941 1509 3003 suis
1544 2941 1877 3023 priventur

1988 1967 2087 2022 est
2128 1958 2376 2040 lignum
2415 1959 2582 2034 vitae‚
2617 1957 2910 2022 consistit
2944 1957 3280 2021 delectatio
3320 1958 3476 2039 ista3

1990 2057 2102 2139 qui
2151 2057 2418 2122 amatori
2469 2076 2583 2121 suo
2628 2057 2993 2140 repromisit
3037 2076 3050 2122 :
3093 2056 3222 2137 Ego
3269 2065 3480 2121 osten-
3521 2085 3773 2139 Joanmw.

1988 2158 2133 2219 dam
2178 2157 2237 2220 ei
2284 2175 2388 2219 me
2427 2157 2662 2237 ipsum.
2698 2156 2784 2218 De
2825 2174 2954 2237 quo
2999 2156 3065 2217 in
3114 2155 3322 2238 prima
3363 2175 3479 2219 sua
3507 2153 3574 2194 ²¹·

1987 2255 2306 2318 Canonica
2332 2254 2424 2317 ait
2466 2254 2932 2318 sacratissimus
2969 2251 3304 2336 apostolici
3333 2255 3479 2317 cho-

1986 2353 2041 2416 ri
2071 2362 2292 2417 vertex
2335 2370 2349 2414 :
2381 2353 2449 2416 In
2487 2351 2808 2415 Christum
2850 2371 2978 2416 non
3019 2351 3307 2416 videntes
3345 2371 3479 2416 cre—
3507 2373 3769 2428 taeta-,a

1987 2453 2162 2530 ditis,
2211 2451 2499 2515 videntes
2546 2461 2780 2528 autem,
2815 2449 3212 2513 exsultabitis
3259 2450 3480 2515 laetitia

1986 2550 2402 2614 inenarrabili
2433 2559 2496 2613 et
2530 2548 2912 2630 glorificata.

2067 2652 2196 2719 Qui
2223 2651 2511 2711 detrahit
2538 2650 2745 2709 alicui
2774 2651 2899 2718 rei,
2929 2647 3337 2730 obloquendo
3365 2647 3481 2710 ali-
3609 2655 3676 2710 13

1984 2748 2111 2824 cui,
2138 2751 2273 2825 ipse
2297 2767 2362 2807 se
2391 2749 2466 2808 in
2492 2748 2800 2824 futurum
2832 2749 3099 2824 obliqui,
3135 2746 3200 2808 id
3242 2755 3358 2824 est,
3399 2747 3479 2809 ad

1984 2846 2293 2909 luendum
2329 2845 2609 2909 debitam
2654 2863 2906 2926 poenam
2949 2863 3068 2928 pro
3105 2863 3234 2908 suae
3275 2845 3482 2907 detra-

1984 2943 2218 3008 ctionis
2247 2943 2438 3026 culpa
2465 2943 2804 3023 adstringit
2832 2962 2920 3005 se.
2945 2941 3194 3023 Obligat
3222 2961 3480 3025 quoque

379 3040 817 3126 profectibus3
850 3039 965 3122 qui
1012 3059 1165 3104 vero
1214 3039 1491 3121 gratiose
1540 3041 1869 3121 praeventi,
1910 3041 1953 3104 C
1983 3063 2050 3107 se
2080 3043 2162 3106 ad
2203 3042 2536 3106 vitandum
2578 3041 2644 3103 in
2685 3061 2753 3105 se
2793 3041 2932 3124 ipso
2974 3042 3139 3123 quod
3169 3041 3482 3124 vitupera-

375 3141 455 3204 ad
485 3137 895 3222 spiritualem
928 3137 1342 3214 alacritatem,
1362 3138 1736 3201 sensibilem
1769 3140 1875 3202 de-

378 3239 730 3314 votionem,
768 3255 843 3299 ac
873 3236 1193 3311 lacrimaS,
1225 3237 1519 3300 celeriter
1551 3245 1743 3318 atque
1785 3236 1877 3300 fa-

376 3337 586 3400 ciliter
615 3336 1037 3410 devenerunt,
1062 3353 1230 3416 saepe
1260 3354 1373 3416 per
1401 3335 1783 3399 incautelam
1814 3345 1878 3398 et

378 3433 810 3498 incustodiam
841 3431 1236 3508 dilabuntur,
1256 3451 1375 3495 nec
1410 3432 1553 3494 data
1584 3432 1707 3494 sibi
1736 3432 1879 3496 cha-

378 3535 643 3596 rismata
692 3530 909 3595 debite
964 3529 1425 3612 appretiantur.
1479 3531 1637 3594 Hinc
1684 3531 1876 3594 etiam

379 3633 522 3715 pius
554 3651 633 3694 ac
662 3628 1377 3712 supersapientissimus
1408 3630 1594 3706 DeuS‚
1632 3630 1879 3692 deside-

380 3741 581 3794 ratam
620 3729 841 3811 gratiae
882 3727 1296 3790 affluentiam
1334 3727 1552 3790 multis
1592 3747 1720 3791 non
1750 3737 1876 3791 sta-

380 3830 495 3892 tim
527 3827 825 3907 largitur,
848 3827 961 3890 sed
992 3825 1303 3908 paulatim
1342 3844 1449 3889 eos
1481 3827 1759 3902 exaudit,
1796 3845 1878 3889 ne

383 3936 647 4011 repente
676 3933 1091 4002 evacuentur,
1124 3925 1233 3987 sed
1266 3923 1509 3987 diutius
1538 3926 1776 3988 orando
1805 3944 1879 3988 ac

384 4024 733 4089 laborando
764 4022 965 4104 magis
996 4031 1499 4104 promereantur,
1534 4032 1597 4086 et
1629 4022 1879 4088 firmio-

384 4145 483 4190 res
520 4124 973 4205 cautioresque
1010 4120 1193 4184 fiant.

1983 3143 2076 3206 vit
2124 3141 2192 3203 in
2235 3140 2383 3218 alio,
2418 3140 2672 3204 dicente
2711 3139 3014 3222 Apostolo
3049 3160 3063 3204 :
3100 3139 3216 3214 Qui
3257 3140 3481 3221 praedi-
3509 3162 3770 3213 nomam.

1982 3261 2087 3304 cas
2118 3258 2248 3303 non
2280 3238 2648 3314 furandum,
2687 3237 2966 3300 furaris?
2997 3237 3262 3312 Quidam
3294 3257 3483 3321 expo-

1983 3347 2145 3401 nunt
2183 3338 2276 3400 sic
2311 3355 2326 3400 :
2361 3336 2476 3411 Qui
2520 3336 2797 3399 detrahit
2835 3335 3028 3399 alicui
3074 3336 3191 3413 rei,
3223 3355 3363 3399 eam
3396 3336 3484 3400 vi-

1984 3437 2360 3520 tuperand0‚
2399 3435 2537 3516 ipse
2579 3435 2646 3496 in
2689 3433 2976 3496 futurum
3017 3454 3084 3498 se
3123 3434 3364 3516 obligat
3405 3436 3483 3498 ad

1985 3555 2113 3598 non
2153 3534 2735 3598 commendandum
2777 3552 2937 3609 eam,
2973 3533 3124 3614 quia
3171 3533 3262 3596 sic
3301 3533 3484 3596 inho-

1986 3641 2166 3697 neste
2208 3632 2460 3696 veniret
2509 3638 2730 3694 contra
2778 3631 3110 3713 proprium
3161 3630 3476 3696 verbum:

1985 3751 2128 3814 quae
2161 3730 2472 3814 expositio
2492 3730 2749 3794 videtur
2778 3729 3337 3812 inepta‚quoniam
3367 3729 3478 3811 qui

1986 3829 2251 3894 alterius
2303 3829 2538 3891 famam
2588 3827 2978 3891 detrahendo
3035 3827 3346 3908 denigrat,
3398 3829 3479 3890 ad

1989 3928 2176 3991 famae
2215 3926 2392 3989 illius
2433 3925 2900 3989 restitutionem
2944 3925 3379 3989 tenetur.ldeo
3423 3926 3479 3988 si

1986 4027 2379 4091 mendaciter
2420 4025 2828 4107 vituperavit,
2864 4034 3115 4088 tenetur
3155 4044 3338 4088 suum
3385 4045 3482 4089 re-

1988 4145 2214 4190 vocare
2247 4145 2321 4188 ac
2356 4124 2541 4187 fateri
2575 4123 3017 4204 mendacium3
3051 4123 3106 4186 si
3135 4132 3345 4187 autem
3375 4144 3482 4189 ve-

204 4227 269 4281 12
461 4228 624 4302 Spes
663 4243 809 4303 quoe
842 4224 1174 4299 differtur,
1209 4220 1273 4283 id
1313 4231 1430 4298 est,
1454 4241 1492 4284 a
1537 4222 1876 4286 desiderati
1911 4227 1959 4288 D
1990 4244 2077 4302 re,
2106 4223 2309 4286 nihilo
2342 4222 2578 4299 minuS,
2614 4222 2765 4303 quia
2797 4221 3154 4286 inordinate
3183 4230 3246 4284 et
3277 4223 3484 4286 detra-

384 4322 533 4386 honi
564 4320 909 4403 adeptione
940 4320 1316 4396 retardatur,
1332 4322 1566 4398 affliqit
1585 4323 1880 4384 animam

384 4421 729 4506 cupientis,
763 4438 957 4501 quam
1013 4417 1168 4481 facit
1214 4419 1399 4482 avide
1444 4428 1506 4482 et
1544 4419 1730 4483 anxie
1768 4422 1879 4484 ad-

384 4521 629 4603 spirare
658 4519 739 4581 ad
764 4517 1005 4582 bonum
1038 4525 1384 4600 speratum,
1419 4518 1769 4598 praesertim
1800 4521 1879 4582 ad

386 4618 755 4684 beatificam
789 4615 1102 4680 Altissimi
1148 4615 1520 4680 fruitionem
1557 4633 1571 4678 ε
1614 4617 1879 4700 ipsaque

386 4717 611 4783 dilatio
642 4715 805 4780 tanti
847 4714 1000 4778 boni
1042 4713 1305 4795 affligit.
1340 4715 1517 4778 Unde
1541 4716 1700 4778 dixit
1736 4717 1881 4780 Pro-

110 4839 359 4893 hams.
386 4818 579 4900 pheta
622 4834 637 4878 :
686 4815 821 4878 Heu
868 4812 1030 4876 mihi
1068 4816 1081 4874 1
1137 4813 1291 4895 quia
1339 4813 1651 4877 incolatus
1700 4834 1881 4878 meus

126 4937 348 4988 mma
390 4917 803 4999 prolongatus
840 4923 959 4977 est.
992 4912 1276 4994 Itemque
1327 4933 1341 4978 :
1395 4913 1674 4976 Fuerunt
1719 4914 1878 4977 mihi

392 5014 666 5078 lacrimae
702 5031 861 5076 meae
894 5030 1091 5094 panes
1128 5010 1231 5074 die
1261 5030 1334 5074 ac
1364 5021 1572 5088 nocte,
1606 5012 1757 5074 dum
1790 5013 1883 5075 di-

391 5113 556 5176 citur
605 5111 767 5174 mihi
816 5109 1153 5191 quotidie:
1187 5109 1307 5172 Ubi
1356 5117 1453 5173 est
1486 5111 1649 5173 Deus
1702 5115 1883 5174 tuus?

164 5225 285 5268 non
300 5241 365 5280 m,
390 5211 481 5274 Ex
506 5210 621 5274 tali
652 5209 875 5273 dolore
905 5208 1204 5272 clamavit
1231 5207 1573 5290 Apostolus
1608 5229 1622 5273 ε
1657 5208 1883 5272 Infelix

120 5288 189 5329 ²⁴·
392 5327 506 5391 ego
544 5309 783 5374 homo!
823 5305 975 5382 Quis
1012 5325 1117 5370 me
1160 5305 1461 5370 liberabit
1496 5307 1577 5370 de
1618 5326 1883 5390 corpore

1986 4323 2180 4386 ctorie
2205 4322 2397 4384 alium
2422 4322 2774 4403 vituperare
2801 4321 3219 4403 praesumpsit,
3237 4329 3484 4384 tenetur

1987 4422 2201 4485 dicere
2232 4421 2590 4484 inordinate
2618 4439 2690 4482 ac
2721 4420 2885 4482 male
2915 4439 2982 4482 se
3010 4439 3150 4482 esse
3177 4419 3478 4484 locutum.

1993 4524 2118 4590 Qui
2147 4531 2364 4582 autem
2396 4522 2572 4580 timet
2594 4529 3018 4598 praeceptum,
3058 4518 3122 4582 id
3171 4528 3287 4596 est,
3326 4539 3483 4602 prae-

1986 4628 2172 4701 cepta
2214 4617 2324 4682 Dei
2364 4626 2428 4680 et
2473 4617 2857 4681 vicariorum
2898 4617 3038 4699 ejus
3077 4618 3478 4699 praevaricari

1991 4728 2244 4784 veretur
2274 4736 2349 4780 ex
2381 4717 2644 4779 caritate
2673 4725 2735 4778 et
2763 4715 2899 4781 zelo
2927 4716 3214 4798 justitiae,
3236 4718 3481 4796 inpace

1988 4818 2352 4878 versabitur
2380 4837 2404 4875 .·
2434 4814 2584 4897 quia
2620 4813 2878 4878 habehit
2912 4815 2978 4877 in
3017 4833 3085 4878 se
3122 4833 3344 4898 pacem
3386 4815 3479 4878 in·-

1989 4925 2258 4988 ternam,
2301 4914 2650 4976 secundum
2699 4913 2880 4990 illud,
2922 4913 3045 4975 Pax
3093 4913 3291 4975 multa
3336 4913 3480 4976 dili·
3535 4941 3770 4989 Pacu-n,

1987 5014 2287 5096 gentibus
2334 5013 2536 5092 legem
2589 5021 2784 5076 tuam.
2836 5012 2991 5075 Cum
3042 5011 3478 5095 superioribus
3511 5005 3604 5046 ¹⁶³·

1989 5131 2248 5194 quoque
2297 5111 2429 5173 suis
2485 5119 2550 5173 et
2599 5109 2905 5192 proximis
2951 5108 3212 5171 habebit
3260 5129 3480 5191 pacem

1991 5210 2363 5286 fraternam,
2398 5209 2628 5271 deinde
2659 5209 2724 5269 in
2758 5225 2951 5287 regno
2983 5206 3222 5270 coelesti
3259 5227 3476 5290 pacem

1994 5326 2338 5391 supernam
2380 5324 2522 5368 cum
2561 5306 2708 5369 Deo.
