4284 6267
126 1002 340 1053 &12ka-

147 1191 206 1233 Pe.
219 1204 274 1238 ιι,
285 1194 324 1234 2.

22 2864 24 2867 >
119 2843 236 2885 ¹143.

1099 516 1451 564 alumno
1494 517 1554 562 IN
1599 515 1737 562 GAP.
1783 514 1847 563 xl
1889 514 2325 563 nccmstAsTAE.
2371 535 2452 545 —
2482 518 2634 563 ΛΒΤ.
2680 518 2745 565 XI

368 794 488 863 est,
523 788 1020 869 promissionem
1053 788 1297 850 habens
1340 787 1484 851 vitae
1523 804 1666 868 quae
1706 804 1878 848 nunc

367 893 488 961 est,
542 893 610 948 et
674 884 932 949 futurae.
987 880 1246 968 Nempe,
1299 894 1370 948 ut
1427 885 1517 948 ait
1567 882 1872 961 Salvator,

367 983 544 1046 Beati
592 983 1065 1061 misericordeS,
1099 984 1404 1066 quoniam
1457 982 1579 1066 ipsi
1631 981 1878 1045 miseri-

367 1081 655 1145 cordiam
687 1091 1184 1165 consequentur.
1212 1083 1355 1146 ldeo
1386 1082 1476 1145 ait
1501 1080 1870 1144 Psalmista:

367 1180 596 1243 Beatus
627 1182 742 1263 qui
775 1180 1080 1262 intelligit
1109 1200 1300 1264 super
1329 1197 1600 1260 egenum
1635 1187 1699 1241 et
1730 1197 1876 1261 pau-

369 1298 628 1361 perem3
655 1280 720 1342 in
743 1279 848 1342 die
867 1280 1036 1343 mala
1059 1278 1358 1343 liberabit
1380 1297 1525 1341 eum
1548 1277 1868 1342 Dominus,

371 4138 616 4223 Spiritu
648 4138 902 4214 Sancto,
935 4136 1111 4218 loqui
1153 4135 1418 4199 verbum
1455 4136 1560 4199 Dei
1593 4136 1658 4197 in
1691 4135 1867 4215 Asia3

369 4248 432 4302 et
481 4255 613 4301 non
664 4236 958 4319 permisit
1006 4255 1114 4300 eos
1159 4234 1434 4317 Spiritus
1479 4234 1646 4297 Jesu.

461 4337 946 4417 Consequenter
993 4334 1297 4408 insinuat,
1349 4352 1542 4414 quam
1591 4351 1873 4396 necessa-

367 4434 534 4497 rium
577 4431 661 4495 sit
697 4432 763 4493 in
797 4430 1096 4513 praesenti
1126 4431 1259 4495 vita
1287 4429 1589 4512 operibus
1618 4430 1872 4493 insiste-

369 4550 436 4595 re
465 4530 798 4606 virtuosis,
823 4529 978 4611 quia
1005 4528 1075 4591 in
1105 4538 1310 4593 morte
1339 4537 1590 4593 cessant
1622 4536 1871 4611 tempus

365 4638 432 4693 ct
461 4636 668 4692 status
697 4627 988 4690 merendi
1016 4646 1092 4691 ac
1121 4626 1509 4691 demerendi.
1533 4631 1613 4689 Si
1640 4628 1872 4688 cecide-

369 4730 458 4789 rit
509 4728 796 4803 liquam,
832 4726 898 4788 id
945 4734 1063 4802 est,
1100 4726 1157 4789 si
1205 4726 1396 4790 bomo
1442 4745 1556 4808 per
1600 4734 1868 4789 mortem

367 4825 706 4902 corruerit,
741 4832 935 4905 atque
973 4823 1305 4887 devenerit
1341 4828 1429 4885 ad
1457 4834 1775 4896 austrum,
1803 4826 1868 4888 id

3354 499 3474 563 279

29 713 31 725 ¹
126 708 338 760 ιπιωε.
374 694 446 750 ιιι
490 688 584 749 ait
627 688 994 772 Apostolus,
1047 688 1250 771 pietas
1299 688 1380 751 ad
1425 687 1643 751 omnia
1702 686 1878 748 utilis
1909 684 1960 747 A
1989 686 2419 767 reproborum.
2440 688 2615 751 Unde
2639 688 3176 752 Antisiodorensis
3208 690 3275 751 in
3304 689 3477 753 Sum-

1987 803 2093 847 ma
2137 805 2276 861 sua,
2319 805 2431 869 per
2479 795 2765 850 austrum
2810 788 3112 869 intelligit
3152 788 3471 869 regionem

1988 882 2259 965 Spiritus
2299 883 2544 965 Sancti3
2577 905 2689 969 per
2725 885 3115 967 aquilonem,
3151 886 3474 966 regionem

1983 981 2248 1045 diaboli.
2292 988 2369 1045 In
2421 1005 2819 1064 quocumque
2870 989 2997 1046 loco
3044 987 3366 1057 ceciderit,
3410 984 3473 1047 id

1984 1089 2102 1157 est,
2138 1081 2203 1143 in
2241 1081 2697 1165 qualicumque
2731 1082 3081 1147 affectione
3116 1081 3477 1165 dispositio-

1986 1198 2196 1262 neque
2225 1181 2435 1243 cordis
2474 1180 2727 1259 obierit,
2760 1184 2854 1242 ibi
2878 1185 3029 1253 erit,
3059 1181 3123 1244 id
3152 1190 3268 1258 est,
3304 1181 3371 1243 in
3400 1200 3475 1244 ea

1983 1278 2368 1341 aeternaliter
2415 1286 2480 1342 et
2526 1278 3101 1344 inconvertibiliter
3144 1299 3475 1363 permane-

210 1382 240 1437 3
447 1380 532 1440 Si
557 1382 818 1455 repletae
847 1379 1105 1456 fuerint
1136 1380 1334 1439 nubes
1363 1374 1876 1440 exhalationibus
1983 1378 2102 1441 bit.
2143 1378 2209 1441 Si
2237 1378 2406 1442 enim
2440 1380 2769 1443 recesserit
2808 1380 3023 1443 anima
3047 1399 3086 1443 a
3114 1398 3379 1463 corpore
3409 1380 3473 1441 in

365 1495 442 1539 ac
469 1476 824 1559 vaporibus
854 1475 1164 1553 humidis,
1201 1478 1496 1545 imbrem,
1520 1474 1584 1537 id
1614 1482 1711 1537 est
1740 1473 1878 1557 plu·
1983 1476 2249 1540 caritate
2276 1485 2340 1539 et
2367 1478 2785 1542 conversione
2812 1480 2893 1542 ad
2920 1480 3139 1556 Deum,
3176 1474 3475 1543 inaverti-

367 1576 564 1653 viam,
597 1596 796 1654 super
840 1586 1082 1637 terram
1123 1578 1459 1655 effundent
1490 1595 1513 1635 .·
1545 1573 1633 1636 ita
1676 1581 1738 1636 et
1779 1581 1870 1647 tu,
1983 1574 2203 1638 biliter
2232 1576 2515 1639 manebit
2542 1576 2623 1639 ad
2652 1576 2862 1659 ipsum
2897 1577 2962 1640 in
2994 1584 3297 1641 aeternum
3328 1596 3476 1641 con-

368 1674 668 1757 exemplo
715 1683 982 1750 naturai,
1033 1675 1113 1737 de
1159 1672 1562 1756 plenitudine
1610 1680 1717 1735 tua
1765 1672 1876 1734 im·
1983 1691 2204 1753 versa3
2253 1673 2307 1735 si
2356 1683 2568 1736 autem
2624 1674 2689 1737 in
2736 1674 3068 1739 aversione
3120 1694 3231 1738 seu
3286 1676 3476 1759 culpa

369 1772 608 1857 pertire
640 1772 1058 1856 pauperibuS.
1092 1808 1170 1819 —
1202 1770 1651 1854 Spiritualiter,
1669 1771 1876 1834 nubes
1985 1772 2263 1846 mortali,
2297 1770 2872 1837 inconvertibiliter
2919 1781 2983 1837 et
3032 1772 3476 1837 inflexibiliter

369 1881 519 1935 sunt
548 1870 824 1936 virtuosi
855 1868 1753 1954 praelati,contemplativiqne
1784 1868 1875 1932 vi·
1911 1868 1958 1933 B
1986 1870 2273 1933 manebit
2311 1889 2532 1934 aversa
2574 1891 2611 1934 a
2652 1872 2799 1935 Deo.

371 1972 446 2049 ri,
479 1980 542 2035 et
584 1972 1038 2054 praedicatores
1081 1969 1284 2034 sancti
1317 1987 1332 2033 :
1367 1970 1476 2051 qui
1520 1968 1722 2032 instar
1761 1988 1877 2030 nu-
2064 1968 2208 2032 Ideo
2239 1968 2465 2031 asserit
2492 1969 2939 2048 Damascenu5‚
2960 1970 3123 2034 libro
3151 1972 3470 2034 seeundo:

369 2070 546 2133 bium
579 2070 919 2134 elevantur
947 2090 985 2133 a
1015 2079 1204 2147 terra,
1241 2068 1414 2132 etad
1453 2067 1739 2131 coelestia
1767 2084 1877 2131 vo·
1983 2066 2160 2142 Quod
2205 2066 2451 2147 angelis
2508 2068 2633 2130 fuit
2677 2068 2883 2145 ruina,
2938 2069 3058 2133 hoc
3107 2069 3474 2132 hominibus

369 2170 524 2233 lant.
555 2169 711 2244 Quae
749 2187 952 2251 quum
986 2167 1226 2232 suerint
1257 2166 1413 2233 rivis
1443 2166 1772 2249 sapientiae
1802 2184 1874 2229 ac
1984 2174 2080 2229 est
2117 2183 2312 2229 mors.
2345 2165 2884 2240 Quemadmodum
2924 2167 3097 2231 enim
3139 2166 3348 2248 angeli
3387 2176 3477 2231 te-

367 2266 680 2331 doctrinae
720 2267 1004 2349 repletae,
1049 2275 1112 2330 et
1151 2264 1445 2349 supernis
1479 2263 1878 2328 charismati-
1983 2264 2325 2327 nebrarnm
2358 2264 2844 2329 immutabiliter
2866 2275 3127 2329 manent
3156 2266 3222 2328 in
3254 2266 3365 2330 illa
3392 2265 3479 2329 af-

369 2366 486 2429 bus
518 2366 979 2443 redundantes»,
1001 2365 1199 2428 verba
1228 2363 1651 2447 sapientialia,
1677 2364 1877 2426 instar
1985 2361 2263 2426 sectione
2309 2371 2374 2426 et
2418 2363 2772 2442 aversione,
2815 2362 2883 2426 in
2928 2384 3058 2447 qua
3104 2373 3287 2428 erant
3333 2383 3478 2447 pec-

369 2467 708 2544 stillarum,
759 2464 1170 2528 audientibus
1219 2462 1524 2538 influunt,
1577 2472 1640 2526 et
1685 2462 1876 2527 corda
1983 2462 2209 2539 cando,
2243 2470 2307 2524 et
2335 2462 2691 2527 corruendo
2721 2480 2796 2525 ex
2828 2463 3022 2544 coelo;
3057 2462 3145 2527 ita
3171 2472 3235 2526 et
3263 2463 3479 2527 anima

367 2583 590 2627 eorum
633 2563 904 2643 irrigant
939 2582 1014 2627 ac
1053 2562 1432 2642 fecundant3
1465 2560 1738 2643 luceque
1779 2579 1875 2622 sa·
1978 2561 2218 2644 jugiter
2246 2570 2462 2625 manet
2490 2561 2556 2624 in
2587 2562 3008 2645 dispositione
3036 2571 3101 2626 et
3126 2562 3477 2627 affectione

369 2662 632 2746 pientiae
679 2661 774 2725 eis
823 2660 1057 2725 insusae
1109 2660 1475 2723 illuminant
1522 2658 1868 2742 proximOS‚
1982 2680 2110 2742 qua
2150 2660 2412 2724 recessit
2454 2679 2493 2722 a
2534 2680 2801 2744 corpore
2845 2661 3001 2725 hora
3042 2661 3287 2725 mortiS.
3321 2661 3476 2725 Nam

22 2798 24 2807 ι
125 2778 341 2831 animm,
367 2762 542 2844 juxta
577 2760 740 2823 illud
772 2758 840 2821 in
869 2757 986 2822 Job
1021 2776 1036 2820 ε
1069 2758 1278 2821 Nubes
1317 2764 1622 2839 spargunt
1653 2755 1871 2818 lumen
1983 2768 2113 2823 tota
2152 2759 2287 2822 haec
2324 2759 2456 2823 vita
2488 2767 2551 2822 et
2589 2768 2720 2823 tota
2755 2761 2897 2841 ejus
2934 2758 3207 2837 duratio,
3239 2768 3337 2823 est
3372 2760 3477 2825 via

369 2879 556 2922 suum
586 2875 770 2940 :quae
801 2858 1076 2920 lustrant
1104 2862 1332 2919 cuncta
1363 2874 1475 2937 per
1505 2854 1866 2931 circuitum,
1981 2868 2044 2921 et
2074 2858 2500 2941 peregrinatio
2531 2858 2607 2920 ad
2641 2857 2917 2921 futuram
2946 2876 2960 2921 :
2986 2857 3172 2939 cujus
3202 2858 3323 2923 viae
3350 2866 3477 2922 ter-

367 2976 780 3040 quocumque
822 2975 930 3020 eas
975 2955 1270 3019 voluntas
1307 2953 1724 3033 gubernantis
1758 2953 1873 3016 du·
1981 2956 2195 3018 minus
2234 2974 2408 3019 mors
2436 2964 2552 3019 est.
2588 2956 2825 3019 ideirco
2865 2965 3007 3039 post
3043 2966 3313 3020 mortem
3344 2975 3473 3021 non

365 3056 552 3131 aierit,
577 3055 659 3119 ad
690 3073 880 3119 omne
911 3054 1084 3137 quod
1115 3052 1488 3136 praeceperit
1521 3051 1650 3114 illis
1678 3070 1872 3133 super
1900 3049 1945 3114 C
1980 3062 2197 3117 manet
2240 3061 2439 3116 status
2478 3062 2586 3117 aut
2627 3054 2875 3117 duratio
2921 3054 3327 3137 promerendi
3367 3062 3477 3117 aut

367 3155 600 3219 faciem
633 3154 830 3219 orbis·
851 3162 1188 3229 terrarum,
1223 3151 1360 3215 sive
1399 3149 1468 3213 in
1508 3169 1634 3213 una
1673 3148 1867 3226 tribu,
1980 3151 2366 3232 demerendi.
2383 3152 2507 3215 Nec
2536 3152 2815 3215 damnati
2849 3172 3131 3235 unquam
3161 3152 3477 3236 poenitent

365 3255 502 3320 sive
535 3255 606 3317 in
639 3262 808 3317 terra
847 3271 984 3328 sua,
1019 3250 1155 3315 sive
1184 3250 1252 3312 in
1292 3268 1700 3332 quocumque
1733 3248 1876 3313 loeo
1980 3252 2059 3315 de
2107 3250 2239 3313 suis
2284 3250 2586 3333 peccatiS‚
2634 3251 2700 3314 in
2742 3260 3056 3333 quantum
3101 3251 3343 3316 fuerint
3382 3251 3477 3316 of·

367 3352 828 3417 misericordiae
856 3369 989 3414 suae
1017 3368 1123 3413 eas
1161 3348 1424 3431 jusserit
1455 3347 1752 3411 inveniri.
1787 3348 1874 3411 De
1981 3349 2233 3414 fensiva
2264 3348 2839 3432 inhonorativaque
2878 3350 3021 3431 Dei3
3056 3370 3173 3415 nec
3204 3350 3475 3434 cupiunt

135 3474 314 3529 ηιμ,
367 3452 608 3535 quibus
648 3450 938 3532 loquitur
975 3448 1166 3511 isaias
1202 3466 1216 3510 :
1252 3446 1368 3522 Qui
1409 3455 1560 3510 sunt
1595 3447 1722 3524 isti,
1759 3446 1868 3528 qui
1981 3469 2120 3514 esse
2150 3470 2296 3514 cum
2327 3450 2453 3515 Deo
2484 3469 2559 3513 ex
2587 3449 2803 3532 aliquo
2834 3451 2975 3532 ejus
3005 3468 3240 3527 amore,
3266 3448 3369 3512 vel
3394 3450 3475 3513 ad

369 3560 434 3613 ut
477 3548 690 3613 nubes
727 3549 982 3613 volant?
1013 3546 1290 3622 Quarum
1329 3544 1636 3629 pluviam,
1671 3544 1734 3609 id
1774 3553 1868 3610 est
1981 3549 2234 3612 laudem
2285 3556 2347 3611 et
2403 3548 2668 3629 gloriam
2718 3548 2877 3630 ejuS.
2929 3548 3061 3610 lmo
3116 3565 3363 3609 summe
3412 3556 3477 3611 et

369 3648 728 3713 doctrinam
772 3655 838 3709 et
875 3645 1420 3729 praedicationem,
1463 3644 1621 3707 Deus
1659 3642 1868 3707 aufert
1985 3646 2409 3711 ineffabiliter
2447 3648 2673 3711 odiunt
2711 3648 2931 3723 Deum,
2965 3652 3029 3709 et
3067 3645 3475 3709 inaestimabi-

369 3746 662 3829 ingratiS,
699 3744 1238 3828 quemadmodum
1270 3744 1335 3806 in
1365 3742 1523 3806 isaia
1551 3750 1818 3805 testatur
1849 3760 1864 3806 :
1982 3745 2128 3808 liter
2159 3745 2448 3808 invident
2476 3745 2695 3826 gloriae
2722 3744 2885 3827 ejus.
2912 3744 3031 3808 Sed
3060 3752 3372 3826 quantum
3404 3744 3471 3806 in

129 3857 340 3913 muas.
369 3844 684 3909 Mandabo
729 3843 1038 3919 nubibus,
1089 3862 1170 3905 ne
1218 3841 1442 3924 pluant
1492 3859 1683 3924 super
1725 3860 1868 3905 eam
1981 3843 2140 3927 ipsis
2180 3852 2298 3918 est,
2340 3850 2647 3925 cuperent
2684 3844 3069 3907 internaliter
3115 3840 3245 3904 frui
3281 3840 3471 3904 rebus

371 3942 670 4006 imbrem.
701 3941 884 4005 Unde
913 3949 976 4004 et
1015 3940 1082 4003 in
1125 3940 1384 4004 Actibus
1423 3938 1866 4021 Apostolorum
1979 3941 2209 4006 creatis
2246 3940 2525 4019 caducis,
2557 3940 2792 4022 quibus
2833 3942 2898 4004 in
2938 3942 3058 4005 hac
3096 3941 3228 4007 vita
3265 3938 3475 4002 finali-

113 4054 342 4129 μιηο,
369 4042 462 4106 sic
509 4040 795 4121 legitur:
829 4039 1039 4104 Vetati
1088 4047 1239 4101 sunt
1284 4038 1542 4119 (Paulus
1575 4046 1640 4100 et
1668 4037 1796 4119 sui)
1834 4056 1870 4100 a
1979 4048 2076 4103 ter
2124 4039 2534 4114 inhaeserunt,
2582 4047 2647 4101 et
2693 4038 2758 4100 in
2810 4057 3079 4120 quarum
3130 4038 3474 4102 libidinoso

1980 4156 2195 4201 amore
2255 4144 2655 4201 recesserunt
2712 4156 2749 4199 a
2800 4155 3087 4219 corpore.
3146 4137 3476 4200 Verumta-

1901 4236 1952 4299 D
1979 4254 2149 4311 men,
2203 4236 2270 4297 in
2335 4242 2643 4316 quantum
2702 4252 2841 4297 esse
2898 4252 3045 4297 cum
3100 4234 3248 4311 Deo,
3307 4242 3477 4297 esset

1980 4334 2295 4411 damnatis
2321 4334 2533 4398 evasio
2566 4341 3023 4397 tormentorum
3056 4331 3477 4409 suorum,for-

1980 4432 2147 4495 sitan
2196 4431 2437 4497 vellent
2485 4451 2623 4495 esse
2673 4451 2819 4495 cum
2866 4450 2964 4495 eo.
3009 4430 3169 4494 Hinc
3216 4449 3475 4513 quoque

1979 4530 2209 4595 asserit
2248 4530 2641 4610 Augustinus
2674 4548 2688 4592 ε
2723 4531 2789 4593 In
2836 4548 2965 4613 quo
3010 4548 3330 4612 quemque
3376 4530 3474 4591 in-

1977 4628 2229 4693 venerit
2264 4649 2418 4692 suus
2458 4628 2845 4694 novissimus
2884 4628 3044 4707 dies,
3078 4628 3144 4691 in
3174 4628 3295 4692 boc
3322 4647 3469 4692 eum

1979 4728 2477 4811 comprehendet
2532 4728 2756 4790 mundi
2812 4727 3199 4794 novissimus
3255 4726 3391 4790 dies
3450 4745 3465 4790 ε

1981 4828 2286 4910 quoniam
2329 4826 2539 4910 qualis
2583 4826 2647 4889 in
2696 4826 2801 4891 die
2840 4826 2957 4890 hoc
3000 4826 3291 4904 moritur,
3324 4824 3472 4888 talis

365 4932 462 4988 est
513 4924 590 4985 ad
645 4922 937 4985 ardorem
986 4920 1151 4985 Solis
1197 4920 1484 5002 justitiae‚
1523 4924 1602 4987 ad
1651 4942 1873 4987 nume-

369 5042 534 5098 rum,
607 5028 856 5103 partem
922 5027 1118 5101 atque
1181 5020 1572 5083 consortium
1639 5022 1871 5086 electo-

369 5140 538 5198 rum,
577 5121 718 5181 sive
755 5122 845 5180 ad
871 5120 1268 5199 aquilonem,
1299 5118 1365 5181 id
1408 5128 1503 5182 est
1545 5120 1623 5183 ad
1668 5120 1874 5201 frigus

371 5218 761 5304 iniquitatiS,
821 5226 887 5280 et
951 5218 1030 5280 ad
1097 5216 1382 5281 caritatis
1443 5218 1872 5283 omnimodam

375 5318 896 5397 exstinctionem,
927 5316 1102 5381 etad
1142 5324 1389 5401 partem
1427 5334 1500 5379 ac
1537 5334 1873 5381 numerum

1981 4924 2047 4987 in
2080 4925 2193 4989 illo
2219 4923 2632 5006 judicabitur.
2654 4924 2728 4986 Et
2758 4923 3086 4986 Psalmista
3110 4943 3125 4988 ε
3150 4924 3283 4988 Non
3312 4941 3473 4986 mor·
3554 4937 3760 4992 Pauus,

1983 5022 2074 5086 tui
2127 5022 2475 5085 laudabunt
2522 5030 2605 5097 te,
2656 5022 2939 5097 Domine,
2993 5040 3202 5103 neque
3247 5039 3469 5084 omnes
3500 5001 3566 5044 ¹⁷·

1979 5120 2093 5203 qui
2136 5120 2533 5183 descendunt
2579 5118 2646 5181 in
2696 5118 3044 5181 infernum.
3090 5119 3167 5181 Et
3214 5126 3469 5181 sanctus

1981 5219 2097 5283 Job
2129 5236 2144 5280 :
2179 5217 2357 5281 Viam
2408 5217 2671 5298 (inquit)
2713 5236 2826 5301 per
2871 5235 3061 5299 quam
3101 5234 3227 5281 non
3270 5234 3471 5282 rever·
3510 5231 3757 5283 mnus.

1983 5324 2100 5395 tar,
2147 5315 2427 5381 ambulo.
