4284 6267
1134 522 1485 570 ENARRATIO
1527 522 1591 569 m
1632 523 1771 570 GAP.
1818 524 1839 569 1
1878 523 2311 571 zccmslAS‘rAE.
2359 544 2438 555 -
2479 525 2620 571 ΛΒΤ.
2665 524 2688 570 1

3323 502 3442 565 215

334 692 445 757 bet
478 713 558 757 ex
587 693 1163 757 circumvolutione
1192 692 1386 775 primi
1417 693 1698 770 mobilis,
1732 712 1849 757 suo
1877 693 1928 754 A
1958 713 2104 758 mox
2163 713 2384 757 rursus
2441 692 2671 777 incipit
2729 694 3070 756 declinare.
3121 692 3246 753 Aut-
3302 688 3442 752 ideo

336 789 589 873 impetu
634 810 851 853 secum
895 791 1205 873 rapientis
1248 800 1312 855 et
1348 791 1849 856 circummoven-

340 888 421 951 tis
468 888 757 970 sphaeras
798 888 1136 953 inferiores
1174 910 1323 953 cum
1366 890 1497 953 suis
1530 891 1849 954 sideribus

336 996 402 1050 et
436 988 753 1069 planetis;
774 1000 835 1050 ec
863 992 1118 1058 occidit,
1145 990 1589 1054 descendendo
1621 990 1702 1052 ab
1735 1007 1850 1052 axe

340 1086 505 1169 poli,
539 1098 601 1147 et
650 1090 741 1148 ad
791 1092 997 1149 locum
1042 1110 1261 1161 suum,
1296 1089 1595 1153 videlicet
1635 1088 1849 1151 orien-

344 1194 503 1261 tem,
537 1190 934 1259 revertitur;
970 1189 1189 1267 ibique
1238 1208 1596 1256 renascens,
1642 1187 1705 1249 id
1754 1194 1851 1248 est

346 1284 587 1347 iterum
622 1285 811 1349 nobis
839 1284 1051 1348 oriens
1080 1294 1145 1349 et
1174 1304 1509 1368 apparens,
1518 1296 1717 1364 yyrat
1734 1306 1852 1362 per

347 1386 728 1454 meridiem,
775 1383 839 1446 id
894 1392 1014 1461 est,
1067 1384 1524 1447 circumeundo
1574 1382 1852 1447 declinat

346 1500 575 1543 versus
607 1490 825 1564 partes
854 1482 1163 1545 australes
1194 1491 1257 1545 et
1286 1482 1363 1545 ad
1394 1482 1611 1564 polum
1645 1490 1853 1543 antar-

346 1582 611 1659 cticum,
640 1582 991 1663 prasertim
1024 1582 1089 1645 in
1122 1582 1351 1658 hieme,
1384 1590 1447 1645 et
1479 1590 1650 1644 tanto
1679 1580 1848 1662 pluS‚

349 1690 595 1762 quanto
626 1680 765 1743 dies
797 1689 948 1742 sunt
979 1681 1340 1759 breviores3
1372 1690 1434 1740 et
1459 1682 1852 1757 flectiturad

348 1782 754 1859 aquilonem,
789 1779 1111 1842 redeundo
1150 1779 1229 1841 ad
1269 1778 1603 1842 orientem.
1634 1779 1852 1859 Itaque

1958 792 2192 855 dicitur
2239 793 2333 856 sol
2379 794 2446 857 in
2493 793 2768 857 circulos
2813 811 2964 855 suos
3004 789 3259 866 reverti,
3292 788 3444 870 quia

1960 892 2338 955 (secundum
2366 893 2769 956 Ptolemaeum
2799 898 2864 954 et
2900 889 3090 969 alios)
3117 888 3212 951 sol
3243 887 3447 951 circu-

1962 990 2055 1054 los
2086 990 2279 1054 habet
2310 993 2548 1074 plureS‚
2585 990 2651 1052 in
2681 989 2915 1071 quibus
2943 996 3256 1063 movetur,
3291 994 3446 1069 puta

1960 1098 2342 1170 aequantcm,
2374 1090 2754 1172 epicyclum,
2772 1096 2963 1168 atque
2991 1084 3444 1161 eccentricum,

1961 1188 2126 1251 sicut
2165 1190 2244 1251 de
2281 1188 2402 1252 hoc
2441 1186 2800 1268 Albategni,
2837 1185 3210 1248 Albumasar
3239 1191 3303 1247 et
3333 1183 3446 1245 alii

1962 1288 2252 1351 scribunt
2281 1286 2614 1349 diffusius.

2040 1386 2232 1448 Porro
2263 1386 2637 1465 (secundum
2679 1383 2976 1446 Albinum
3026 1390 3088 1446 et
3135 1381 3450 1462 Glossam)

1962 1484 2259 1548 Salomon
2318 1484 2514 1546 solem
2579 1482 2867 1546 nominat
2925 1481 3242 1563 spiritum,
3295 1500 3450 1561 quo—

1963 1583 2136 1646 niam
2166 1582 2427 1658 animat,
2465 1582 2736 1664 inspirat
2767 1590 2829 1644 et
2859 1579 3154 1644 vivificat
3192 1579 3450 1644 inferio-

1962 1701 2052 1759 ra,
2086 1682 2153 1744 id
2197 1690 2312 1757 est,
2351 1700 2464 1764 per
2501 1681 2739 1755 lumen,
2781 1688 3024 1742 motum
3065 1686 3130 1741 et
3170 1676 3452 1741 influen-

1962 1781 2114 1843 tiam
2151 1800 2354 1857 suam,
2380 1788 2599 1844 causat
2626 1779 2692 1841 in
2723 1778 3112 1841 animalibus
3140 1786 3206 1840 et
3232 1777 3450 1839 mixtis

350 1878 467 1951 sol,
504 1877 619 1959 qui
660 1877 739 1939 ad
771 1878 1249 1960 producendum
1282 1877 1451 1940 diem
1483 1876 1851 1939 hominibus
1890 1879 1935 1939 B
1963 1878 2444 1955 animationem,
2478 1877 2892 1960 spirationem
2931 1884 2994 1939 et
3021 1875 3240 1940 vitam.
3271 1874 3449 1949 Quod

352 1978 539 2039 datus
588 1984 711 2053 cst,
746 1984 810 2037 et
855 1975 934 2037 ad
982 1974 1109 2037 alia
1157 1976 1509 2049 commoda,
1544 1994 1659 2037 suo
1710 1983 1853 2039 ortu

354 2085 417 2139 et
444 2094 681 2139 occasu
719 2072 1011 2155 quotidie
1046 2071 1292 2156 lapsum
1323 2082 1384 2136 et
1412 2072 1853 2138 alterationem

354 2174 581 2237 mundi
622 2172 953 2236 inferioris
991 2180 1303 2235 monstrat
1339 2179 1401 2233 et
1445 2180 1663 2234 causat
1696 2189 1709 2233 τ
1742 2172 1854 2253 qui

356 2293 471 2355 per
501 2272 760 2336 abditas
797 2271 934 2335 vias
964 2270 1044 2333 ab
1074 2269 1405 2334 occidente
1447 2270 1515 2332 in
1547 2270 1853 2333 orientem

358 2371 741 2452 regreditur,
784 2369 1165 2452 expletoque
1214 2368 1453 2431 circulo
1500 2387 1638 2444 suo,
1673 2369 1856 2449 quasi

356 2472 437 2533 de
468 2470 753 2533 thalamo
784 2486 988 2532 novus
1018 2466 1322 2546 exsurgit.
1355 2466 1529 2539 Quod
1562 2465 1858 2531 Salomon

361 2569 503 2631 ideo
556 2566 784 2648 tangit,
819 2574 891 2628 ut
935 2566 1161 2629 doceat
1211 2583 1347 2640 neS,
1400 2564 1859 2629 variationibus

362 2676 748 2748 temporum,
780 2671 845 2727 et
878 2672 1020 2727 ortu
1067 2681 1427 2744 occasuque
1465 2662 1619 2726 solis
1662 2682 1735 2725 ac
1778 2663 1861 2725 si-

359 2766 608 2841 derum,
642 2764 839 2826 vitam
874 2762 1001 2825 labi
1035 2761 1405 2838 humanam,
1439 2770 1502 2824 et
1532 2780 1861 2825 senescere

360 2862 711 2937 hominem,
764 2862 917 2924 dum
978 2878 1107 2923 non
1168 2868 1414 2942 pensat.
1470 2859 1709 2941 Nempe
1762 2860 1861 2941 (ut

362 2962 738 3026 Aristoteles
768 2960 1026 3042 probat)
1049 2959 1143 3023 sol
1170 2967 1345 3021 motu
1378 2977 1491 3020 suo
1523 2958 1589 3019 in
1618 2958 1860 3022 circulo

360 3061 651 3143 obliquo,
689 3060 753 3122 id
793 3068 889 3123 est
926 3058 1208 3134 zodiac0,
1242 3076 1434 3120 causa
1462 3065 1559 3119 est
1586 3056 1863 3120 alterati-

362 3162 525 3237 onis,
558 3158 999 3241 generationis
1044 3164 1109 3219 et
1156 3155 1585 3237 corruptionis
1636 3154 1703 3217 in
1746 3156 1864 3219 ele-

362 3258 597 3323 mentis
630 3266 696 3320 et
724 3256 966 3320 mixtis.
990 3254 1264 3336 Obliqua
1295 3253 1534 3316 etenim
1566 3253 1737 3316 linea
1768 3263 1865 3317 est

362 3376 519 3421 zona
548 3354 797 3420 zodiaci
835 3353 1086 3430 circuli,
1124 3371 1239 3435 per
1268 3370 1460 3433 quam
1501 3370 1727 3415 cursus
1768 3360 1865 3414 est

363 3457 541 3521 solis.
564 3455 813 3520 Idcirco
844 3452 1121 3516 brumali
1146 3450 1240 3531 (id
1270 3459 1368 3513 est
1395 3450 1687 3532 hiemali)
1714 3458 1867 3513 tem·

366 3575 517 3638 pore
547 3555 632 3617 ad
672 3551 1001 3628 australia,
1040 3550 1105 3613 id
1145 3558 1243 3613 est
1270 3549 1349 3611 ad
1381 3549 1739 3625 meridiem,
1772 3550 1867 3611 di-

365 3674 521 3719 vexo
557 3651 815 3715 tramite
847 3648 1052 3729 vergit
1080 3648 1197 3723 sol,
1220 3656 1283 3710 et
1310 3648 1523 3711 denuo
1554 3647 1619 3709 in
1651 3656 1865 3711 aestate

364 3755 443 3817 ad
488 3750 805 3826 borealia,
849 3749 912 3811 id
953 3756 1051 3812 est
1093 3745 1483 3829 aquilonem,
1522 3764 1590 3809 se
1636 3745 1861 3824 flectit,

366 3872 447 3915 ne
502 3851 641 3915 sole
698 3867 829 3912 uno
889 3848 1079 3911 modo
1138 3855 1458 3922 currente,
1512 3844 1639 3908 alia
1694 3845 1867 3908 calor

366 3955 799 4025 consumeret,
849 3946 975 4010 alia
1026 3945 1229 4024 frigus
1281 3945 1653 4008 destrueret.
1706 3944 1867 4007 Hinc

368 4048 669 4111 subditur
702 4063 717 4107 ε

450 4150 799 4212 Lustrans,
848 4142 914 4205 id
964 4150 1062 4205 est
1112 4140 1509 4217 illuminem,
1562 4142 1867 4202 universa

1965 1978 2156 2040 etiam
2197 1995 2464 2057 magnus
2510 1975 2866 2057 DionysiuS,
2906 1981 3134 2054 quarto
3170 1974 3451 2056 capitulo

1964 2077 2043 2139 de
2074 2074 2322 2138 Divinis
2355 2074 3170 2154 nominibuS,protestatur.
3195 2072 3456 2155 Propter

1966 2175 2135 2256 quod
2165 2174 2257 2236 ait
2285 2171 2720 2254 PhilosophuS,
2755 2170 2928 2253 quod
2969 2170 3158 2233 homo
3195 2178 3456 2251 generat

1966 2272 2318 2347 hominem,
2366 2278 2428 2333 et
2469 2270 2562 2333 sol
2610 2286 2624 2331 :
2669 2269 2859 2332 homo
2907 2276 3212 2350 tanquam
3260 2289 3454 2351 agens

1966 2370 2376 2454 particulare,
2412 2368 2504 2431 sol
2546 2376 2851 2448 tanquam
2897 2385 3090 2448 agens
3129 2368 3457 2432 universa-

1968 2472 2050 2533 le.
2070 2469 2521 2533 Verumtamen
2555 2466 2616 2529 S.
2635 2466 3054 2549 Hieronymus
3087 2466 3256 2529 circa
3284 2468 3455 2532 hunc

1970 2570 2181 2633 locum
2222 2568 2312 2629 ait
2347 2587 2360 2631 :
2399 2567 2610 2648 lpsum
2655 2564 2854 2628 solem
2903 2565 3202 2646 spiritum
3247 2570 3455 2631 nomi-

1970 2676 2099 2745 nat,
2134 2666 2306 2747 quod
2335 2663 2632 2727 animalis
2668 2664 2771 2738 sit,
2806 2672 2870 2724 et
2901 2662 3101 2745 spiret
3128 2672 3190 2727 et
3223 2666 3452 2745 vigeat..

1970 2765 2275 2842 Quocirca
2303 2763 2505 2826 multa
2531 2771 2595 2825 et
2623 2778 2852 2841 magna
2881 2769 3096 2843 posset
3122 2760 3457 2844 inquisitio

1972 2863 2139 2928 fieri.
2176 2864 2260 2925 De
2302 2862 2424 2924 hoc
2473 2868 2704 2935 tamen,
2737 2876 2820 2920 an
2861 2876 3131 2940 corpora
3174 2859 3462 2926 coelestia

1972 2964 2101 3027 sint
2126 2960 2426 3034 animata,
2453 2959 2518 3021 B.
2546 2957 2962 3039 Hieronymus
2993 2977 3184 3040 super
3211 2960 3454 3039 isaiam,

1898 3062 1941 3125 C
1971 3061 2271 3143 ambigue
2311 3056 2614 3139 loquitur,
2649 3065 2711 3119 et
2747 3055 2950 3137 magis
2990 3057 3070 3118 ad
3110 3056 3229 3120 hoc
3268 3059 3462 3122 decli-

1974 3181 2126 3225 nare
2169 3158 2439 3235 videtur,
2473 3157 2645 3238 quod
2686 3174 2836 3220 non.
2876 3154 3266 3235 Augustinus
3308 3176 3460 3221 vero

1966 3279 2166 3349 ‘super
2195 3255 2489 3321 Genesim
2520 3256 2598 3317 ad
2629 3255 2929 3331 litteram,
2967 3261 3029 3316 et
3066 3253 3130 3315 in
3174 3254 3462 3318 Enchiri-

1972 3360 2122 3423 dion
2161 3356 2316 3420 dicit
2345 3355 2424 3417 de
2452 3353 2570 3416 hac
2601 3372 2668 3416 re
2696 3370 2834 3415 esse
2861 3353 3168 3432 grandem
3202 3361 3264 3416 et
3289 3354 3462 3417 abdi-

1973 3466 2103 3520 tam
2154 3453 2585 3535 quaestionem,
2622 3469 2763 3532 quae
2803 3468 2920 3513 nec
2970 3448 3307 3513 refutanda
3351 3452 3455 3529 sit,

1974 3571 2310 3637 quousque
2349 3550 2594 3612 falsitas
2627 3548 2766 3629 ejus
2805 3548 3042 3611 certius
3081 3548 3456 3629 innotescat,

1976 3673 2093 3717 nec
2122 3649 2531 3732 acceptanda,
2555 3648 2758 3710 donec
2787 3647 2927 3727 ejus
2961 3646 3191 3709 veritas
3227 3648 3460 3712 clarius

1975 3754 2328 3823 elucescat;
2378 3764 2574 3827 seque
2615 3744 2961 3825 ambigere,
3002 3762 3086 3806 an
3125 3745 3204 3807 ad
3251 3746 3463 3811 Beato-

1976 3869 2117 3912 rum
2158 3855 2220 3910 et
2268 3844 2638 3926 angelorum
2687 3842 3054 3905 societatem
3104 3843 3465 3925 pertineant

1976 3948 2071 4011 sol
2112 3954 2175 4009 et
2205 3945 2378 4019 luna,
2414 3961 2485 4004 ac
2516 3950 2728 4005 cetera
2770 3948 2960 4003 astra.
2995 3940 3197 4003 Rabbi
3226 3942 3464 4026 Moyses

1976 4064 2128 4109 vero
2165 4041 2392 4106 asserit
2435 4056 2699 4121 corpora
2737 4038 3020 4102 coelestia
3059 4058 3198 4102 esse
3227 4040 3468 4103 anima-

1976 4152 2060 4220 ta,
2085 4151 2150 4205 et
2178 4140 2533 4204 Creatorem
2564 4156 2748 4199 suum
2785 4136 3168 4200 sublimibus
3198 4139 3465 4202 canticis

371 4244 755 4329 corporalia,
791 4242 953 4305 lucis
992 4260 1123 4304 sum
1160 4240 1438 4323 capacia,
1474 4242 1545 4301 in
1585 4242 1867 4301 circuitu
1900 4247 1950 4308 D
1978 4261 2117 4306 esse
2155 4235 2481 4301 laudantia
2513 4252 2528 4297 ε
2565 4235 2736 4317 quod
2780 4234 3066 4297 affirmat
3108 4254 3185 4298 cx
3222 4236 3360 4318 lege
3404 4246 3466 4301 et

375 4344 599 4409 mundi
662 4340 1011 4417 inferioris,
1062 4348 1128 4403 et
1182 4338 1570 4421 sphaerarum
1621 4339 1741 4400 sub
1800 4357 1869 4401 se

374 4450 845 4517 contentarum,
896 4440 1134 4516 pet-92⁶8,
1184 4437 1247 4498 id
1298 4446 1417 4513 est,
1470 4445 1762 4501 movetur
1806 4444 1871 4499 et

375 4540 625 4614 circuit,
656 4540 962 4618 spiritus,
994 4536 1059 4597 id
1098 4544 1195 4598 est
1234 4536 1350 4605 sol,
1384 4544 1443 4594 et
1482 4537 1554 4597 in
1598 4537 1869 4597 circulos

374 4660 517 4701 suos
562 4637 941 4699 revertitur.
987 4632 1267 4714 Singulis
1320 4651 1597 4715 namque
1645 4633 1871 4696 diebus

376 4736 735 4817 completur
771 4752 846 4796 ac
896 4739 1177 4794 mutatur
1221 4731 1551 4795 circulatio
1596 4731 1772 4808 soliS‚
1808 4732 1871 4794 id

376 4844 471 4897 est
516 4830 855 4897 circularis
913 4828 1206 4893 circuitio
1249 4830 1411 4910 ejuS,
1462 4848 1591 4909 qua
1637 4829 1874 4911 jugiter

378 4932 579 5013 magis
616 4930 1010 5014 propinquat
1039 4928 1138 4991 vel
1167 4928 1245 4991 ad
1281 4928 1601 5009 tropicum
1632 4928 1875 4991 aestiva-

381 5032 527 5107 lem,
561 5038 675 5093 aut
703 5036 877 5093 certe
910 5027 989 5089 ad
1020 5025 1333 5108 tropicum
1367 5026 1728 5089 hiemalem.
1750 5025 1875 5089 Sic-

381 5149 504 5212 que
541 5130 697 5193 dum
744 5127 839 5189 sol
882 5124 1157 5188 maxime
1194 5123 1631 5199 declinaverit,
1659 5143 1874 5187 rursus

386 5247 496 5311 per
522 5228 785 5291 eosdem
816 5224 1093 5288 circulos
1140 5238 1250 5285 seu
1295 5230 1543 5285 meatus
1582 5222 1648 5285 in
1676 5224 1879 5286 zodia-

386 5346 459 5391 co
502 5324 816 5391 ascendit.
852 5323 930 5385 Et
967 5339 1168 5404 quum
1213 5339 1463 5385 summe
1496 5322 1874 5399 ascenderit,

1977 4336 2305 4419 Prophetis
2357 4333 2636 4417 probari.
2684 4332 2951 4395 Sanctus
3002 4351 3152 4397 vero
3196 4334 3465 4399 Basilius

1978 4447 2040 4502 et
2070 4437 2492 4499 Damascenus
2521 4432 2744 4495 dicunt
2773 4431 3033 4494 omnino
3063 4434 3466 4495 contrarium.

1979 4538 2252 4601 Thomas
2279 4541 2514 4609 autem,
2550 4530 2844 4613 quamvis
2886 4548 3078 4611 super
3117 4532 3462 4594 secundum

1981 4633 2451 4701 Sententiarum
2503 4631 2567 4693 in
2619 4630 2739 4693 hoc
2787 4627 3090 4690 Basilium
3134 4636 3196 4690 et
3251 4628 3470 4691 Dama-

1982 4752 2242 4797 scenum
2283 4737 2604 4812 sequatur,
2626 4736 2836 4790 tamen
2868 4726 2933 4788 in
2964 4726 3224 4789 Summa
3251 4734 3470 4790 contra

1980 4830 2274 4911 gentileS,
2312 4828 2378 4889 in
2410 4846 2537 4908 qua
2575 4824 3005 4904 magistralius
3044 4832 3234 4905 atque
3273 4823 3472 4886 subti-

1983 4932 2107 4993 lius
2144 4927 2454 5009 loquitur,
2488 4924 2642 4987 dicit
2683 4923 2762 4984 ad
2795 4922 3204 4985 christianam
3245 4921 3474 4999 Religi-

1982 5046 2171 5091 onem
2206 5044 2332 5088 non
2365 5021 2636 5086 differre
2663 5040 2780 5083 nec
2809 5018 3472 5102 pertinere‚quidquid

1984 5127 2211 5188 horum
2264 5122 2532 5185 dicatur.
2573 5119 2783 5182 Nihilo
2833 5119 3046 5181 minus
3095 5126 3251 5200 puto
3296 5136 3475 5180 secu-

1985 5224 2139 5296 riuS,
2174 5222 2253 5283 ad
2291 5220 2412 5283 hoc
2455 5217 2656 5297 magis
2687 5216 3026 5291 divertere,
3073 5224 3142 5279 ut
3181 5214 3478 5277 dicantur

1986 5318 2268 5383 animata
2297 5334 2426 5380 non
2457 5333 2618 5378 esse.
2655 5313 2776 5377 Sed
2805 5314 2885 5376 de
2912 5312 3034 5376 hoc
3063 5312 3168 5377 hic
3207 5321 3477 5376 tantum-
