4284 6267
578 1283 660 1326 Job
678 1299 811 1338 xxxiv,

852 494 968 556 148

1458 511 1806 559 ENARRATIO
1848 511 1911 559 [N
1952 511 2090 558 cAP.
2137 511 2292 558 xxm
2331 512 2816 561 Pnovnnmonmt.
2865 534 2944 544 -
2985 516 3126 562 ΛΒΤ.
3172 516 3330 562 xxm

846 692 1306 765 pensentur‚ne
1335 687 1412 748 de
1442 685 1534 748 eis
1563 684 1809 766 aliquid
1840 683 2200 747 inordinate
2229 692 2338 745 aut
2366 682 2417 745 A
2446 703 2590 746 nem
2632 693 2695 747 et
2741 684 3038 767 laqueum
3087 685 3349 748 diaboli.
3399 689 3529 748 Sed
3569 687 3944 763 prudenciae

846 781 1259 846 immoderate
1291 792 1589 846 sumatur.
1612 783 1840 864 Sicquc
1870 782 2073 846 culter
2104 784 2170 845 in
2201 790 2338 863 gut-

844 889 985 943 ture
1033 890 1129 944 est
1174 884 1529 964 ponenduS‚
1574 882 1637 946 id
1681 889 1796 960 est,
1838 890 2055 962 guttur
2104 882 2338 946 virtute

845 981 1301 1063 temperantiae,
1337 1001 1479 1063 quae
1520 982 1719 1044 instar
1747 981 1991 1044 cultelli
2035 980 2338 1044 rescindit

844 1078 1195 1160 superflua,
1229 1077 1684 1142 refrenandum
1732 1088 1827 1143 est
1875 1098 1912 1141 a
1958 1079 2340 1161 voluptuosa

843 1185 907 1238 et
934 1177 1157 1259 gulosa
1187 1179 1638 1242 alimentorum
1670 1177 2056 1260 acceptione.
2072 1177 2334 1259 Nempe,

844 1283 915 1337 ut
946 1276 1011 1337 in
1040 1276 1156 1339 Job
1187 1279 1495 1360 scriptum
1536 1287 1652 1354 est,
1684 1277 1913 1339 Guttur
1942 1295 2117 1339 escas
2144 1284 2336 1356 gustu

843 1373 1174 1456 dijudicat.
1228 1376 1398 1438 Istud
1447 1393 1597 1456 ergo
1643 1376 1955 1455 agendum
2003 1383 2120 1450 est,
2154 1376 2214 1434 si
2246 1384 2338 1434 ta-

847 1491 988 1532 men
1027 1475 1214 1533 habes
1250 1476 1325 1535 in
1352 1482 1660 1551 potestate
1696 1474 1990 1534 animam
2033 1481 2237 1540 tuam,
2271 1470 2335 1533 id

841 1577 957 1644 est,
993 1570 1045 1630 si
1080 1569 1323 1633 ratione
1352 1579 1417 1634 et
1456 1571 1690 1634 virtute
1716 1589 1853 1633 eam
1887 1588 2103 1650 regere
2132 1577 2333 1650 atque

841 1667 1186 1749 reprimere
1222 1677 1424 1751 potes.
1470 1668 1757 1732 Secundo
1805 1667 2145 1751 exponitur
2184 1668 2276 1730 sic
2313 1684 2326 1728 :

2448 792 2573 844 tuce
2612 803 2780 860 pone
2826 787 3110 857 modurn,
3153 803 3234 847 ne
3277 791 3558 847 vertatur
3599 784 3662 846 in
3707 783 3936 848 vitium

2445 882 2790 961 quaercndo
2831 881 3180 964 superflua.
3223 919 3303 928 —
3343 886 3439 944 Ne
3472 886 3683 960 eriyas
3723 887 3938 944 oculos

2451 990 2586 1040 ticos
2616 998 2692 1042 ex
2721 981 3026 1044 aviditate
3062 981 3458 1062 acquirendi,
3491 985 3579 1044 ad
3604 1003 3746 1061 opes
3771 1003 3938 1063 quas

2447 1081 2674 1139 habere
2703 1101 2828 1141 non
2856 1091 3056 1159 potes,
3077 1083 3235 1161 quia
3263 1083 3508 1158 facient
3537 1082 3661 1142 sibi
3683 1101 3938 1161 pennas

2447 1180 2638 1257 quasi
2682 1181 2949 1258 aquilae,
2977 1189 3037 1240 et
3084 1182 3392 1240 volabunt
3439 1182 3512 1240 in
3559 1183 3787 1242 coelum
3816 1179 3938 1242 :id

2446 1284 2563 1353 est,
2584 1296 2699 1339 sua
2726 1278 3122 1359 pretiositate
3147 1286 3320 1341 tuam
3351 1277 3673 1359 effugiunt
3698 1279 3942 1361 capaci-

2444 1383 2658 1452 tatem,
2695 1375 2862 1439 sicut
2895 1377 3111 1458 aquila
3141 1397 3256 1441 sua
3292 1377 3628 1441 velocitate
3655 1377 3826 1441 volat
3867 1378 3935 1439 in

2443 1472 2676 1553 altum3
2725 1483 2916 1556 atque
2973 1475 3053 1537 ad
3101 1475 3415 1539 Creatoris
3464 1476 3696 1538 cedunt
3741 1475 3940 1540 hono-

2445 1573 2725 1652 rem‚qui
2757 1592 2834 1636 ex
2864 1572 2997 1634 suis
3025 1573 3331 1636 creaturis
3358 1574 3716 1637 ostenditur
3742 1574 3939 1637 hono-

2443 1671 2700 1732 randus.
2751 1671 3088 1754 Potestque
3135 1673 3306 1735 istud
3363 1673 3442 1736 de
3491 1673 3934 1755 spiritualibus

842 1768 1111 1834 Quando
1147 1771 1383 1829 sederis
1426 1769 1504 1831 ad
1554 1788 1837 1832 mensam
1890 1767 2218 1849 sapientiae
2268 1775 2330 1828 et
2439 1768 2644 1851 accipi
2673 1769 2922 1851 opibuS,
2937 1779 3008 1832 ut
3037 1770 3284 1834 scilicet
3310 1771 3502 1835 homo
3527 1790 3932 1854 nequaquam

838 1883 1031 1928 sacrae
1060 1866 1422 1948 Scripturae,
1458 1867 1523 1928 id
1556 1876 1671 1944 est,
1706 1866 1974 1928 verbum
2016 1865 2124 1927 Dei
2155 1864 2329 1927 audi-
2363 1859 2411 1922 B
2439 1876 2779 1947 praesumat
2821 1869 3082 1931 Deitatis
3125 1879 3458 1950 penetrare
3504 1879 3764 1948 secreta,
3813 1889 3934 1934 nec

838 1963 986 2040 eriS,
1018 1973 1131 2027 aut
1157 1985 1349 2029 sacrae
1383 1965 1581 2028 fueris
1622 1965 1879 2028 lectioni
1919 1965 2223 2039 intentuS‚
2259 1973 2330 2024 ut
2437 1965 3112 2046 incomprehensibilia
3131 1968 3510 2050 perscrutari
3529 1977 3932 2044 conetur,nec

835 2067 1124 2124 eomedas
1152 2085 1297 2126 cum
1322 2067 1641 2142 principe,
1676 2065 1736 2126 id
1771 2072 1887 2140 est,
1922 2083 2067 2126 cum
2098 2063 2322 2145 praela-
2432 2064 2510 2125 ad
2541 2063 2997 2145 perfectionem
3027 2065 3356 2143 virtutum,
3391 2067 3932 2148 stabilitatemque

837 2168 900 2223 to
944 2181 1053 2224 seu
1098 2163 1356 2226 doctore
1398 2162 1707 2226 reficiaris
1749 2182 1940 2226 sensu
1982 2160 2319 2226 verborum
2433 2161 2642 2224 cordis
2675 2163 3024 2226 viatoribus
3055 2163 3518 2246 impossibilem
3557 2175 3821 2228 conetur
3862 2165 3928 2228 in

833 2259 1212 2338 coelestium,
1252 2265 1601 2338 diliyenter
1638 2265 1893 2322 attende
1934 2281 2077 2340 quae
2106 2261 2322 2336 posita
2431 2257 2550 2321 hac
2591 2260 2724 2324 vita
2766 2261 3148 2343 pertingere,
3184 2280 3382 2343 quum
3427 2263 3734 2346 scriptum
3786 2264 3869 2327 sit
3905 2281 3920 2322 ε

832 2367 1007 2427 sunt,
1041 2359 1104 2421 id
1143 2367 1241 2422 est
1287 2361 1687 2436 documenta,
1733 2366 2067 2442 praecepta,
2115 2357 2324 2420 consi-
2430 2357 2586 2430 Quia
2615 2359 2756 2441 plus
2790 2359 2943 2422 fecit
2969 2378 3162 2441 quam
3193 2361 3668 2442 potuitidcirco
3696 2361 3918 2444 periit3
3961 2387 4083 2431 Jer.
4105 2401 4249 2441 mm,

834 2455 921 2517 lia
959 2466 1021 2519 et
1060 2458 1348 2541 exempla
1386 2477 1529 2539 quae
1560 2459 1740 2521 audis
1780 2477 1892 2520 seu
1931 2456 2112 2538 legiS,
2149 2462 2220 2516 ut
2249 2473 2323 2517 ea
2429 2465 2492 2518 et
2533 2456 2689 2519 alibi
2723 2475 2736 2519 :
2771 2457 2907 2521 Noli
2949 2477 3090 2520 esse
3129 2459 3338 2541 justus
3383 2459 3676 2537 multum,
3711 2479 3922 2542 neque
3949 2452 4246 2566 {Ede-m,

574 2559 724 2607 Jacob·
746 2576 801 2616 w,
833 2552 1151 2635 intelligas
1182 2564 1245 2618 et
1274 2556 1592 2619 observes.
1614 2555 1851 2618 Scicnti
1876 2555 2050 2618 enim
2081 2555 2323 2616 bonum
2430 2554 2573 2636 plus
2603 2555 2811 2638 sapias
2841 2574 3032 2637 quam
3065 2565 3334 2639 oportet,
3367 2577 3448 2620 ne
3477 2557 3912 2640 obstupescas
3949 2579 4034 2619 ¹⁷.

540 2626 605 2668 ¹⁷⁸
831 2661 893 2715 et
921 2671 1050 2716 non
1081 2653 1366 2732 facienti,
1397 2663 1727 2737 peccatum
1766 2662 1862 2716 est
1901 2653 2020 2715 illi.
2055 2653 2132 2714 Et
2163 2652 2322 2714 Scri·
2509 2655 2608 2717 Ne
2635 2657 2925 2715 comedas
2959 2675 3106 2716 cum
3137 2659 3394 2716 homine
3429 2659 3681 2727 invido,
3721 2675 3914 2738 quem
4089 2673 4130 2726 6

829 2760 1016 2832 ptura
1061 2760 1359 2834 tanquam
1392 2772 1598 2816 sermo
1640 2761 1703 2814 et
1740 2752 2006 2835 epistola
2042 2751 2318 2834 Spiritus
2428 2751 2552 2814 scis
2584 2751 2773 2814 talem
2805 2771 2943 2814 esse
2973 2762 3035 2814 et
3066 2762 3126 2816 te
3164 2755 3377 2834 odire3
3409 2765 3469 2816 et
3497 2776 3577 2817 ne
3603 2758 3919 2816 desideres

829 2849 1064 2927 Sancti,
1094 2871 1239 2914 cum
1261 2851 1435 2915 omni
1466 2851 1798 2931 diligentia
1827 2859 1922 2913 est
1951 2850 2216 2930 legenda
2247 2868 2319 2912 ac
2425 2853 2593 2911 eibos
2617 2853 3126 2930 ejns;qu-oniam
3157 2855 3229 2913 in
3259 2856 3760 2916 similitudinem
3789 2857 3918 2915 ari·
4087 2869 4127 2923 7

825 2949 1163 3027 audienda,
1213 2959 1284 3013 ut
1331 2951 1679 3013 secundum
1729 2969 1867 3012 eam
1911 2950 2183 3013 vivatur.
2233 2951 2317 3010 Ec
2424 2951 2515 3008 oli
2542 2959 2602 3009 et
2627 2952 2998 3015 coniectoris
3026 2953 3303 3012 aestimat
3333 2957 3504 3033 quod
3531 2955 3828 3030 ignorat:
3849 2953 3914 3016 id

822 3057 1033 3109 statue
1058 3054 1365 3118 cultrum,
1399 3049 1463 3111 id
1496 3057 1592 3112 est
1620 3049 2067 3111 discretionem
2098 3066 2317 3130 super-
2349 3047 2392 3112 C
2425 3055 2540 3123 est,
2574 3049 2739 3109 sicut
2777 3047 3117 3126 divinator,
3149 3057 3214 3112 et
3249 3051 3362 3131 qui
3400 3051 3784 3132 conjecturis
3821 3051 3918 3114 in-

825 3145 960 3209 flua
1016 3157 1427 3224 resecantem,
1478 3150 1549 3208 in
1596 3157 1861 3226 ,quecure
1913 3158 2041 3219 cuc,
2097 3147 2161 3209 id
2217 3154 2312 3209 est

823 3243 888 3306 in
924 3245 1209 3308 interiori
1242 3247 1473 3329 palato,
1508 3265 1634 3327 quo
1673 3245 1940 3308 dulcedo
1972 3245 2313 3310 verborum

821 3344 931 3406 Dei
962 3345 1345 3428 percipitur3
1378 3345 1503 3422 vel,
1537 3346 1603 3407 ln
1642 3353 1899 3425 gutture
1945 3353 2077 3422 tuo,
2113 3344 2178 3406 id
2216 3352 2313 3407 est

823 3441 1161 3519 locutione,
1197 3462 1341 3525 quae
1378 3463 1491 3525 per
1526 3451 1744 3522 guttur
1786 3441 2119 3520 formatur,
2152 3461 2312 3524 qua—

2424 3154 2634 3208 'tentus
2675 3154 2790 3220 est,
2839 3154 2948 3209 aut
2990 3147 3237 3211 somnia
3280 3149 3559 3231 exponit,
3604 3169 3770 3232 saepe
3813 3169 3918 3213 su-

2422 3245 2706 3326 spicatur
2753 3253 2860 3307 aut
2917 3246 3143 3308 asserit
3197 3248 3368 3328 quod
3429 3266 3556 3310 non
3618 3249 3772 3329 scit3
3823 3249 3916 3312 sic

2423 3343 2776 3405 invidiosus
2809 3352 2987 3426 putat
3011 3344 3207 3408 variis
3236 3346 3442 3407 modis
3473 3364 3724 3424 nocere,
3744 3348 3915 3429 quod

2421 3449 2630 3502 tamen
2674 3442 3058 3524 quandoque
3105 3459 3231 3504 non
3280 3442 3444 3504 valet
3497 3443 3784 3525 implere.
3819 3444 3915 3508 Si-

554 3555 791 3607 soctan-n,
823 3549 1009 3603 tenus
1054 3560 1182 3604 non
1227 3541 1386 3606 velis
1437 3541 1579 3624 plus
1638 3560 1880 3623 sapere,
1927 3540 2312 3622 profundius
2421 3539 2658 3601 militer
2689 3558 2833 3601 cum
2873 3539 3188 3602 haereticis
3227 3549 3292 3603 et
3330 3539 3665 3604 fallacibus
3702 3543 3915 3607 docto—

529 3625 791 3730 {ffflmnss
820 3641 1228 3721 perscrutari,
1264 3639 1561 3703 subtilius
1605 3639 1781 3720 loqui
1822 3657 2018 3720 quam
2059 3641 2313 3722 expedit
2422 3637 2596 3699 ribus
2637 3657 2762 3699 non
2811 3645 2907 3700 est
2944 3639 3544 3701 communicandum
3588 3641 3655 3702 in
3693 3660 3917 3705 mensa

820 3746 884 3800 et
911 3757 1137 3820 capere
1166 3738 1685 3801 vales.Praeterea
1715 3738 2172 3820 praeinductam
2202 3757 2314 3800 au-
2420 3735 2766 3817 sapientiai,
2816 3735 2966 3816 quia
3006 3736 3362 3818 Scripturas
3410 3736 3566 3801 false
3606 3739 3916 3822 interpre-

817 3837 1169 3900 ctoritatem
1203 3835 1594 3918 Augustinus
1624 3836 1692 3898 in
1721 3836 1990 3917 quodam
2022 3855 2314 3898 sermone
2421 3842 2771 3911 tantur,aut
2795 3834 2874 3896 ad
2909 3833 3108 3896 finem
3134 3843 3500 3915 retorquent
3523 3855 3908 3918 perversum,

816 3935 1074 4016 exponit
1122 3936 1202 3998 de
1244 3955 1464 3998 mensa
1510 3934 1762 4010 Christi,
1799 3934 1864 3995 in
1909 3953 2036 4016 qua
2080 3953 2312 4016 corpus
2421 3934 2498 3996 de
2543 3932 2775 3994 futuris
2811 3950 3066 4016 quoque
3102 3935 3536 4015 pronosticare
3575 3947 3908 4018 usurpant.

815 4035 955 4115 ejus
986 4043 1048 4097 et
1080 4035 1337 4115 sanguis
1367 4041 1831 4116 proponuntur,
1864 4035 2132 4115 ejusque
2172 4053 2313 4116 pas·
2425 4035 2685 4093 Comede
2731 4041 2792 4092 et
2839 4033 2998 4101 bibe,
3045 4033 3212 4092 dicet
3271 4034 3413 4102 tibi,
3464 4031 3792 4097 invitando
3851 4043 3912 4098 te
3989 4077 3996 4082 -

814 4132 931 4209 sic,
967 4133 1231 4197 virtutes
1260 4142 1323 4195 et
1350 4151 1543 4214 opera
1574 4133 1919 4195 recitantur
1956 4150 1968 4193 :
2003 4151 2144 4212 quae
2177 4151 2311 4195 om·
2423 4129 2575 4192 sicto
2612 4147 2859 4208 amore;
2891 4139 2950 4190 ec
2987 4149 3164 4190 mens
3200 4131 3341 4208 ejus
3383 4151 3510 4191 non
3551 4142 3640 4193 est
3678 4143 3909 4205 cecum,

815 4231 921 4293 nia
951 4239 1098 4293 sunt
1127 4231 1615 4311 diligentissime
1642 4231 2049 4306 advertenda,
2086 4251 2160 4294 ac
2191 4249 2306 4313 pro
2339 4233 2386 4294 D
2418 4229 2483 4291 id
2527 4236 2624 4289 est
2666 4227 2780 4290 >tibi
2825 4226 3166 4308 conjuncta
3199 4247 3312 4309 per
3353 4247 3574 4291 verum
3616 4238 3679 4293 et
3721 4231 3909 4313 spiri-

814 4329 1061 4392 viribus
1119 4330 1447 4406 imitanda,
1508 4337 1570 4392 et
1632 4329 2042 4392 devotissime
2102 4331 2304 4392 susci·
2415 4326 2651 4390 tualem
2709 4344 3011 4388 amorem.
3081 4327 3258 4387 Cibos
3313 4347 3466 4406 quos
3521 4333 3905 4401 comederas,
4063 4344 4110 4399 8

814 4427 1067 4509 pienda.
2411 4446 2653 4487 evomes
2675 4425 2782 4487 :id
2813 4431 2930 4502 est,
2957 4442 3084 4486 non
3115 4425 3543 4503 commodum,
3563 4427 3668 4488 sed
3703 4427 3906 4508 magis

634 4537 669 4594 3
913 4531 1011 4589 Ne
1050 4529 1365 4588 desideres
1404 4531 1483 4588 de
1528 4528 1688 4587 cibis
1730 4529 1869 4602 ejus
1917 4529 1990 4588 in
2040 4549 2164 4607 quo
2213 4537 2303 4589 est
2411 4523 2818 4607 dispendium
2847 4542 2922 4585 ex
2951 4523 3338 4585 comestione
3360 4542 3504 4586 cum
3532 4523 3644 4586 illo
3667 4524 3902 4604 habita,

802 4627 1003 4702 panis
1044 4626 1370 4686 mendacii
1401 4625 1519 4687 :id
1562 4632 1679 4700 est,
1728 4643 1845 4687 nec
1888 4625 2303 4707 corporaliter
2411 4622 2852 4704 consequeris3
2885 4632 2944 4682 et
2983 4625 3207 4699 perdes
3241 4625 3546 4698 pulchros
3590 4643 3907 4686 sermones

814 4741 929 4786 nec
962 4723 1378 4805 spiritualiter
1398 4723 1617 4805 cupias
1643 4722 1825 4786 refici
1850 4722 1930 4785 ah
1953 4743 2043 4800 e0,
2065 4724 2177 4804 qui
2201 4723 2299 4786 vel
2413 4731 2575 4792 (nos,
2598 4722 2662 4784 id
2694 4729 2811 4798 est,
2834 4720 3111 4782 fructum
3143 4737 3270 4782 non
3293 4720 3557 4782 habebis
3586 4740 3663 4784 ex
3691 4722 3904 4786 verbis

813 4821 1103 4885 fallacem
1140 4822 1437 4904 proponit
1476 4822 1853 4898 doctrinam,
1889 4822 1990 4885 vel
2036 4821 2303 4884 alimen·
2413 4820 2634 4902 peritis
2685 4838 2796 4882 seu
2839 4817 3187 4881 caritativis
3234 4835 3376 4898 quae
3426 4817 3713 4882 habuisti
3755 4839 3901 4883 cum

810 4930 874 4985 ta
908 4921 1299 4986 mendaciter
1333 4929 1441 4983 aut
1472 4921 1709 5002 injuste
1748 4923 1974 5004 adepta
2006 4923 2204 4984 habet
2239 4931 2302 4984 et
2411 4918 2543 4995 tali,
2564 4918 2717 4999 quia
2745 4917 3022 4998 decipiet
3047 4925 3130 4992 te,
3157 4916 3211 4978 si
3243 4925 3467 4998 potest.
3493 4917 3654 4980 Deus
3685 4925 3899 4982 tamen

631 5023 667 5078 4
810 5021 1085 5084 exhibet.
1120 5057 1199 5066 —
1232 5021 1387 5084 Noli
1418 5023 1710 5080 laborare
1738 5031 1811 5080 ut
1840 5022 2070 5080 diceris
2108 5021 2175 5082 in
2207 5041 2304 5084 rc-
2411 5017 2656 5080 nullum
2703 5016 2943 5078 honum
2991 5016 3520 5078 irremuneratum
3567 5016 3894 5100 relinquit.

810 5118 929 5180 bus
960 5117 1226 5182 terrenis
1257 5118 1421 5180 ultra
1447 5118 1820 5200 qualitatem
1850 5126 1913 5180 et
1941 5118 2303 5201 dispositio·
2489 5122 2572 5178 In
2612 5117 2882 5176 auribus
2913 5115 3391 5190 insipientium,
3425 5131 3588 5194 quos
3627 5115 3750 5178 scis
3787 5123 3899 5179 aut
4043 5137 4092 5192 9

516 5233 778 5287 trimano.
810 5235 955 5279 nem
989 5217 1081 5280 tui
1111 5225 1309 5280 status
1347 5234 1361 5278 :
1394 5216 1567 5299 quia,
1591 5224 1661 5278 ut
1687 5217 1777 5278 ait
1805 5216 2164 5298 ApostoluS,
2184 5216 2303 5291 Qui
2409 5213 2717 5298 experiris
2760 5211 3228 5292 incorrigibiles
3269 5231 3430 5290 esse,
3463 5234 3545 5274 ne
3585 5218 3894 5294 loquaris,

807 5315 1032 5378 volunt
1072 5315 1303 5378 divites
1352 5314 1518 5393 fieri,
1553 5314 1844 5377 incidunt
1892 5314 1958 5376 in
2002 5315 2296 5378 tentatio-

2409 5333 2518 5378 eos
2554 5312 2840 5376 docendo
2879 5319 2990 5373 aut
3020 5311 3449 5394 increpand03
3490 5315 3649 5392 quia
3683 5317 3900 5392 despi-
