4284 6267
846 500 966 563 239.

1571 516 1925 563 ENARRATIO
1962 516 2027 563 IN
2068 516 2206 562 CAP.
2254 517 2316 563 tv
2355 516 2794 563 BchnslasTAE.
2841 538 2922 549 --
2961 518 3103 564 ΛΒΤ.
3149 518 3212 563 tv

848 706 1090 771 poenaS,
1133 689 1570 753 absolvuntur.
1613 688 1773 753 Sane
1817 689 2208 772 quicumque
2248 690 2337 754 vi-
2364 689 2417 751 A
2445 689 2689 753 sistere.
2722 690 3035 766 Secund0,
3069 697 3139 752 ut
3176 690 3534 753 introducat
3569 690 3702 753 haec
3740 689 3930 753 verba

846 787 1167 851 debuntur
1209 787 1648 852 incurabiliter
1689 808 1757 851 se
1798 789 2052 866 habere,
2086 789 2170 852 ob
2207 809 2338 851 ma-

845 886 1214 965 gnitudines
1254 887 1666 969 piaculorum,
1711 889 1824 951 hos
1861 889 2023 951 Deus
2062 888 2129 949 in
2169 906 2338 951 com-

844 992 1066 1065 petens
1102 986 1257 1067 jacit
1293 986 1685 1049 barathrum.

924 1083 1187 1166 Insuper
1228 1085 1599 1148 Aristoteles
1628 1085 1981 1148 clarissime
2011 1086 2218 1161 docet,
2246 1085 2336 1147 in-

846 1180 1179 1245 tellectum
1215 1168 1354 1245 esse
1386 1183 1873 1246 immaterialem
1913 1192 1976 1245 et
2013 1183 2336 1247 immorta-

845 1279 992 1357 lem,
1030 1288 1155 1343 tam
1198 1281 1383 1344 tertio
1421 1282 1501 1345 de
1534 1280 1781 1358 Anima,
1814 1300 2005 1363 quam
2049 1282 2214 1345 libro
2255 1283 2334 1345 de

848 1379 1269 1442 Animalibus
1303 1380 1557 1443 Proclus
1587 1399 1843 1462 quoque
1875 1380 2233 1445 Platonicus
2265 1380 2332 1442 in

848 1478 1351 1541 Elementatione
1386 1499 1499 1543 sua
1535 1479 1881 1560 theologica
1916 1480 2332 1543 subtilissime

845 1576 1375 1640 immortalitatem
1434 1579 1662 1642 animae
1720 1579 1965 1661 probat,
2027 1597 2104 1642 eo
2160 1581 2330 1661 quod

844 1693 1032 1739 omne
1074 1676 1517 1741 conversivum
1559 1679 1635 1741 ad
1680 1696 1746 1740 se
1794 1678 2027 1760 ipsum,
2067 1686 2131 1741 et
2170 1678 2334 1741 redi-

842 1774 1044 1839 tivum
1092 1794 1165 1838 ac
1206 1774 1581 1840 reflexivum
1634 1794 1825 1857 super
1862 1776 2193 1859 proprium
2233 1796 2334 1840 ac-

2446 806 2520 850 ex
2551 790 2863 851 sententia
2893 788 3172 871 propria,
3207 787 3792 870 ad-reprobandum
3821 787 3932 849 im·

2446 887 2666 969 plicite
2709 906 2987 951 errorem
3031 887 3388 969 prael'atum,
3423 895 3494 949 ut
3535 886 3618 949 sit
3659 904 3880 949 sensus
3913 906 3926 949 :

2447 985 2522 1047 Et
2549 986 2962 1068 deprehendi,
2998 1004 3074 1049 ex
3105 986 3350 1050 ratione
3377 994 3440 1048 et
3468 984 3933 1048 illuminatione
3985 1012 3990 1017 ⁶

2446 1084 2687 1161 divina,
2721 1084 2882 1145 nihil
2929 1084 3158 1147 melius
3200 1102 3362 1160 esse,
3394 1102 3588 1165 quam
3630 1083 3824 1146 laetari
3867 1083 3931 1145 in

2443 1201 2637 1264 opere
2676 1201 2813 1260 suo,
2848 1183 2914 1245 id
2955 1192 3052 1246 est
3093 1183 3159 1245 in
3207 1182 3455 1247 actibus
3499 1181 3820 1257 virtuosis,
3859 1200 3934 1244 ex

2445 1282 2691 1345 ratione
2727 1300 2800 1344 ac
2839 1280 3296 1345 deliberatione
3333 1280 3740 1344 manantibus
3775 1298 3790 1341 z
3823 1280 3932 1362 qui

2443 1380 2702 1463 proprie
2753 1380 3157 1463 appellantur
3215 1388 3392 1443 actus
3449 1378 3734 1453 humani,
3785 1379 3936 1461 quia

2444 1497 2557 1562 per
2590 1478 2896 1569 rationem
2926 1477 3150 1541 differt
3177 1478 3368 1541 homo
3396 1496 3433 1539 a
3462 1476 3691 1553 brutiS‚
3711 1485 3774 1540 et
3803 1496 3932 1559 spe·

2443 1578 2606 1641 ciem
2637 1597 2674 1640 a
2705 1577 3001 1640 rationali
3033 1575 3427 1659 perfectione
3459 1576 3742 1639 sortitur.
3778 1578 3931 1645 Quis

2441 1680 2617 1738 enim
2659 1697 2804 1737 eum
2845 1680 3141 1748 adducet,
3177 1675 3240 1737 id
3283 1684 3400 1749 est,
3445 1673 3589 1755 quis
3631 1675 3930 1757 perducet

2441 1776 2769 1839 hominem
2812 1775 3119 1838 viatorem
3159 1775 3234 1837 ad
3290 1774 3429 1851 hoc,
3462 1785 3536 1835 uc
3569 1784 3710 1851 post
3737 1795 3801 1834 se
3826 1776 3932 1854 su-

844 1882 1000 1949 tum,
1041 1890 1299 1936 necesse
1340 1873 1424 1935 sit
1462 1874 1907 1956 incorporeum
1942 1883 2005 1936 et
2046 1875 2332 1939 incorru-
2369 1876 2415 1938 B
2446 1887 2595 1939 tura
2638 1884 2994 1953 coynoscac,
3032 1872 3094 1936 id
3139 1880 3256 1946 est,
3296 1882 3365 1934 ut
3405 1872 3931 1935 certitudinaliter

844 1969 1070 2054 ptibile
1105 1990 1264 2034 esse.
1298 1972 1457 2034 Hinc
1489 1972 1875 2036 theoremate
1907 1972 2022 2033 168
2052 1972 2326 2037 fatetur:

842 2068 1061 2134 Omnis
1106 2070 1488 2145 intellectuS‚
1533 2070 1598 2132 in
1644 2071 1993 2135 aeternitate
2040 2071 2335 2135 substan-

843 2168 995 2231 tiam
1027 2168 1238 2243 habet,
1271 2175 1334 2231 et
1367 2167 1737 2251 potentiam,
1770 2178 1833 2231 et
1862 2170 2329 2251 operationem3

842 2274 907 2329 et
946 2274 1183 2348 postea,
1223 2266 1461 2343 Omnis,
1500 2266 1730 2348 inquit,
1768 2267 2001 2342 anima,
2047 2267 2335 2352 incorpo-

844 2383 951 2427 rea
986 2365 1359 2428 substantia·
1380 2372 1495 2442 est,
1531 2374 1591 2428 et
1628 2365 2001 2448 separabilis
2042 2387 2079 2430 a
2120 2386 2336 2450 corpo·

844 2482 933 2539 re,
970 2463 1382 2546 impertibilis
1421 2482 1679 2545 quoque
1707 2473 1768 2526 et
1797 2464 2328 2548 incorruptibilis,

942 2565 1027 2625 Et
1071 2566 1465 2639 deprehendi
1510 2565 1613 2623 nil
1662 2566 1893 2624 melius
1938 2586 2087 2633 esse,
2137 2587 2334 2645 quam

843 2663 1058 2722 laetari
1084 2662 1406 2721 hominem
1436 2662 1508 2721 in
1538 2682 1721 2740 opere
1747 2682 1887 2733 suo,
1916 2674 1975 2724 et
2013 2668 2183 2725 hanc
2209 2686 2335 2724 esse

830 2770 1087 2838 partem
1116 2761 1324 2821 illim.
1345 2760 1512 2823 Istud
1542 2760 1884 2843 dupliciter
1912 2771 2118 2844 potest
2151 2781 2336 2845 expo·

837 2859 927 2920 ui.
964 2858 1191 2933 Primo,
1228 2867 1295 2920 ut
1326 2858 1621 2922 Salomon
1652 2860 1717 2921 in
1747 2861 2097 2923 carnalium
2131 2880 2336 2943 perso-

836 2975 918 3020 na
963 2958 1254 3038 loquenS,
1288 2957 1503 3021 eliciat
1541 2978 1616 3021 ex
1660 2959 2051 3040 praeinducto
2094 2978 2328 3037 errore,

2443 1981 2817 2057 praenoscat,
2849 1972 3070 2054 quales
3111 1980 3252 2053 post
3292 1980 3562 2034 mortem
3599 1990 3776 2033 suam
3808 1970 3932 2033 filii

2443 2084 2506 2138 et
2542 2072 2807 2135 heredes
2848 2071 2987 2152 ejus
3027 2070 3397 2145 consistent,
3431 2077 3495 2133 et
3533 2069 3806 2150 qualiter
3843 2070 3933 2135 vi-

2441 2181 2616 2251 vent,
2636 2192 2708 2235 ac
2735 2170 2904 2234 bona
2932 2190 3046 2233 sua
3075 2172 3485 2233 consument?
3517 2169 3699 2250 quasi
3729 2168 3926 2233 dicat:

2442 2274 2570 2336 Hoc
2599 2270 3023 2335 communiter
3052 2288 3178 2331 non
3209 2267 3526 2332 revelatur
3553 2268 3926 2342 hominibus

2445 2391 2562 2435 nec
2611 2369 2844 2452 poterit
2893 2368 3154 2431 revelari
3207 2366 3333 2429 nisi
3382 2387 3419 2430 a
3467 2368 3614 2442 Dec,
3661 2366 3930 2429 mediate

2445 2468 2544 2532 vel
2597 2468 2982 2531 immediate.
3037 2467 3180 2531 {deo
3227 2467 3501 2549 expedit,
3555 2464 3928 2529 sollicitudi-

2445 2586 2590 2630 nem
2623 2567 3104 2629 immoderatam
3133 2574 3200 2628 et
3233 2565 3786 2647 congregationem
3819 2573 3928 2627 ter-

2445 2684 2742 2727 renorum
2793 2682 3071 2740 avaram,
3123 2682 3382 2746 prorsus
3434 2663 3731 2746 abjicere,
3783 2681 3928 2726 con-

2444 2763 2770 2843 cessisque
2813 2761 3001 2825 rebus
3046 2763 3368 2825 moderate
3409 2772 3601 2843 atque
3647 2761 3928 2823 hilariter

2446 2861 2554 2935 uti,
2571 2880 2644 2924 ac
2672 2860 3106 2939 indigentibus
3139 2860 3451 2942 impertiri
3480 2875 3494 2921 ε
3519 2868 3582 2922 et
3603 2860 3768 2922 hanc
3795 2876 3928 2921 esse

2445 2968 2685 3043 partem
2722 2958 2918 3037 illius,
2945 2960 3007 3021 id
3037 2969 3133 3023 est
3164 2958 3400 3022 bonum
3433 2958 3845 3041 praecipuum,
3869 2964 3931 3019 et

833 3074 963 3119 non
1000 3074 1141 3120 esse
1167 3056 1417 3133 meliuS,
1450 3075 1643 3138 quam
1684 3068 1752 3119 ut
1782 3058 1971 3121 homo
2009 3059 2116 3121 det
2145 3078 2212 3121 se
2249 3061 2326 3122 ad
2370 3064 2413 3127 C
2444 3058 2930 3140 occupationem
2963 3058 3305 3135 salubrem,
3331 3065 3401 3119 ut
3431 3056 3496 3119 in
3527 3056 3823 3140 praesenti
3846 3056 3930 3119 vi·

834 3153 1263 3217 deliciandum
1306 3154 1373 3217 in
1412 3155 1600 3218 rebus
1637 3156 1999 3219 carnalibus
2042 3164 2108 3219 et
2147 3165 2336 3221 terre·
2446 3165 2508 3219 ta
2549 3157 2613 3219 id
2653 3164 2817 3237 agat,
2853 3166 2996 3238 post
3036 3175 3224 3238 quam
3265 3155 3545 3238 amplius
3584 3154 3926 3238 promereri

836 3252 959 3329 niS,
1004 3251 1199 3333 idque
1242 3260 1491 3334 reputet
1536 3252 1907 3317 felicitatem
1953 3273 2133 3317 suam
2181 3273 2334 3318 con·
2446 3274 2574 3319 non
2606 3263 2833 3337 potest.

1974 3684 2624 3771 ARTICULUS
2687 3686 2804 3769 IV

1541 3961 1898 4009 ELucmArto
1942 3962 2219 4009 camum
2263 3962 2490 4017 QUARTI
2537 3960 2551 4007 :
2597 3961 2777 4007 vulin
2816 3962 2900 4007 HE
2945 3960 3028 4007 AD
3071 3961 3238 4007 ALIA.

984 4238 1198 4301 DHUC
1249 4239 1315 4301 in
1354 4238 1478 4302 isto
1519 4239 1797 4321 capitulo
1840 4239 2185 4303 introducit
2224 4240 2340 4302 mi-
2371 4241 2419 4301 D
2450 4240 2835 4315 inferuntur,
2885 4251 2945 4302 et
3003 4242 3309 4302 lacrimas
3366 4241 3832 4311 innocentium,
3881 4250 3940 4301 et

1002 4336 1269 4399 rabilem
1298 4356 1370 4401 ac
1402 4337 1828 4401 miserabilem
1858 4338 2220 4414 vanitatem,
2248 4338 2339 4400 in-
2445 4344 2898 4400 consolatorem
2943 4341 3288 4407 neminem,
3324 4338 3384 4400 id
3425 4344 3541 4414 est,
3574 4356 3785 4399 rarum
3831 4345 3942 4400 aut

843 4436 1276 4513 stabilitatem,
1319 4456 1393 4499 ac
1430 4436 1819 4519 impietatem
1864 4456 2075 4499 rerum
2114 4437 2338 4499 huma-
2446 4436 2694 4499 nullum
2739 4456 2878 4499 esse
2916 4436 3377 4501 consolatorem
3421 4454 3639 4499 eorum
3688 4434 3798 4517 qui
3843 4455 3940 4498 ca-

842 4553 1068 4596 narum
1111 4534 1176 4596 in
1212 4542 1378 4597 statu
1414 4535 1733 4617 praesenti.
1767 4536 2027 4617 Propter
2059 4537 2233 4617 quod
2266 4536 2334 4598 in

780 4638 785 4643 ’
842 4633 971 4698 vita
1010 4631 1129 4697 hac
1169 4653 1296 4697 non
1336 4642 1431 4697 est
1472 4635 1764 4716 ponenda
1805 4635 2094 4697 ultimata
2132 4634 2336 4697 homi-

668 4745 695 4801 1
843 4731 943 4793 nis
973 4731 1167 4794 salus,
1192 4734 1363 4794 Verti
1391 4754 1493 4794 me
1518 4737 1606 4794 ad
1634 4736 1789 4805 alia,
1816 4733 1878 4795 id
1910 4742 2028 4811 est,
2053 4742 2331 4796 mentem

841 4829 1124 4895 converti
1173 4831 1251 4894 ad
1300 4829 1425 4894 alia
1473 4830 1933 4894 consideranda
1974 4849 1989 4893 :
2032 4832 2213 4913 juxta
2259 4832 2336 4893 il-

570 4949 651 4994 ιώ
670 4954 795 5003 xm.
842 4928 953 4991 lud
986 4930 1052 4990 in
1080 4928 1218 5005 Iob,
1251 4928 1678 5010 Cogitationes
1710 4950 1867 4994 meae
1898 4930 2089 4994 variae
2116 4950 2333 4994 succe-

838 5028 1002 5090 dunt
1040 5026 1185 5105 sibi,
1219 5036 1283 5091 et
1321 5046 1503 5091 mens
1546 5028 1613 5090 in
1651 5028 1903 5091 diversa
1945 5028 2212 5110 rapitur.
2249 5033 2333 5092 Et

842 5128 985 5187 vidi
1011 5129 1399 5195 calumnias,
1434 5127 1496 5189 id
1526 5135 1624 5190 est
1654 5126 2099 5210 injuriationes
2130 5136 2193 5190 et
2221 5147 2330 5211 op-

2445 4534 2720 4597 lumnias
2764 4535 3114 4617 patiuntur,
3146 4536 3324 4616 juxta
3366 4534 3523 4596 illud
3567 4533 3742 4597 lsaiae
3783 4552 3799 4598 ε
3841 4535 3940 4596 Ju-
3977 4547 4159 4596 zatum

2444 4642 2580 4696 stus
2611 4634 2798 4716 perit,
2833 4642 2897 4697 et
2927 4652 3054 4698 non
3083 4641 3182 4697 est
3210 4633 3320 4715 qui
3353 4632 3687 4713 recogitet3
3718 4640 3782 4695 et
3813 4632 3933 4695 viri

2442 4731 2896 4797 misericordiae
2946 4732 3280 4805 tolluntur,
3313 4731 3466 4813 quia
3507 4749 3632 4794 non
3679 4737 3777 4793 est
3822 4730 3933 4811 qui

2442 4832 2776 4913 intelligat.
2829 4832 3005 4895 Unde
3053 4831 3119 4894 in
3169 4830 3417 4894 Psalmo
3462 4830 3551 4891 ait
3595 4828 3930 4892 Salvator:

2441 4930 2727 4994 Sustinui
2770 4930 2880 5012 qui
2923 4929 3114 4991 simul
3166 4928 3669 5004 contristaretur,
3699 4936 3761 4990 et
3802 4946 3930 4991 non
3983 4944 4185 4987 paunu-

2442 5028 2596 5108 fuit3
2630 5036 2690 5091 et
2735 5028 2847 5111 qui
2890 5028 3346 5103 consolaretur,
3393 5035 3458 5090 et
3497 5044 3624 5089 non
3673 5026 3892 5089 inveni
3907 5045 3925 5107 3
3959 5010 4024 5050 ²¹·

2436 5147 2510 5191 ac
2559 5146 2777 5190 rursus
2827 5126 2892 5189 in
2941 5127 3119 5204 isaia,
3171 5125 3628 5208 Circumspexi,
3678 5134 3743 5188 et
3795 5144 3926 5187 non
3968 5136 4183 5185 tanas-

841 5223 1201 5307 pressiones
1231 5224 1669 5307 iniquas‚quoe
1694 5229 1811 5287 sub
1836 5230 1964 5287 sole
1983 5236 2329 5305 yet-untur,
2436 5235 2569 5290 erat
2613 5225 2971 5289 auxiliator.
3007 5227 3139 5290 Nec
3170 5246 3347 5303 posse
3383 5228 3670 5286 resistere
3703 5244 3924 5285 eorum

839 5322 904 5385 id
935 5330 1053 5401 est,
1088 5322 1153 5385 in
1183 5331 1350 5387 terra
1374 5323 1458 5387 ab
1495 5323 1865 5387 hominibus
1896 5324 2021 5387 sibi
2052 5324 2326 5388 invicem
2436 5327 2759 5387 violentiae
2785 5334 3162 5387 cunctorum
3193 5326 3444 5385 auxilio
3469 5326 3826 5394 destitutos,
3856 5321 3922 5385 id
