4284 6267
858 504 977 568 468

1525 520 1876 568 ENARRA'rlo
1917 519 1981 565 IN
2022 519 2162 567 CAP.
2209 520 2278 566 111
2319 517 2477 564 me
2517 514 2875 563 SAPIENTIAE.
2921 536 3004 546 —
3043 517 3184 564 ΛΒΤ.
3224 516 3291 562 111

1984 918 2632 1006 ARTICULUS
2707 920 2845 1003 III

1134 1196 1513 1245 DECLARATIO
1556 1195 1831 1242 CAPITULI
1872 1193 2071 1240 mRTn
2117 1193 2130 1237 :
2177 1191 2484 1238 ms'ronmt
2527 1191 2730 1238 AUTEM
2773 1190 2982 1237 ANmAE
3025 1191 3088 1237 IN
3128 1190 3302 1237 uam]
3343 1191 3446 1237 nm
3489 1190 3663 1237 SUNT.

978 1472 1331 1538 APITULO
1380 1474 1761 1556 praecedenti
1808 1472 2142 1554 descriptae
2191 1468 2414 1532 suntA
2461 1469 2714 1551 pietatis
2743 1471 2998 1547 divinae,
3024 1491 3138 1554 per
3166 1471 3691 1535 assecurationem
3723 1471 3946 1534 salutis

1005 1573 1451 1655 perversitates
1500 1581 1563 1635 et
1612 1591 1803 1655 opera
1858 1571 2226 1652 impiorum,
2279 1576 2341 1630 ct

2455 1568 2720 1631 collatae.
2763 1569 2909 1643 Quae
2957 1579 3168 1633 autem
3217 1570 3464 1652 aliquid
3504 1570 3799 1633 deserunt
3848 1591 3944 1633 se-

850 1672 1127 1755 qualiter
1150 1671 1320 1735 circa
1347 1670 1673 1734 Christum
1702 1690 1770 1733 se
1799 1670 2185 1732 habuerunt.
2226 1667 2340 1728 Hic
2450 1683 2596 1727 cum
2637 1668 2991 1747 purgabile,
3040 1677 3189 1730 sunt
3235 1687 3442 1750 usque
3487 1669 3567 1731 ad
3613 1688 3743 1731 suae
3791 1686 3940 1732 con-

844 1769 1294 1832 describuntur
1322 1769 1613 1845 virtutes,
1649 1768 1953 1843 actioneS,
1988 1766 2344 1849 proprieta-

846 1875 963 1945 teS,
997 1867 1354 1950 privilegia,
1377 1886 1449 1929 ac
1479 1868 1741 1949 praemia
1770 1865 2119 1929 electorum
2150 1874 2343 1946 atque

848 1964 1236 2041 Sanctorum,
1263 1965 1594 2047 potissime
1642 1974 2029 2045 martyrum:
2068 1980 2342 2044 quorum

867 2063 1288 2127 constantiam
1330 2083 1405 2126 ac
1449 2064 1826 2145 martyrium
1868 2062 2051 2143 impii
2094 2068 2346 2143 reputa-

854 2170 1107 2242 verunt,
1126 2161 1439 2223 insaniam
1483 2180 1556 2224 ac
1600 2160 2045 2244 perditionem.

935 2262 1263 2321 Iustorum
1309 2270 1525 2321 aute-m
1570 2262 1810 2321 animoe
1858 2261 1931 2319 in
1981 2278 2185 2319 manu
2227 2260 2348 2319 Dei

858 2367 1033 2418 sunt.
1069 2357 1277 2420 Multis
1308 2358 1513 2421 modis
1542 2357 1854 2439 accipitur
1882 2375 2109 2418 manus
2140 2355 2247 2419 Dei
2281 2355 2348 2417 in

861 2454 1227 2536 Scripturis.
1260 2456 1489 2533 Primo,
1524 2474 1639 2537 pro
1667 2454 2131 2537 omnipotentia
2157 2453 2297 2535 ejus
2331 2473 2344 2518 :

862 2554 1084 2635 sicque
1121 2553 1421 2619 universa
1459 2561 1669 2616 creata
1707 2554 1773 2616 in
1804 2572 1998 2616 manu
2036 2560 2186 2615 sunt
2213 2551 2346 2626 Dei,

861 2769 1085 2815 omnes
1127 2750 1295 2815 fines
1344 2760 1549 2815 terrae.
1594 2751 1903 2827 Secundo,
1947 2768 2063 2832 pro
2100 2768 2355 2814 conser-

862 2850 1113 2913 vatione
1143 2848 1385 2931 ipsius:
1412 2849 1503 2913 sic
1534 2867 1791 2930 quoque
1818 2849 2033 2912 omnia
2064 2848 2129 2910 in
2161 2865 2352 2908 manu

864 2948 973 3011 Dei
1012 2947 1345 3012 exsistunt.
1381 2948 1612 3023 Tertio,
1647 2966 1763 3031 pro
1804 2948 2085 3010 vindicta
2118 2946 2354 3008 divinae

588 3064 816 3115 Pana.
862 3047 1127 3128 justitiae
1182 3065 1195 3108 :
1238 3048 1417 3128 juxta
1473 3046 1654 3124 illud,
1708 3046 2069 3110 Inveniatur
2126 3062 2353 3107 manus

865 3152 970 3206 tua
1030 3144 1330 3208 omnibus
1387 3143 1667 3206 inimicis
1724 3143 1874 3206 tuis.
1929 3142 2183 3219 Quarto,
2237 3159 2353 3223 pro

863 3241 1139 3322 gratioso
1168 3249 1232 3305 et
1260 3241 1367 3323 pio
1396 3242 1655 3318 auxilio,
1690 3260 1799 3303 seu
1831 3240 2179 3321 magnifico
2208 3258 2356 3321 ope-

584 3358 837 3409 &odmm
868 3358 935 3403 re
983 3340 1141 3405 Dei:
1181 3341 1347 3404 sicut
1404 3341 1469 3402 in
1516 3340 1730 3403 Exodo
1781 3339 2013 3420 legitur
2058 3338 2354 3401 eduxisse

869 3438 1042 3501 filios
1090 3439 1274 3501 Israel
1317 3440 1398 3502 de
1436 3439 1701 3521 AEgypto
1743 3438 1809 3500 in
1856 3457 2048 3500 manu
2082 3436 2350 3500 excelsa.

869 3536 1121 3615 Quinto,
1155 3556 1271 3620 pro
1312 3537 1699 3620 praesentiali
1742 3535 2303 3619 repraesentatione
2337 3554 2350 3597 :

577 3644 639 3689 1⁸-
655 3646 843 3697 ¹1³¹.st-
872 3635 1037 3698 sicut
1074 3634 1140 3696 in
1188 3635 1366 3712 Isaia,
1400 3636 1559 3699 Ecce
1605 3635 1669 3697 in
1711 3635 2006 3698 manibus
2051 3634 2210 3696 meis
2253 3634 2358 3695 de-

870 3734 1096 3816 scripsi
1129 3743 1212 3797 te.
1246 3734 1453 3809 Sexto,
1474 3753 1589 3816 pro
1618 3733 1779 3797 Filio
1808 3734 1918 3797 Dei
1950 3733 2168 3795 Patris.
2203 3732 2356 3794 Nam

2453 1766 2940 1829 summationem
3001 1766 3396 1849 purgationis
3462 1767 3530 1828 in
3589 1766 3939 1848 purgatorii

2453 1860 2608 1924 locis
2659 1880 2672 1924 :
2730 1863 2795 1925 in
2853 1864 3088 1945 quibus
3146 1872 3356 1927 tamen
3415 1872 3602 1928 certae
3661 1872 3808 1927 sunt
3863 1865 3944 1926 de

2455 1960 2792 2042 adeptione
2853 1963 3224 2042 praestandae
3265 1962 3511 2025 salutis.
3561 1963 3750 2025 Porro
3799 1970 3944 2025 ante

2453 2058 2684 2121 Christi
2715 2061 3098 2143 passionem,
3129 2061 3359 2123 animae
3389 2068 3622 2125 sanctae
3652 2060 3816 2123 nihil
3849 2080 3943 2123 se-

2456 2176 2603 2219 cum
2642 2168 2966 2240 portantes
3007 2159 3362 2241 purgabile,
3409 2168 3591 2223 erant
3632 2160 3698 2221 in
3744 2159 3941 2222 limbo

2459 2264 2730 2336 patrum,
2765 2264 2828 2320 et
2857 2258 2936 2320 de
2969 2256 3188 2320 futura
3219 2258 3420 2338 gloria
3459 2266 3640 2320 erant
3675 2266 3828 2321 tutae
3859 2276 3874 2318 :
3907 2277 3946 2320 a

2460 2372 2586 2434 qua
2615 2355 3096 2418 retardabantur
3124 2354 3208 2419 ob
3253 2364 3493 2418 reatum
3535 2366 3798 2433 naturae,
3831 2355 3941 2437 qui

2459 2450 2698 2513 auferri
2744 2470 2875 2516 non
2907 2461 3172 2535 poterat,
3209 2453 3334 2516 nisi
3365 2473 3476 2537 per
3504 2454 3845 2517 Christum.

2546 2554 2631 2613 Εἰ
2667 2572 2800 2613 non
2845 2562 3059 2630 tanget
3093 2556 3240 2613 illos
3279 2561 3667 2614 tormentum
3699 2554 3948 2623 morti-e,

568 2672 646 2716 Pe.
670 2674 833 2724 mm.
859 2654 1041 2736 juxta
1088 2654 1246 2717 illud
1300 2653 1531 2716 Psalmi
1590 2672 1601 2715 :
1652 2654 1719 2716 In
1768 2672 1961 2715 manu
2011 2654 2152 2734 ejus
2203 2658 2352 2713 sunt
2388 2647 2436 2709 B
2463 2648 2526 2711 id
2564 2658 2661 2712 est
2689 2668 2877 2731 poena
2917 2658 3168 2714 aeternae
3205 2651 3655 2729 damnationi8‚
3679 2670 3826 2733 quae
3851 2657 3946 2713 est

2463 2768 2632 2811 mors
2690 2750 2968 2812 secunda
3013 2768 3086 2812 ac
3135 2749 3596 2813 crudelissima.
3655 2750 3832 2813 Unde
3879 2750 3946 2811 in

2461 2848 2838 2929 Apocalypsi
2885 2847 3152 2910 habetur
3185 2864 3200 2909 ε
3234 2848 3379 2910 Pars
3420 2848 3790 2930 iniquorum
3827 2848 3950 2911 erit
3976 2862 4228 2919 Apuanis

2463 2946 2528 3007 in
2561 2955 2783 3028 stagno
2812 2947 3057 3010 ardenti
3091 2948 3240 3028 igne
3268 2953 3333 3009 et
3361 2945 3626 3025 sulfure,
3661 2949 3830 3030 quod
3853 2955 3947 3011 est

2464 3062 2634 3107 mors
2682 3045 2980 3107 secunda.
3035 3044 3147 3108 Vel
3199 3045 3342 3107 ideo
3388 3045 3498 3123 ait,
3551 3045 3685 3108 Non
3736 3052 3950 3127 tanget

2465 3142 2607 3205 illos
2666 3150 3053 3205 tormentum
3106 3142 3350 3218 mortis,
3414 3144 3567 3224 quia
3637 3152 3952 3209 tormenta

2462 3260 2604 3322 quae
2648 3240 3111 3319 sustinuerunt,
3144 3259 3274 3303 non
3317 3241 3686 3304 occiderunt
3719 3260 3830 3305 eos
3859 3251 3952 3306 to—

2465 3339 2674 3402 taliter
2709 3357 2723 3401 :
2761 3339 2888 3402 imo
2929 3339 3303 3422 principalis
3346 3358 3514 3422 pam,
3549 3340 3796 3404 scilicet
3822 3342 3954 3404 ani-

2464 3458 2584 3513 ma,
2622 3438 2856 3500 mansit
2884 3437 3282 3501 immortalis.
3313 3438 3456 3501 Ideo
3487 3438 3784 3502 subditur
3814 3457 3830 3502 ε

2563 3538 2698 3595 Visi
2725 3545 2876 3597 sunt
2903 3538 3105 3597 oculis
3137 3538 3595 3615 insipientium
3627 3540 3794 3599 mori
3829 3559 3852 3600 .·
3885 3539 3951 3601 id

2460 3640 2582 3707 est,
2618 3631 2993 3713 insipientes
3035 3634 3287 3715 tyranni
3335 3642 3396 3696 et
3444 3633 3742 3699 infideles
3789 3636 3953 3699 aesti—

2463 3740 2798 3794 maverunt
2826 3750 2934 3795 eos
2957 3732 3140 3809 mori,
3177 3741 3489 3814 quantum
3517 3734 3596 3795 ad
3625 3751 3860 3815 corpus
3889 3743 3953 3799 et

869 3832 1035 3895 sicut
1081 3832 1352 3915 Spiritus
1386 3831 1649 3895 Sanctus
1682 3832 1917 3895 dicitur
1955 3832 2190 3911 digitus
2223 3830 2354 3908 Dei,
2386 3826 2429 3887 C
2463 3829 2763 3903 animam,
2801 3830 2900 3894 vel
2948 3831 3239 3893 damnari
3293 3832 3360 3893 in
3409 3831 3660 3912 anima3
3691 3843 3752 3893 ec
3787 3836 3956 3895 oesci-

870 3930 1021 4011 quia
1064 3949 1178 4013 per
1220 3949 1365 3993 eum
1420 3938 1661 3993 secreta
1702 3930 1942 3993 indicat
1977 3950 2049 3993 ac
2094 3929 2354 4006 revelat,

575 4052 840 4101 manao.
870 4036 1053 4110 prout
1083 4028 1147 4090 in
1178 4027 1521 4110 Evangelio
1552 4028 1833 4110 loquitur
1862 4028 2170 4105 ChristuS,
2198 4027 2259 4089 Si
2293 4028 2359 4089 in

870 4127 1068 4207 digito
1097 4128 1205 4190 Dei
1234 4127 1424 4208 ejicio
1458 4128 1810 4206 daemones;
1854 4128 1946 4191 sic
1973 4126 2171 4189 Filius
2201 4126 2358 4189 dici-

870 4234 974 4287 tur
994 4244 1237 4301 manuS,
1258 4244 1368 4287 seu
1399 4226 1653 4288 dextera
1681 4245 1753 4288 ac
1783 4224 2114 4289 brachium
2143 4225 2356 4299 PatriS,

873 4325 1024 4405 quia
1062 4343 1176 4405 per
1220 4324 1451 4385 Filium
1498 4326 1713 4387 omnia
1743 4333 2061 4407 operatur.
2098 4326 2183 4387 De
2229 4341 2356 4405 quo

590 4434 653 4479 1⁸.
675 4434 827 4486 u·‚10·
871 4424 1059 4485 Isaias
1088 4424 1313 4487 asserit
1344 4443 1357 4488 ε
1397 4423 1646 4487 Paravit
1676 4424 1976 4486 Dominus
2020 4422 2353 4486 brachium

870 4530 1160 4584 sanctum
1188 4541 1375 4584 suum
1404 4522 1469 4585 in
1501 4522 1701 4586 oculis
1732 4522 2021 4585 omnium
2043 4523 2354 4602 gentium.

865 4619 1172 4701 Septimo,
1224 4638 1337 4701 pro
1395 4621 1608 4683 divina
1657 4620 2051 4703 protectione
2100 4638 2113 4682 τ
2157 4630 2221 4683 et
2267 4622 2356 4683 ita

860 4719 994 4800 jam
1052 4718 1307 4793 dicitur,
1354 4718 1673 4782 Justorum
1739 4719 1969 4782 animae
2033 4720 2097 4780 in
2158 4738 2351 4781 manu

863 4817 973 4881 Dei
1016 4825 1166 4880 sunt
1219 4833 1233 4878 ε
1274 4815 1427 4897 quia
1465 4835 1501 4878 a
1541 4835 1806 4898 corpore
1848 4826 2174 4893 exeunteS,
2217 4836 2347 4881 non

862 4924 1154 4998 pereunt,
1189 4933 1305 4977 nec
1352 4915 1753 4988 damnantur,
1786 4923 1859 4976 ut
1888 4914 2031 4996 pers
2035 4915 2123 4976 idi
2171 4924 2354 4997 puta-

2470 3940 2646 3989 mata
2683 3940 2772 3990 est
2810 3932 3073 4006 afflictio
3112 3932 3325 3991 emicas
3362 3934 3630 3991 illorum
3663 3952 3685 3991 .·
3727 3932 3792 3994 id
3835 3942 3950 4009 est,

2431 4027 2650 4110 ·impii
2690 4029 2784 4091 illi
2833 4038 3292 4111 reputaverunt
3351 4030 3591 4091 exitum
3635 4030 3951 4111 justorum

2466 4126 2544 4188 de
2573 4127 2805 4190 saeculo
2841 4128 2982 4204 ist0,
3010 4127 3308 4191 videlicet
3336 4136 3629 4203 mortem,
3657 4146 3785 4192 non
3815 4146 3956 4191 esse

2469 4226 2594 4287 nisi
2641 4224 3089 4301 afflictionem,
3123 4234 3187 4289 et
3227 4244 3354 4289 non
3406 4244 3544 4288 esse
3577 4227 3837 4307 januam
3877 4226 3952 4289 ad

2471 4325 2664 4387 vitam
2693 4324 2940 4386 beatam
2980 4345 2993 4388 ε
3030 4326 3183 4406 quia
3223 4343 3350 4387 non
3380 4324 3789 4387 crediderunt
3817 4344 3954 4389 esse

2467 4424 2660 4484 vitam
2690 4423 2879 4485 aliam
2924 4432 3067 4505 post
3095 4430 3498 4505 praesentem,
3535 4432 3642 4485 aut
3671 4424 3954 4487 credide-

2466 4529 2615 4583 runt
2655 4540 2761 4584 eos
2800 4528 2944 4602 post
2981 4521 3374 4603 corporalem
3409 4521 3950 4603 temporalemque

2465 4628 2731 4682 mortem
2762 4620 3143 4682 descendere
3180 4620 3260 4681 ad
3304 4618 3630 4681 infernum
3672 4620 3740 4682 in
3784 4620 3951 4682 affli-

2464 4718 2740 4780 ctionem
2787 4717 3202 4781 acerbiorem.
3248 4721 3330 4779 Ec
3380 4720 3460 4778 ab
3509 4720 3743 4778 itinere
3767 4720 3948 4797 justo

2461 4819 2764 4877 abierunt
2805 4819 2877 4877 in
2918 4819 3401 4888 conterminium,
3438 4816 3502 4877 id
3533 4824 3652 4893 est,
3686 4817 3811 4900 ipsi
3860 4817 3950 4878 in-

2461 4914 2765 4995 sipientes
2800 4915 3164 4978 recedentes
3215 4933 3253 4976 a
3289 4915 3393 4979 via
3423 4914 3710 4995 justitian,
3744 4924 3947 4978 exter-

862 5023 1123 5094 verunt3
1165 5014 1274 5079 sed
1302 5011 1749 5076 custodiuntur
1781 5031 1818 5073 a
1852 5013 1997 5090 De0,
2032 5021 2096 5075 et
2125 5014 2203 5075 dc
2233 5033 2346 5075 sua
2381 5014 2430 5075 D
2462 5012 2687 5075 minati
2717 5020 2885 5087 sunt,
2918 5020 2982 5075 et
3010 5012 3308 5075 eradicati
3341 5032 3378 5075 a
3416 5019 3588 5074 statu
3631 5013 3875 5090 salutis,
3909 5032 3946 5075 a

865 5108 1259 5173 beatitudine
1297 5109 1465 5173 fiunt
1519 5127 1778 5172 securae.
1822 5110 1951 5173 Imo
2002 5109 2122 5172 sub
2162 5130 2353 5174 evan-

869 5206 1074 5286 gelica
1122 5208 1257 5288 lege
1299 5228 1443 5272 mox
1487 5208 1911 5272 admittuntur
1957 5210 2038 5271 ad
2082 5209 2351 5288 gloriam

874 5303 1101 5368 animae
1142 5314 1490 5389 martyrum
1538 5324 1552 5368 :
1600 5316 1663 5370 et
1712 5308 1799 5370 ita
1846 5315 1996 5369 sunt
2044 5307 2110 5368 in
2163 5326 2356 5370 manu

2463 5111 2592 5174 vita
2635 5120 2875 5173 naturae
2919 5118 2983 5173 et
3011 5112 3250 5192 gratiae,
3283 5119 3346 5173 et
3377 5111 3442 5171 in
3475 5120 3744 5175 mortem
3778 5113 3946 5174 dam-

2465 5209 2742 5272 nationis
2789 5209 3071 5292 prolapsi
3122 5217 3306 5289 sunt3
3353 5219 3413 5271 et
3460 5214 3632 5289 quod
3681 5231 3723 5270 a
3768 5212 3944 5271 nobis

2465 5318 2554 5369 est
2612 5311 2737 5369 iter
2789 5310 3190 5379 exterminii,
3242 5308 3306 5370 id
3349 5315 3445 5371 est
3493 5308 3560 5371 in
3620 5308 3944 5390 praefatam
