4284 6267
1103 522 1456 572 minutum
1499 524 1562 572 m
1603 524 1741 573 CAP.
1785 527 1894 573 vm
1933 526 2369 577 Bccmsus'mt.
2413 551 2494 562 ·—·
2536 534 2677 581 Am.
2722 535 2831 581 vm

3391 522 3505 585 261

410 689 596 753 docet
642 691 1010 774 ApostoluS,
1043 694 1216 775 quod
1254 714 1368 777 per
1405 694 1676 759 liberum
1720 716 1907 759 usum
1940 697 1992 760 A
2020 700 2174 780 agit,
2210 686 2524 783 quantum
2570 704 2638 768 in
2688 706 2827 789 ipso
2871 717 2987 785 est,
3040 728 3147 773 eos
3190 730 3227 773 a
3273 711 3509 792 quibus

407 787 680 852 rationis
709 790 1206 867 dominabantur
1234 792 1672 876 sibimetipsis,
1689 813 1910 877 quem·-

405 886 751 951 admodum
783 897 848 951 et
880 907 994 952 nos
1036 908 1375 971 possumus
1415 892 1905 972 cogitationibus

403 982 886 1067 affectibusque
915 988 1233 1069 perversis
1265 988 1579 1068 resistere,
1613 991 1904 1072 quamvis

403 1100 630 1145 eorum
675 1093 890 1148 ortum
931 1104 1060 1149 non
1101 1086 1424 1151 valeamus
1473 1089 1708 1170 jugiter
1747 1108 1905 1172 prae—

403 1180 630 1245 venire
675 1200 752 1245 ac
800 1183 1166 1265 prohibere.
1213 1185 1478 1269 Insuper
1520 1206 1650 1251 non
1694 1196 1793 1251 est
1835 1189 1901 1250 in

401 1278 692 1343 bominis
720 1281 987 1358 ditione,
1017 1283 1356 1365 prohibere
1385 1285 1683 1368 spiritum
1715 1306 1903 1350 suum

401 1396 604 1459 quum
641 1398 758 1443 suo
787 1389 1075 1464 tempore
1106 1384 1360 1447 recedat
1387 1404 1424 1447 a
1451 1403 1737 1467 corpore.
1757 1385 1902 1450 ldeo

399 1477 702 1541 subditur
727 1497 741 1542 ε
765 1501 882 1541 nec
903 1484 1090 1543 habet
1101 1492 1476 1561 potestatem
1505 1488 1579 1546 in
1609 1487 1717 1546 die
1737 1506 1903 1547 mor·

401 1579 486 1637 tis
515 1578 796 1643 retinere
825 1579 1105 1643 animam
1145 1600 1329 1644 suam
1367 1583 1434 1645 in
1465 1602 1752 1666 corpore.
1786 1585 1900 1647 Ho-

399 1695 544 1738 rum
596 1696 856 1759 quoque
914 1678 1029 1761 qui
1088 1689 1560 1763 persequuntur
1616 1701 1787 1746 nunc
1835 1692 1900 1747 et

397 1775 778 1857 opprimunt
815 1776 999 1854 alica,
1023 1784 1176 1841 tunc
1206 1788 1412 1842 cessat
1445 1788 1744 1863 potestas.
1769 1785 1900 1845 Nec

2020 800 2296 879 videtur,
2332 803 2587 881 occidit,
2611 812 2683 868 ut
2709 806 2935 869 asserit
2966 808 3377 889 Augustinus.
3398 811 3512 874 De-

2023 900 2221 981 nique
2254 901 2462 964 taliter
2500 904 2868 985 praesidenS,
2903 907 3266 970 dominatur
3298 909 3511 974 subdi-

2019 999 2100 1060 tis
2149 998 2339 1061 etiam
2395 999 2461 1061 in
2510 1020 2806 1082 magnum
2859 1004 3094 1067 malum
3147 1005 3432 1088 ipsorum
3486 1029 3500 1073 ε

2016 1097 2168 1179 quia
2208 1096 2327 1160 sub
2360 1098 2499 1179 ejus
2537 1101 2845 1179 regimine
2882 1112 3395 1187 pereunt‚›prout
3433 1106 3499 1169 in

2017 1196 2289 1258 Jeremia
2319 1194 2523 1259 fertur
2556 1196 2753 1273 :Quia
2781 1200 2972 1264 stulte
3000 1211 3263 1282 egerunt
3296 1213 3501 1284 pasto-
3544 1226 3786 1279 Jer.x.21.

2015 1313 2136 1369 ree,
2174 1294 2385 1357 omnis
2429 1313 2581 1375 grex
2622 1315 2839 1360 eorum
2884 1299 3229 1382 dissipatus
3272 1310 3388 1365 est.

2114 1394 2265 1455 Vidi
2314 1394 2547 1471 impios
2592 1400 2891 1473 sepultos,
2944 1396 3007 1459 id
3066 1406 3163 1461 est
3219 1402 3500 1483 sepultos

2012 1491 2346 1573 quosdam,
2401 1492 2511 1573 qui
2560 1502 2707 1555 ante
2754 1502 2817 1556 et
2858 1513 3064 1577 usque
3106 1497 3183 1559 ad
3230 1506 3503 1563 mortem

2013 1589 2221 1670 iniqui
2251 1587 2530 1668 fuerunt,
2546 1610 2663 1655 nec
2686 1592 3150 1674 poenituerunt3
3172 1597 3289 1676 qui
3305 1600 3499 1659 etiam

2009 1708 2213 1767 quum
2236 1691 2449 1749 adhuc
2470 1691 2784 1763 viverent,
2806 1694 2880 1752 in
2902 1695 3031 1753 loco
3060 1704 3279 1755 sancto
3296 1715 3450 1757 eran
3462 1706 3500 1767 t,

2010 1785 2073 1846 id
2107 1793 2204 1847 est
2233 1785 2299 1847 in
2331 1787 2527 1849 sacris
2559 1786 2801 1851 officiis
2834 1790 3187 1861 constituti,
3215 1791 3303 1854 ita
3329 1794 3502 1875 quod

3631 1406 3699 1462 10

393 1876 650 1935 sinitur
691 1878 1012 1955 quiescere
1067 1880 1414 1955 inqruence
1466 1881 1626 1941 bello
1674 1901 1698 1939 .·
1743 1881 1896 1962 quia
1933 1878 1981 1941 B
2009 1890 2190 1947 erant
2217 1882 2327 1947 Dei
2360 1884 2583 1947 vicarii
2614 1905 2689 1948 ac
2708 1886 3024 1966 ministri,
3055 1899 3117 1950 et
3147 1894 3504 1952 laudaban-

395 1974 550 2037 dum
582 1973 777 2038 bomo
806 1974 1215 2059 impugnatur
1233 1995 1272 2039 a
1299 1978 1707 2056 daemonibuS,
1725 1998 1898 2042 mun-

393 2072 501 2149 do,
533 2081 646 2135 aut
683 2072 821 2135 acie
849 2074 1176 2150 vitiorum,
1203 2093 1332 2139 non
1369 2084 1577 2157 potest
1614 2076 1899 2157 quiesce-

392 2189 488 2249 re,
541 2171 655 2234 sed
714 2180 970 2254 oportet
1025 2192 1174 2236 eum
1233 2174 1533 2237 resistere
1583 2183 1696 2238 aut
1751 2194 1896 2239 suc-

392 2268 726 2332 cumbere.
747 2268 925 2343 Quod
973 2270 1216 2335 bellum
1263 2280 1552 2354 tempore
1593 2274 1817 2338 mortis
1858 2294 1895 2337 a

391 2367 802 2431 daemonibus
838 2368 1183 2434 fortissime
1229 2390 1304 2434 ac
1353 2371 1894 2454 periculosissime

387 2466 711 2531 excitatur
754 2467 822 2531 in
869 2468 1150 2533 homine.
1194 2473 1416 2551 Neque
1449 2474 1728 2533 salvabit
1773 2473 1894 2533 im-

381 2568 600 2643 pietas
631 2567 916 2645 impium
944 2588 967 2628 .·
1000 2566 1128 2631 imo
1165 2568 1456 2648 gravabit
1493 2576 1683 2651 atque
1715 2570 1892 2632 dam-

389 2662 574 2726 nabit
604 2682 778 2727 eum.
811 2663 1074 2739 Quidam
1116 2674 1329 2729 autem
1361 2665 1428 2728 in
1461 2666 1592 2729 suis
1634 2667 1892 2731 simula-

389 2761 707 2840 tionibuS‚
726 2762 1084 2839 fraudibus,
1099 2764 1493 2847 malitiisque
1524 2764 1886 2844 confidunt,

387 2860 573 2943 quasi
615 2878 733 2943 per
760 2862 914 2924 talia
953 2872 1192 2944 queant
1231 2864 1484 2928 salvari.
1511 2863 1625 2939 Qui
1669 2864 1892 2929 dicunt

116 2972 179 3015 ιε.
206 2988 352 3025 nm.
389 2960 460 3021 in
505 2958 670 3022 lsaia
701 2979 716 3023 ε
749 2959 1082 3023 Posuimus
1125 2962 1530 3026 mendacium
1567 2982 1745 3045 spem
1785 2983 1892 3030 no-
2589 3014 2591 3017 ψ

389 3068 614 3137 stram,
667 3068 730 3122 et
789 3061 1124 3124 mendacio
1173 3061 1446 3144 protecti
1510 3082 1752 3126 sumna.
1803 3065 1891 3127 De
1926 3058 1970 3123 C
2079 3067 2366 3139 Etenim,
2400 3066 2561 3146 quia
2587 3086 2715 3127 non
2748 3068 2871 3128 cito
2902 3071 3243 3149 profertur
3268 3080 3491 3132 contra
3622 3078 3685 3134 ¹1

83 3036 146 3077 1³.

388 3157 632 3240 quibus
659 3166 722 3221 et
753 3158 923 3241 apud
960 3158 1159 3223 alium
1189 3159 1565 3241 Prophetam
1606 3161 1838 3242 legitur
1870 3180 1884 3225 :

79 3277 364 3331 amun.
387 3258 498 3323 Vae
525 3256 642 3340 qui
675 3256 984 3321 laetamini
1014 3257 1080 3319 in
1112 3257 1403 3335 nihili,et
1432 3258 1644 3323 dicitis
1666 3277 1680 3322 :
1701 3260 1886 3323 Num-

191 3570 230 3625 9

389 3356 550 3440 quid
590 3375 722 3420 non
758 3356 826 3418 in
866 3355 1246 3420 fortitudine
1287 3366 1505 3422 nostra
1541 3360 1890 3443 assumpsi-

387 3476 532 3519 mus
568 3454 760 3519 nobis
801 3458 1085 3520 cornua?

471 3558 709 3618 Omnia
737 3556 874 3617 hoec
901 3554 1294 3637 praeinducta
1323 3574 1396 3618 ac
1429 3556 1890 3639 subsequentia

382 3655 820 3722 consideravi,
850 3662 910 3713 et
937 3656 1093 3713 dedi
1125 3673 1232 3713 cor
1269 3674 1503 3724 meum,
1532 3654 1597 3717 id
1628 3664 1744 3734 est,
1777 3677 1888 3739 ap-

383 3752 584 3835 plicui
618 3752 780 3814 illud
823 3752 903 3814 ad
933 3751 1492 3830 considerandum,
1532 3757 1602 3815 in
1636 3758 1886 3818 cunctis

379 3854 704 3931 operibus,
736 3849 800 3913 id
841 3858 940 3913 est
983 3850 1049 3912 in
1097 3849 1479 3932 quibusdam
1519 3852 1600 3915 de
1639 3853 1883 3917 cunctis

377 3950 728 4032 generibus
758 3968 1044 4031 operum,
1060 3970 1206 4029 quoe
1219 3954 1394 4027 fiunt
1410 3952 1528 4010 sub
1545 3956 1709 4012 sole:
1730 3971 1884 4034 prae-

381 4048 603 4112 sertim
634 4048 806 4111 inter
833 4046 1132 4110 homines.
1143 4048 1484 4109 Interdum
1503 4051 1883 4111 dominatur

379 4151 566 4209 homo
597 4148 854 4208 homini
890 4149 964 4207 in
1003 4150 1256 4207 malum
1292 4166 1510 4216 suum,
1543 4146 1607 4209 id
1657 4158 1753 4212 est
1798 4150 1880 4212 ad

2010 1992 2119 2043 tur
2148 1984 2221 2042 in
2254 1982 2516 2044 civitate
2546 1987 2738 2063 quasi
2752 1986 3089 2063 justorum
3119 2008 3399 2066 operum,
3434 1988 3501 2052 id

2007 2089 2123 2156 est,
2179 2100 2217 2143 a
2264 2080 2539 2144 subditis
2589 2082 2721 2145 suis
2772 2085 3382 2150 commendabantur
3432 2096 3502 2151 ut

2004 2178 2182 2260 justi,
2217 2178 2319 2244 vel
2349 2198 2426 2242 ex
2455 2179 2842 2259 adulatione,
2877 2183 2979 2246 vel
3006 2200 3084 2245 ex
3116 2184 3364 2262 timore,
3397 2186 3500 2250 vel

2005 2276 2252 2360 proprii
2300 2278 2619 2343 commodi
2669 2281 3039 2363 cupiditate,
3072 2282 3175 2345 vel
3218 2301 3296 2347 ex
3345 2282 3500 2348 ficta

2003 2375 2272 2457 justitia.
2324 2376 2413 2439 Ex
2463 2377 2563 2440 bis
2616 2397 2893 2461 namque
2944 2388 3007 2443 et
3055 2381 3499 2447 consimilibus

2003 2472 2236 2552 causis,
2268 2474 2458 2538 multi
2494 2475 2893 2541 subditorum
2928 2497 3077 2542 suos
3108 2480 3369 2543 laudant
3396 2502 3501 2545 su-

2002 2572 2309 2656 perioreS,
2346 2576 2641 2655 quamvis
2683 2575 2963 2657 iniquos.
3000 2581 3129 2641 Sed
3154 2589 3214 2641 et
3241 2583 3359 2642 hoc
3388 2602 3499 2642 va-

2000 2674 2178 2734 nitas
2224 2682 2369 2736 est:
2412 2673 2565 2754 quia
2610 2674 2711 2753 (ut
2757 2674 2846 2737 ait
2894 2674 3262 2759 Gregorius)
3308 2678 3500 2761 culpa

2001 2769 2416 2834 vehementer
2456 2768 2869 2849 diffunditur,
2914 2774 3067 2835 dum
3110 2772 3164 2835 is
3203 2774 3314 2855 qui
3357 2794 3499 2857 pec-

2000 2876 2122 2945 cat,
2170 2877 2432 2951 propter
2472 2869 2571 2931 sui
2616 2870 2991 2949 dignitatem
3038 2869 3249 2935 officii
3300 2872 3498 2938 hono-

2000 2974 2198 3029 ratur.

1999 3168 2203 3225 malos
2232 3168 2549 3227 sententia
2578 3164 2782 3228 divini
2810 3165 3037 3246 judieii
3072 3186 3085 3231 τ
3125 3167 3287 3230 Deus
3316 3168 3491 3232 enim

1999 3263 2295 3345 pluribus
2325 3262 2437 3326 diu
2468 3262 2693 3345 parcit,
2714 3272 2784 3326 ut
2817 3272 3290 3343 convertantur,
3312 3266 3491 3347 juxta

2000 3361 2159 3424 illud
2193 3360 2553 3444 Sapientiae,
2589 3362 2960 3426 Dissimulas
2991 3373 3248 3445 peccata
3286 3364 3490 3429 homi·
3515 3388 3781 3445 suffixum.

1997 3480 2151 3523 num
2208 3468 2470 3542 propter
2528 3460 2970 3542 poenitentiam
3001 3480 3019 3542 3
3072 3465 3307 3543 absque
3350 3468 3488 3525 ullo

1998 3560 2227 3619 timore
2241 3558 2377 3634 filii
2396 3559 2734 3619 hominum
2746 3569 3126 3637 perpetrant
3146 3564 3345 3623 mala.
3360 3561 3491 3625 Hoc

1994 3658 2075 3720 de
2105 3655 2493 3719 intimoratis
2522 3661 2584 3717 et
2627 3657 2958 3720 excaecatis
2997 3656 3366 3721 hominibus
3393 3668 3492 3723 est

1994 3754 2490 3836 intelligendum
2528 3771 2542 3815 :
2578 3753 2690 3835 qui
2722 3773 2800 3818 ex
2830 3754 3137 3819 dilatione
3163 3756 3483 3835 vindictae,

1993 3853 2161 3915 fiunt
2199 3853 2279 3915 ad
2314 3852 2707 3934 peccandum
2748 3853 3137 3930 audacioreS,
3173 3872 3303 3917 non
3342 3873 3489 3919 con-

1991 3953 2343 4016 siderantes
2378 3950 2653 4032 rigorem
2687 3950 2891 4014 divini
2934 3950 3183 4033 judicii,
3214 3952 3317 4015 vel
3346 3972 3489 4036 per-

1991 4052 2336 4115 suadentes
2370 4049 2495 4111 sibi
2525 4050 2872 4113 vanissime
2905 4051 3075 4131 quod
3107 4060 3328 4133 postea
3359 4070 3488 4134 poe-

1991 4149 2307 4224 nitebunt,
2343 4148 2445 4213 vel
2500 4150 2673 4230 quod
2724 4146 3015 4211 sufficiat
3060 4149 3373 4232 poenitere
3417 4150 3485 4214 in

261 4310 276 4321 ,
380 4245 695 4327 majorem
735 4264 916 4307 suam
954 4242 1454 4322 damnationem,
1490 4246 1745 4327 quando
1789 4247 1881 4311 vi·
1913 4245 1962 4306 D
1995 4246 2125 4309 fine
2158 4246 2325 4323 vitae,
2362 4247 2897 4328 quemadmodum
2940 4266 3054 4330 per
3090 4248 3483 4313 Ezechielem

109 4555 273 4601 Buch-
285 4570 344 4608 m,

92 4621 150 4669 1⁸.
179 4622 262 4673 2⁰3

90 4696 218 4735 xum,
229 4686 278 4735 6,
290 4687 334 4727 8.

382 4344 620 4407 delicet
648 4342 1066 4423 negligenter,
1102 4342 1466 4421 carnaliter,
1485 4344 1874 4422 scandaloso,

379 4451 493 4505 aut
530 4440 808 4524 superbe
844 4460 913 4503 se
943 4440 1136 4504 habet
1176 4441 1246 4503 in
1276 4441 1503 4505 officio
1537 4443 1880 4525 praesiden-

383 4541 492 4603 tiae
533 4558 666 4603 suae
701 4538 903 4620 :quia
947 4546 1098 4601 tunc
1143 4539 1445 4602 Dominus
1489 4540 1759 4623 requirit
1803 4542 1880 4604 de

383 4657 580 4701 manu
619 4636 824 4720 ipsius
864 4636 1112 4699 animas
1154 4638 1559 4716 pereuntium
1599 4638 1882 4703 subdito-

383 4756 528 4800 rum
568 4735 691 4799 sub
730 4736 893 4818 ipso.
925 4735 1004 4798 Et
1033 4753 1165 4816 quo
1204 4736 1344 4816 ejus
1386 4736 1618 4815 gradus
1655 4746 1752 4799 est
1791 4737 1882 4799 al-

383 4836 526 4912 tior,
563 4843 632 4898 et
668 4852 798 4916 quo
837 4832 1132 4917 pluribus
1175 4842 1424 4915 praeest,
1459 4852 1534 4897 eo
1576 4834 1762 4898 ruina
1792 4836 1884 4918 ip-

381 4934 516 4997 sius
557 4941 658 4997 est
681 4932 960 5014 gravior.
994 4930 1072 4993 Et
1099 4929 1546 5013 unusquisque
1583 4933 1882 5015 praelatus

381 5052 456 5097 ac
487 5031 838 5114 praesidens
869 5037 962 5094 tot
991 5028 1325 5106 mortibus,
1346 5036 1439 5092 tot
1468 5029 1886 5093 damnationi-

383 5131 507 5195 bus
537 5130 773 5211 dignus
797 5137 911 5207 est,
929 5135 1086 5210 quot
1117 5126 1347 5191 subditi
1381 5128 1889 5191 scandalizantur

385 5229 514 5295 sub
557 5248 656 5305 eo,
693 5236 757 5291 et
799 5247 876 5291 ex
921 5228 1062 5310 ejus
1102 5226 1278 5291 vitiis
1325 5227 1792 5310 periclitantur,
1817 5237 1889 5292 ut

389 5328 486 5392 ait
514 5326 1136 5409 Gregorius.Nempe
1163 5324 1277 5408 qui
1307 5345 1520 5390 coram
1551 5327 1694 5391 aliis
1721 5327 1892 5391 male

1989 4344 2293 4409 Dominus
2326 4344 2611 4425 loquitur
2655 4364 2669 4407 :
2715 4345 3125 4428 Quacumque
3154 4347 3311 4411 hora
3339 4367 3485 4431 pec-
3564 4378 3738 4425 Emi,

1989 4452 2165 4507 cator
2192 4442 2595 4522 ingemuerit,
2629 4443 2916 4507 omnium
2948 4453 3351 4527 peccatorum
3384 4466 3485 4509 su·
3510 4444 3775 4497 ¹2¹¹¹v²¹·²²·

1989 4560 2172 4605 orum
2214 4558 2343 4603 non
2383 4540 2783 4604 recordabor.
2818 4542 2895 4604 Et
2932 4542 3233 4623 quoniam
3263 4544 3483 4609 vident

1991 4639 2150 4703 alios
2208 4638 2319 4701 diu
2379 4638 2641 4721 impune
2698 4658 3016 4722 peccasse,
3076 4649 3315 4723 putant·
3359 4641 3483 4705 sibi

1991 4755 2249 4819 quoque
2278 4736 2633 4817 periculum
2669 4756 2797 4801 non
2829 4738 3087 4802 instare.
3111 4738 3217 4802 Isti
3250 4738 3483 4819 ingrati

1990 4856 2063 4899 ac
2093 4834 2409 4910 obdurati,
2444 4854 2572 4899 non
2608 4843 2950 4918 pensantes
2979 4837 3229 4900 occulta
3255 4857 3329 4901 ac
3358 4857 3485 4903 me-

1992 4934 2227 4996 tuenda
2288 4932 2400 4997 Dei
2453 4933 2719 5016 judicia,
2770 4933 3123 4997 abutuntur
3177 4936 3486 5018 patientia

1993 5032 2127 5095 Dei.
2161 5031 2400 5106 Quibus
2430 5033 2511 5095 ad
2544 5032 2857 5099 Romanos
2890 5031 3173 5114 loquitur
3197 5034 3427 5099 Paulus
3463 5053 3477 5099 :

1994 5132 2248 5212 Ignoras
2279 5132 2585 5212 quoniam
2624 5130 2986 5211 benignitas
3018 5132 3127 5194 Dei
3156 5134 3235 5197 ad
3274 5134 3483 5216 poeni-
3513 5162 3774 5214 flm„‚4,5‚

1998 5229 2263 5292 tentiam
2313 5237 2374 5292 te
2421 5229 2727 5291 adducit?
2777 5228 3135 5293 Secundum
3183 5231 3485 5295 duritiam

1999 5335 2211 5391 autem
2244 5334 2440 5403 tuam,
2465 5334 2527 5389 et
2559 5326 2970 5409 impoenitens
3002 5345 3112 5392 cor
3142 5330 3489 5406 tuum,the-
