4284 6267
550 896 595 1002 ’Ξ
610 896 738 941 Petr.
754 910 811 949 iv,

563 2486 681 2542 Aoo.
700 2500 727 2539 ι,
751 2486 791 2529 7.

548 3858 583 3905 ll
598 3860 710 3904 Tim.
725 3862 813 3911 ma.

586 3958 600 4002 l
620 3957 725 4002 Cor.
744 3970 812 4009 xv,

549 4024 616 4063 58.

548 4152 581 4199 ll
598 4152 744 4198 These.
758 4166 815 4205 ιιι.

550 4218 699 4322 ,prust
716 4290 815 4334 ope·

548 4340 632 4385 rari

845 492 965 559 200

1458 511 1809 558 mAnnA‘rlo
1850 512 1911 557 lx
1953 511 2092 557 GAP.
2136 511 2288 557 ml
2329 510 2812 557 Pnovmtonuu.
2857 528 2938 539 —
2979 510 3120 555 ΛΒΤ.
3165 509 3316 556 xxx}

844 682 1024 745 utilis
1054 692 1149 747 est
1179 684 1257 747 ad
1287 681 1805 758 aedificationem,
1830 690 1899 744 ut
1927 682 2035 744 det
2060 680 2326 761 gratiam
2359 680 2410 743 A
2441 680 2735 762 proximi,
2779 681 2892 745 sed
2933 681 3136 761 magis
3181 679 3510 743 detractio.
3559 679 3716 743 Cum
3754 678 3933 744 omni

842 782 1151 845 audienti.
1170 782 1349 845 Unde
1380 790 1441 844 et
1468 781 1873 845 beatissimus
1902 780 2334 862 Archiaposto-

844 880 945 943 lus
978 880 1043 942 in
1076 879 1283 962 prima
1308 899 1425 943 sua
1451 879 1763 944 Canonica
1792 879 2053 943 scribit:
2091 878 2156 942 Si
2185 879 2332 960 quis

842 979 1151 1060 loquitur,
1192 979 1373 1060 quasi
1426 996 1752 1041 sermones
1798 977 1928 1040 Dei.
1962 980 2047 1040 Et
2082 982 2187 1037 lea:
2213 983 2332 1038 cle-

842 1079 1099 1139 menciae
1128 1078 1200 1139 in
1242 1079 1473 1154 linqua
1505 1078 1672 1155 ejus,
1704 1075 1766 1137 id
1802 1083 1898 1139 est
1933 1074 2032 1137 lex
2063 1094 2334 1156 evange-

841 1174 985 1253 lica,
1021 1194 1165 1257 quae
1200 1184 1295 1239 est
1336 1175 1436 1238 lex
1474 1174 1668 1238 totius
1706 1174 1984 1237 caritatis
2031 1182 2093 1237 et
2132 1174 2332 1257 pieta-

840 1276 946 1350 tis,
984 1293 1111 1338 non
1146 1274 1361 1337 statim
1392 1273 1729 1351 ulciscens,
1764 1281 1827 1337 et
1855 1292 1969 1356 per
1997 1292 2330 1356 poenarum

840 1372 1290 1455 temporalium
1324 1382 1625 1436 terrorem
1668 1390 1986 1447 coercenS,
2022 1372 2188 1435 sicut
2231 1373 2330 1435 lex

842 1471 1093 1555 MoysiS,
1120 1490 1263 1553 quae
1293 1469 1417 1533 fuit
1448 1471 1547 1535 lex
1582 1470 1827 1533 timoris
1853 1478 2044 1551 atque
2074 1470 2324 1551 rigoris,

938 1573 1383 1633 Consideravic
1426 1572 1686 1631 semitas
1732 1572 1960 1630 domus
2010 1590 2166 1631 suoe.
2215 1570 2330 1633 Per

838 1673 1100 1735 domum
1132 1667 1451 1745 Ecclesiae,
1484 1667 1853 1747 designatur
1882 1684 1991 1731 cor
2028 1687 2140 1730 seu
2182 1685 2332 1731 con-

839 1768 1105 1833 scientia
1143 1767 1304 1849 ejuS‚
1340 1766 1439 1831 vel
1469 1784 1887 1848 quaecumque
1926 1766 2328 1848 particularis

2438 779 2770 862 diligentia
2815 788 3063 862 oportet
3108 787 3168 842 te
3211 778 3592 859 investigare
3631 798 3776 861 quae
3825 788 3932 841 tua

2439 886 2610 955 sunt,
2641 887 2704 941 et
2743 878 2832 940 ita
2878 896 3022 959 quae
3068 877 3341 961 proximi
3391 886 3560 952 sunt,
3601 877 3930 941 decernes,

2438 976 2597 1039 Hinc
2628 976 2912 1058 loquitur
2937 986 3000 1041 et
3021 976 3356 1039 Anselmus
3381 996 3396 1041 ε
3422 976 3684 1039 Tamdiu
3716 996 3938 1059 pecca—

2441 1084 2504 1137 ta
2531 1076 2812 1159 propria,
2847 1095 2990 1158 quae
3022 1094 3208 1139 nosse
3237 1083 3300 1137 et
3329 1074 3488 1137 flere
3514 1074 3935 1149 debet,homo

2439 1173 2711 1253 ignorat,
2741 1174 3064 1254 quamdiu‘
3082 1173 3292 1236 aliena
3323 1172 3680 1236 considerat
3711 1193 3726 1237 τ
3759 1176 3933 1255 quod

2439 1271 2494 1334 si
2529 1290 2735 1335 mores
2767 1291 2938 1348 suoS,
2972 1273 3050 1334 ad
3093 1291 3162 1334 se
3199 1271 3409 1354 ipsum
3441 1290 3685 1349 versuS,
3727 1272 3936 1355 adspi-

2437 1370 2584 1449 ciat,
2617 1389 2746 1434 non
2790 1370 3073 1452 requiret
3103 1371 3272 1451 quod
3304 1370 3373 1432 in
3406 1370 3551 1433 aliis
3589 1372 3932 1454 reprehen-

2439 1470 2568 1543 dat,
2621 1470 2728 1532 sed
2779 1469 2846 1531 in
2896 1488 2964 1531 se
3013 1468 3155 1551 ipso
3203 1470 3372 1551 quod
3434 1470 3662 1550 lugeat.
3715 1470 3928 1534 Nihilo

2438 1568 2654 1632 minus
2685 1568 2808 1630 sihi
2840 1568 3236 1647 commiSSOS,
3271 1568 3451 1650 quasi
3485 1586 3550 1631 se
3581 1568 3790 1651 ipsum
3821 1569 3930 1631 des

2439 1669 2569 1745 bet,
2604 1667 2714 1748 qui
2751 1674 3000 1749 praeest,
3033 1667 3382 1730 attendere.

2519 1770 2964 1829 Surreoeerunt
3003 1768 3140 1844 filii
3181 1768 3345 1843 ejus,
3387 1776 3448 1825 et
3495 1768 3928 1828 beatissimam

837 1866 1119 1931 Ecclesia
1178 1865 1299 1928 sibi
1350 1864 1711 1928 commissa.
1762 1863 2132 1927 Considerat
2177 1882 2326 1945 ergo
2366 1873 2411 1933 Β
2433 1867 2971 1943 pra-dicaverunt.
3007 1863 3150 1926 Filii
3181 1873 3245 1927 et
3273 1864 3573 1947 discipuli
3603 1864 3922 1941 Ecclesiae,

836 1964 1139 2039 Ecclesia,
1185 1964 1250 2027 id
1278 1971 1397 2041 est,
1431 1962 1774 2044 diligenter
1804 1964 2144 2040 examinat,
2179 1983 2328 2046 pur-

836 2070 943 2145 gat
979 2072 1043 2125 et
1082 2062 1390 2144 ponderat
1436 2080 1660 2125 omnes
1707 2060 2121 2139 cogitationes
2167 2060 2328 2123 affe-

838 2160 1211 2241 ctionesque
1239 2158 1447 2223 cordis
1478 2159 1599 2235 sui,
1635 2178 1715 2221 ne
1743 2159 1897 2241 quid
1929 2158 2172 2241 Sponso
2201 2159 2329 2221 dis-

840 2259 1087 2342 plicens
1119 2256 1484 2323 inveniatur
1516 2258 1581 2320 in
1614 2258 1739 2337 eis;
1762 2265 1825 2319 et
1852 2257 2167 2338 quidquid
2199 2257 2329 2337 agit

838 2366 949 2421 aut
994 2356 1298 2439 loquitur,
1334 2356 1596 2419 discutit
1646 2356 2003 2437 vigilanter,
2036 2356 2215 2438 juxta
2254 2356 2328 2417 il-

840 2457 951 2520 lud
982 2456 1189 2537 Aggaei
1219 2474 1232 2519 z
1267 2456 1487 2519 Ponite
1514 2457 1705 2518 corda
1735 2464 1941 2520 vestra
1972 2474 2164 2538 super
2193 2456 2326 2518 vias

838 2564 1101 2621 vestras.
1139 2552 1446 2617 Similiter
1486 2554 1843 2617 considerat
1879 2562 2057 2616 actus
2095 2562 2160 2617 et
2199 2573 2330 2618 mo-

838 2672 939 2717 res
970 2672 1189 2717 eorum
1216 2654 1327 2734 qui
1362 2652 1485 2715 sibi
1516 2651 1841 2715 commissi
1872 2660 2121 2728 sunt,et
2150 2652 2330 2733 quid-

838 2751 992 2834 quid
1026 2752 1090 2813 in
1123 2751 1215 2813 eis
1256 2749 1578 2833 culpabile
1606 2749 1860 2827 viderit,
1896 2751 2325 2832 reprehendit.

837 2849 1089 2914 Semitae
1119 2868 1375 2931 quoque
1404 2850 1630 2912 domus
1664 2848 2143 2924 Ecclesiae,sunt
2174 2869 2330 2932 prae-

838 2957 1021 3032 cepta
1070 2947 1502 3013 ecclesiastica
1550 2967 1622 3010 ac
1671 2947 1909 3023 divina,
1963 2950 2330 3030 evangelica

2440 1963 2871 2026 beatissimam
2921 1981 3059 2025 eam
3111 1961 3412 2038 fatentur,
3454 1963 3742 2045 quotidie
3791 1983 3928 2026 sur-

2437 2064 2665 2145 gend0,
2701 2062 2764 2125 id
2795 2070 2893 2124 est
2925 2080 2992 2124 se
3031 2061 3331 2142 erigendo
3369 2062 3450 2125 ad
3481 2063 3930 2127 consideratio-

2440 2180 2586 2225 nem
2637 2159 3031 2223 excellentiae
3073 2161 3214 2242 ejus
3269 2161 3334 2222 in
3385 2160 3559 2223 omni
3605 2161 3807 2241 gratia
3851 2182 3928 2226 ac

2437 2261 2698 2337 virtute,
2743 2260 2809 2321 in
2859 2278 3125 2321 nume-ro
3167 2266 3231 2321 et
3277 2258 3624 2321 eminentia
3673 2259 3930 2325 Sancto-

2441 2379 2605 2433 rum,
2640 2358 2754 2440 qui
2784 2358 2852 2420 in
2883 2376 2956 2420 ea
2989 2357 3272 2435 fuerunt,
3317 2366 3557 2420 suntet
3591 2367 3799 2421 erunt.
3835 2359 3932 2423 Si-

2441 2457 2680 2521 militer
2711 2458 2779 2519 in
2824 2457 2926 2519 die
2966 2456 3193 2538 judicii
3225 2475 3362 2519 eam
3402 2457 3726 2535 extollent,
3759 2466 3824 2521 et
3859 2458 3929 2521 in

2440 2557 2646 2641 patria
2677 2557 3029 2619 Beatorum.
3053 2558 3164 2619 Vir
3182 2557 3334 2633 ejus.
3351 2565 3412 2617 et
3432 2558 3732 2618 laudavit
3747 2576 3890 2618 eam
3903 2582 3928 2618 .-

2439 2657 2592 2739 quia
2637 2663 2699 2719 et
2741 2656 3030 2719 Christus
3081 2674 3218 2718 eam
3269 2655 3671 2727 commendat
3711 2655 3930 2719 multi—

2441 2755 2695 2838 pliciter
2723 2773 2798 2817 ac
2829 2753 3151 2836 praeclare,
3193 2761 3260 2815 ut
3300 2752 3630 2835 potissime
3659 2763 3829 2836 patet
3858 2754 3927 2816 in

2439 2853 2992 2916 CanticiS.Multoe
3033 2854 3194 2928 filice
3239 2863 3784 2930 congregaverunt
3825 2856 3932 2913 di-

2441 2954 2639 3013 vitias
2667 2972 2690 3011 .·
2725 2950 2786 3012 id
2817 2959 2934 3027 est,
2967 2949 3488 3031 congregationes
3519 2950 3932 3033 philosopho-

836 3046 1125 3123 consilia‚
1160 3054 1223 3109 et
1251 3046 1533 3109 salubria
1562 3048 1941 3111 documenta
1978 3066 1991 3111 :
2029 3067 2172 3129 quae
2202 3068 2331 3111 om·
2366 3055 2410 3119 C
2441 3070 2581 3113 rum
2612 3058 2674 3111 et
2710 3049 3176 3126 haereticorum,
3204 3048 3272 3109 in
3316 3048 3544 3111 studiis
3588 3050 3722 3111 suis
3759 3050 3931 3113 circa

837 3145 945 3209 nia
968 3145 1288 3228 sapienter
1313 3146 1640 3228 pensanda
1662 3154 1823 3207 sunt.
1841 3144 2109 3209 Semitas
2136 3146 2328 3209 etiam
2440 3148 2882 3212 collectionem
2917 3146 3324 3209 scientiarum
3355 3156 3419 3209 et
3448 3166 3643 3229 opum
3675 3166 3786 3210 seu
3807 3148 3932 3211 vir-

837 3242 1115 3307 coelestis
1166 3243 1409 3326 palatii,
1459 3251 1524 3307 et
1568 3244 1801 3324 gaudia
1858 3244 2212 3321 Restm-um,
2267 3254 2330 3309 et
2441 3256 2649 3310 tutum
2688 3246 3168 3328 acquisitarum,
3203 3246 3466 3308 fuerunt
3502 3244 3820 3311 fervente-s
3865 3257 3932 3311 et

838 3362 1031 3427 opera
1073 3342 1313 3406 civium
1361 3360 1805 3426 supernorum,
1856 3343 2133 3407 fideliter
2182 3363 2333 3408 con·
2440 3345 2816 3426 vigilantes3
2869 3354 2939 3405 tu
2979 3364 3382 3423 supergressa
3429 3366 3492 3405 es
3539 3348 3876 3407 universas
3905 3367 3931 3407 :

839 3439 1200 3521 templatur.
1226 3442 1311 3503 Ec
1345 3460 1585 3519 panem
1616 3443 1817 3503 otiosa
1848 3462 1977 3503 non
2008 3446 2278 3503 eomedit
2307 3465 2330 3503 .·
2441 3444 2595 3525 quia
2630 3442 2908 3506 Ecclesia
2942 3441 3364 3505 ineffabiliter
3400 3442 3542 3505 illas
3581 3444 3824 3506 excedit
3861 3445 3930 3507 in

840 3537 993 3621 quia
1050 3540 1127 3601 ad
1184 3538 1618 3620 spiritualium
1678 3539 1980 3604 alimenta
2038 3539 2332 3605 refectio-
2441 3542 2776 3625 sapientia,
2830 3541 3136 3622 dignitate
3185 3549 3248 3603 et
3293 3544 3646 3606 sanctitate.
3695 3547 3934 3606 Fallax

840 3656 1018 3713 num,
1064 3656 1180 3720 per
1220 3636 1421 3701 otium
1463 3646 1527 3701 et
1570 3648 1887 3721 torporem
1932 3658 2328 3721 nequaquam
2434 3644 2684 3722 qratia,
2734 3642 2798 3704 id
2849 3649 2962 3718 est,
3017 3640 3218 3717 favor,
3253 3643 3623 3724 acceptatio,
3669 3644 3934 3725 lausque

844 3734 1384 3817 pertingitur.Sed
1414 3736 1680 3819 implere
1709 3744 1957 3819 oportet
1988 3737 2148 3801 illud
2179 3738 2335 3820 Apo·
2444 3739 2744 3818 humana,
2799 3740 3056 3803 fallaces
3113 3747 3262 3802 sunt
3313 3748 3374 3802 et
3433 3741 3826 3823 deceptivae3
3873 3754 3936 3804 ec

844 3834 987 3897 stoli
1047 3856 1060 3900 ε
1120 3834 1360 3899 Labora
1419 3835 1585 3897 sicut
1642 3836 1849 3899 bonus
1905 3836 2089 3901 miles
2152 3837 2332 3902 Chri·
2445 3860 2616 3899 vana
2653 3850 2742 3899 est
2763 3841 3212 3917 pulchritudo,
3249 3839 3311 3900 id
3347 3846 3443 3901 est
3472 3848 3731 3903 ornatus
3769 3850 3938 3907 exte-

843 3934 959 4013 sti3
992 3942 1054 3997 et
1103 3953 1342 4011 rursuS,
1389 3932 1659 3997 Stabiles
1698 3942 1895 3999 estote
1936 3945 1998 3999 et
2044 3936 2337 4001 immobi-
2444 3937 2576 3999 rior
2623 3936 2762 3999 sine
2811 3937 3134 4013 interiore,
3180 3938 3354 4000 color
3404 3937 3779 4016 rhetoricuS,
3828 3960 3938 4023 ap-

844 4032 959 4109 leS‚
984 4032 1380 4095 abundantes
1426 4032 1491 4094 in
1534 4051 1724 4115 opere
1768 4034 2015 4097 Domini
2056 4054 2330 4119 semper.
2445 4036 2736 4119 parentia
2781 4035 3250 4111 simulatorum,
3299 4044 3362 4099 et
3402 4037 3716 4119 quidquid
3767 4048 3936 4101 earet

842 4132 1101 4214 Propter
1157 4131 1326 4211 quod
1386 4131 1595 4194 denuo
1653 4131 1908 4215 scripsit
1961 4154 1976 4197 :
2028 4133 2143 4208 Qui
2205 4154 2332 4199 non
2447 4133 2668 4197 divino
2727 4152 2963 4196 amore.
3009 4137 3257 4195 Mulier
3304 4137 3534 4196 timens
3581 4138 3936 4198 Dominum

843 4228 1087 4293 laborat
1109 4230 1156 4306 *,
1191 4244 1318 4291 non
1370 4230 1729 4292 manducet.
1778 4230 1991 4312 ltaque
2041 4250 2158 4295 nec
2199 4251 2336 4297 cor·
2365 4233 2414 4295 D
2449 4231 2636 4295 filiali
2669 4232 2916 4309 timore,
2945 4235 3086 4311 ipsa
3123 4235 3522 4308 laudabitur,
3547 4243 3701 4315 puta
3728 4234 3936 4299 Eccle-

842 4326 1148 4412 poralem,
1176 4345 1291 4391 nec
1322 4326 1721 4410 spiritualem
1752 4328 1967 4392 cibum
2000 4331 2195 4394 sumit
2224 4333 2336 4395 Ec-
2447 4331 2562 4408 sia,
2595 4340 2659 4393 et
2709 4329 3014 4412 quaelibet
3061 4330 3275 4393 anima
3321 4330 3627 4396 virtuosa.
3662 4336 3824 4395 Date
3871 4336 3935 4394 ei

841 4424 1035 4490 clesia
1094 4424 1316 4503 otiose,
1370 4426 1480 4489 sed
1538 4426 1724 4489 bonis
1779 4427 2025 4491 actibus
2083 4448 2335 4513 semper
2442 4432 2522 4489 de
2548 4432 2773 4509 fructu
2795 4449 3115 4490 manuum
3133 4449 3428 4497 suarum,
3448 4429 3511 4491 id
3541 4439 3934 4513 est,propter

840 4522 1099 4601 intenta,
1118 4524 1271 4605 quia
1300 4532 1364 4587 et
1393 4524 1595 4607 ipsam
1627 4526 2173 4591 manducationem
2208 4548 2336 4592 cor·
2446 4526 2674 4589 merita
2703 4545 2961 4589 suarum
2993 4528 3302 4589 virtutum
3334 4536 3398 4591 et
3427 4528 3774 4606 actionum,
3795 4548 3932 4592 eam

837 4623 1121 4706 poralem
1145 4621 1343 4687 refert
1372 4622 1449 4686 ad
1474 4622 1582 4685 Dei
1604 4622 1872 4703 gloriam
1898 4644 1969 4687 ac
1999 4625 2329 4689 honorem.
2446 4626 2700 4688 laudate
2745 4634 2810 4687 et
2855 4623 3238 4707 glorificate,
3283 4644 3320 4689 o
3370 4626 3580 4707 angeli
3625 4627 3826 4690 sancti
3874 4634 3936 4690 et

914 4720 993 4784 At
1016 4739 1165 4787 vero
1196 4730 1493 4803 praetacta
1522 4721 1622 4784 sui
1654 4722 1857 4804 ipsius
1888 4724 2326 4801 consideratio,

835 4818 1018 4885 valde
1049 4826 1146 4882 est
1176 4818 1646 4896 utiliS,dicente
1674 4820 2120 4903 chrysostomo
2143 4821 2336 4896 :Qua-

834 4917 978 4981 liter
1024 4918 1091 4980 in
1128 4916 1273 4981 aliis
1303 4917 1481 4981 vides
1521 4926 1647 4981 tam
1695 4937 1911 5002 parva,
1947 4928 2011 4982 et
2054 4920 2119 4983 in
2166 4929 2224 4984 te
2259 4941 2332 4985 ac

832 5013 959 5078 tuis
1003 5022 1133 5079 tam
1180 5033 1409 5096 magna
1448 5016 1875 5080 transcurris?
1914 5016 1976 5080 Si
2012 5026 2071 5080 te
2112 5018 2331 5102 diligis

832 5113 1033 5193 magis
1068 5132 1261 5195 quam
1302 5113 1684 5196 proximum,
1710 5133 1907 5196 quare
1956 5115 2137 5179 illum
2190 5135 2332 5199 pro-

833 5230 1039 5287 curas,
1063 5228 1191 5275 non
1233 5220 1293 5275 te
1324 5210 1575 5293 ipsum?
1604 5211 1666 5275 Si
1697 5221 1907 5276 autem
1942 5222 2003 5277 te
2033 5214 2326 5295 negligiS,

834 5309 1245 5375 manifestum
1295 5318 1391 5374 est
1441 5311 1613 5393 quod
1654 5330 1785 5376 non
1836 5312 1921 5375 sit
1964 5314 2329 5397 procuratio

2446 4723 2732 4787 universi
2769 4742 2918 4787 vere
2961 4723 3351 4805 illuminati3
3384 4735 3444 4786 et
3489 4728 3756 4787 laudent
3793 4748 3935 4789 eam

2445 4824 2516 4884 in
2539 4825 2770 4900 portis,
2815 4822 2876 4884 id
2909 4830 3006 4885 est
3037 4822 3104 4885 in
3135 4822 3240 4885 die
3271 4822 3522 4905 judicii,
3554 4832 3618 4887 et
3645 4824 3936 4905 ingressu

2444 4919 2623 5000 regni
2661 4920 2961 4997 coelestis,
3003 4941 3198 4999 ope-ra
3225 4923 3367 4999 ejus
3396 4943 3420 4981 .·
3452 4923 3519 4985 id
3560 4930 3678 5000 est,
3719 4931 3934 4999 osten-

2442 5020 2597 5082 dant
2623 5038 2762 5083 eam
2796 5028 3049 5102 propter
3077 5039 3151 5083 ea
3181 5039 3322 5102 quae
3351 5021 3562 5101 gessit,
3578 5040 3718 5084 esse
3750 5021 3934 5085 laude

4055 1786 4126 1840 28

4054 4357 4116 4412 31

2441 5117 2904 5198 dignissimam.
2940 5116 3142 5201 Opera
3184 5119 3357 5181 enim
3396 5121 3534 5201 ejus
3578 5128 3933 5201 sequuntur
3976 5146 4189 5198 apuam.

2440 5216 2639 5293 illam,
2683 5225 2747 5279 et
2787 5216 3229 5298 unusquisque
3279 5218 3544 5301 recipiet
3583 5238 3620 5280 a
3663 5217 3930 5281 Domino
3961 5210 4178 5312 Ἕρση

3959 5333 4020 5374 lo.

2440 5314 2787 5380 secundum
2823 5334 2897 5393 ea
2927 5332 3066 5397 quie
3104 5314 3322 5399 gessit.
