4284 6267
829 505 948 567 452
2205 518 2546 567 rnocmnmr

832 690 951 753 Sed
1002 692 1171 773 quod
1219 690 1417 773 aliqui
1459 691 1671 753 Patres
1720 690 1889 753 hunc
1939 690 2176 753 librum
2226 688 2547 754 Salomoni
2599 688 2992 766 adscribunt,
3045 688 3256 770 potuit
3303 688 3560 753 evenire
3609 686 3925 769 quoniam

828 805 1048 861 auctor
1091 797 1240 861 libri
1282 798 1467 861 istius
1514 797 1685 860 infra
1732 797 1801 858 in
1848 815 2122 879 persona
2172 797 2455 879 loquitur
2504 796 2896 876 Salomonis;
2939 804 3002 859 et
3053 796 3229 873 item,
3271 797 3426 878 quia
3477 794 3811 860 elz-verbis
3853 802 3924 857 et

830 905 1165 968 sententiis
1198 903 1551 969 Salomonis
1590 904 1869 968 creditur
1908 904 2312 987 compilatus.
2349 905 2505 968 Hinc
2549 904 2844 967 Rabanus
2887 912 3102 968 narrat
3136 922 3151 967 z
3196 904 3373 968 Hunc
3410 905 3645 968 librum
3689 904 3926 968 asserit

828 1013 1248 1096 Hieronymus
1292 1032 1421 1077 non
1461 1033 1497 1075 a
1540 1012 1875 1076 Salomone
1910 1012 2370 1095 conscriptum,
2405 1012 2517 1075 sed
2562 1032 2599 1075 a
2637 1012 2924 1089 Philone,
2971 1012 3341 1077 doctissimo
3382 1033 3455 1077 ac
3495 1013 3925 1077 disertissimo

826 1112 1183 1175 Judaeorum
1220 1132 1233 1176 ε
1270 1132 1459 1194 que-m
1503 1110 2061 1195 pseudographum
2110 1120 2456 1194 nuncupat,
2505 1111 2810 1194 quoniam
2861 1130 3096 1176 nomen
3135 1112 3415 1175 alienum
3459 1112 3583 1176 sibi
3623 1122 3919 1196 usurpat.

830 1220 1093 1303 Insuper
1130 1221 1211 1283 de
1257 1219 1522 1283 Philone
1566 1219 1677 1283 illo
1716 1218 1916 1282 multa
1953 1216 2179 1281 scribit
2215 1218 2632 1301 Hieronymus
2673 1219 2740 1280 in
2781 1218 2943 1282 libro
2980 1220 3060 1283 de
3090 1218 3258 1283 Viris
3297 1219 3654 1284 illustribus
3687 1240 3704 1285 ε
3743 1222 3926 1305 quod

833 1328 1079 1392 scilicet
1141 1328 1343 1391 multa
1404 1327 1557 1391 fecit
1606 1327 1955 1411 opuscula3
2007 1334 2072 1389 et
2115 1326 2287 1408 quod
2337 1326 2420 1389 ab
2465 1325 2822 1389 Alexandro
2890 1327 3151 1391 Romam
3198 1327 3456 1405 missus,
3508 1328 3802 1392 notitiam
3857 1339 3930 1393 et

832 1434 1180 1498 amicitiam
1229 1434 1453 1498 habuit
1499 1434 1853 1501 beatissimi
1896 1434 2061 1497 Petri
2104 1432 2416 1516 principis
2447 1432 2930 1514 Apostolorum;
2973 1443 3038 1496 et
3081 1434 3159 1497 de
3197 1434 3576 1498 Christianis
3625 1435 3686 1499 S.
3729 1436 3928 1501 Marci

834 1542 1241 1622 evangelistae
1291 1542 1627 1625 discipulis
1681 1541 2079 1605 Alexandriae
2132 1539 2569 1604 habitantibus
2623 1540 2825 1602 edidit
2883 1540 3148 1619 librum,
3205 1544 3574 1606 eorumdem
3623 1543 3930 1608 laudibus

836 1651 1123 1732 plenum.
