4284 6267
88 968 139 1008 l..

82 1691 110 1733 ll
119 1693 330 1747 aequm,

81 1757 115 1803 2.
133 1758 174 1796 4.

73 2678 254 2782 gulosa.
271 2692 334 2730 m,

93 2876 165 2921 Pe.
181 2890 240 2927 iv,
257 2879 304 2921 9.

69 3072 148 3177 ¹Cfi
155 3072 328 3126 Ianxvi,

69 4850 156 4893 Tit.
173 4864 232 4902 m,
249 4853 324 4895 ¹⁰.

109 5046 262 5092 Redi.

45 5121 170 5161 xxm,
190 5112 238 5153 6.

47 5244 320 5346 υΡνοιιιιιιι,

999 518 1352 566 ENARRA'rlo
1395 518 1460 565 IN
1502 519 1640 565 CAP-
1687 518 1708 564 1
1750 518 1990 565 CANtht
2033 516 2438 569 CAN'rlcomm.
2486 542 2565 551 -·-
2606 522 2747 570 Am.
2794 520 2859 569 In

3360 503 3477 571 305

371 689 544 765 vitae,
598 697 662 753 te
711 690 878 751 intra
934 707 1002 752 se
1049 691 1289 773 jugiter
1336 689 1870 772 complectuntur,
1905 690 1953 752 A
1987 690 2289 773 itemque.
2336 692 2452 767 Qui
2496 695 2705 757 erudit
2750 696 3119 773 derisorem,
3171 696 3307 779 ipse
3350 696 3769 769 sibiProv.1x‚⁷.

371 788 675 865 retinent,
722 807 840 850 nec
877 786 1245 865 offendunt,
1288 788 1374 851 ita
1412 796 1483 850 ut
1522 788 1679 850 illud
1719 789 1877 850 Deu-

87 903 340 991 amum,
371 886 714 950 teronomii
750 887 1091 969 impleatur
1121 888 1186 949 in
1219 887 1312 950 eis
1339 906 1352 949 :
1385 887 1875 949 Amantissimus

367 985 627 1048 Domini
663 985 982 1048 habitabit
1018 984 1454 1065 confidenter3
1486 986 1553 1047 in
1587 1004 1660 1050 eo
1691 986 1873 1067 quasi

367 1084 438 1147 in
490 1085 776 1149 thalamo
826 1092 956 1149 tota
1013 1085 1118 1148 die
1167 1084 1544 1162 morabitur,
1596 1093 1659 1147 et
1706 1086 1875 1147 inter

364 1184 671 1248 humeros
703 1183 879 1246 illius
911 1184 1288 1265 requiescet.
1313 1184 1528 1247 Indica
1553 1184 1875 1265 (inquam)

363 1282 552 1358 mihi,
589 1282 701 1345 ubi
733 1283 824 1345 sic
856 1302 1100 1365 pascaS,
1135 1283 1228 1345 sic
1258 1281 1453 1345 cubes
1483 1283 1550 1343 in
1580 1282 1870 1358 meridie,

366 1380 434 1443 id
470 1389 569 1443 est
609 1381 678 1444 in
718 1382 1045 1465 praecipuo
1091 1381 1310 1462 gratiae
1350 1389 1472 1445 tuae
1511 1382 1870 1463 splendore,

365 1478 436 1540 in
471 1498 704 1560 magno
737 1480 1020 1543 caritatis
1052 1479 1324 1557 fervore,
1361 1480 1427 1541 in
1459 1480 1875 1543 illuminatio-

363 1597 450 1641 ne
484 1580 830 1661 praeclara:
864 1580 1402 1662 quemadmodum
1429 1580 1495 1641 in
1532 1580 1767 1659 Regum
1803 1579 1873 1641 li·

363 1676 501 1739 bris
533 1678 729 1740 David
764 1677 1026 1741 fatetur:
1048 1677 1318 1761 Spiritus
1349 1678 1599 1741 Domini
1631 1678 1872 1740 locutus

363 1783 466 1837 cst
505 1794 622 1857 per
659 1795 784 1852 me,
831 1777 996 1840 sicut
1033 1775 1385 1839 meridiana
1424 1776 1532 1839 lux
1571 1775 1742 1839 clara
1777 1782 1874 1837 est

1988 789 2289 872 injuriam
2323 790 2495 855 facit.
2532 793 2680 855 Nam
2714 801 2776 856 et
2805 813 3076 876 sponsus
3107 796 3174 856 in
3204 795 3477 874 Evange-

1986 888 2072 951 lio
2121 888 2313 969 jussit
2346 908 2359 950 ε
2392 890 2597 953 Nolite
2646 900 2931 955 sanctum
2984 894 3134 955 dare
3182 893 3471 969 canibus,

1987 1006 2195 1067 neque
2238 989 2608 1069 margaritas
2652 998 2894 1053 vestras
2936 991 3288 1073 projiciatis
3329 999 3477 1054 ante

1985 1104 2233 1167 porcos
2268 1086 2504 1149 Verum
2539 1088 2842 1168 quamdiu
2882 1089 3130 1169 ignorat
3168 1090 3470 1168 Ecclesia,

1986 1184 2130 1264 quis
2162 1184 2387 1247 docilis
2416 1185 2792 1250 indocilisve
2822 1188 3100 1263 exsistat,
3127 1187 3316 1250 debet
3345 1206 3476 1252 om-

1986 1281 2178 1344 nibus
2222 1284 2587 1365 praedicare,
2633 1285 2798 1348 sicut
2846 1285 2911 1347 in
2955 1285 3151 1347 simili
3200 1286 3477 1368 loquitur

1983 1380 2373 1460 Augustinus
2407 1402 2421 1445 :
2456 1381 2818 1446 Nescientes
2846 1383 2991 1464 quis
3021 1384 3098 1445 ad
3130 1384 3476 1449 electorum

1982 1489 2093 1542 aut
2130 1479 2548 1561 reproborum
2595 1481 2962 1544 societatem
3002 1483 3337 1564 pertineat,
3372 1484 3478 1547 de-

1982 1578 2205 1641 bemus
2254 1577 2646 1641 beneficium
2704 1579 2999 1643 fraternae
3058 1582 3476 1664 correptionis

1984 1676 2353 1759 impendere
2402 1678 2670 1740 cunctiS.

2061 1775 2139 1838 At
2178 1795 2328 1839 vero
2362 1796 2476 1859 per
2506 1777 2773 1854 sodaleS,
2810 1776 3069 1858 quidam
3107 1778 3475 1861 intelligunt

360 1883 428 1935 et
458 1874 705 1956 absque
735 1874 1016 1938 nubibus
1057 1875 1294 1938 rutilat.
1329 1873 1625 1948 Quamvis
1656 1882 1868 1936 autem
1909 1872 1954 1932 Β
1982 1872 2434 1937 haeresiarchas
2462 1882 2525 1936 et
2553 1874 2917 1939 seductores
2947 1895 3020 1938 ac
3056 1876 3286 1958 impios
3319 1896 3477 1959 prae-

361 1990 642 2055 sponsus
675 1974 841 2035 inter
867 1973 1041 2036 cives
1081 1972 1263 2053 regni
1292 1973 1570 2037 coelestis
1613 1972 1871 2054 potissi-

361 2090 466 2133 me
510 2072 725 2149 cubet,
771 2072 883 2153 qui
923 2071 1278 2135 meridiana
1319 2072 1459 2153 ejus
1504 2072 1870 2151 cognitione

361 2168 685 2248 laetantur,
735 2178 929 2251 atque
976 2190 1093 2253 per
1140 2169 1505 2233 beatificam
1554 2170 1866 2233 visionem

360 2286 602 2348 sponso
643 2267 865 2348 gloriae
912 2268 1404 2332 inavertibiliter
1444 2287 1518 2330 ac
1564 2267 1871 2348 tranquil-

361 2364 610 2428 lissime
639 2375 789 2429 sunt
816 2366 1080 2447 intenti;
1113 2374 1394 2428 attamen
1427 2366 1616 2429 etiam
1651 2366 1715 2427 in
1752 2366 1868 2428 hac

359 2464 496 2528 vita
525 2464 593 2526 in
628 2464 784 2529 viris
821 2464 1363 2547 contemplativiS,
1399 2464 1726 2546 perfectiS,
1761 2464 1871 2526 he-

364 2563 580 2640 roiciS,
629 2564 996 2646 aliqualiter
1039 2563 1230 2627 cubat
1276 2584 1290 2628 ε
1333 2564 1570 2645 quibus
1612 2563 1868 2646 scripsit

362 2661 729 2744 ApostoluS,
763 2662 886 2725 Pax
925 2661 1162 2724 Christi
1203 2662 1476 2725 exsultet
1506 2681 1758 2743 semper
1800 2663 1865 2724 in

361 2761 664 2825 cordibus
695 2762 957 2841 vestris3
992 2779 1266 2843 quorum
1299 2760 1742 2842 unusquisque
1773 2763 1868 2824 di-

357 2880 502 2924 cere
535 2868 768 2943 potest,
802 2860 871 2921 In
910 2878 1066 2942 pace
1099 2858 1164 2922 in
1206 2858 1268 2920 id
1307 2859 1518 2941 ipsum
1551 2860 1864 2923 dormiam

357 2967 422 3022 et
451 2959 876 3040 requiescam.
913 2958 1090 3020 Unde
1118 2965 1182 3020 et
1217 2958 1354 3039 ipse
1383 2977 1496 3039 per
1523 2957 1749 3020 lsaiam
1782 2958 1868 3022 lo-

356 3058 581 3139 quitur
633 3075 648 3119 :

357 3175 564 3231 mem,
601 3155 728 3217 nisi
771 3173 965 3237 super
1001 3155 1288 3236 quietum
1336 3162 1398 3217 et
1437 3154 1782 3217 humilem?

433 3256 580 3319 Haec
621 3256 837 3336 itaque
877 3255 1038 3337 petit
1075 3253 1199 3316 sibi
1240 3253 1510 3317 indicari
1555 3253 1858 3332 Ecclesia,

352 3361 676 3435 quatenus
733 3370 808 3414 ex
871 3370 1090 3415 eorum
1147 3350 1663 3414 consideratione
1716 3370 1866 3415 con-

351 3452 600 3515 soletur
647 3458 712 3513 et
756 3450 1066 3531 glorietur
1121 3448 1187 3511 in
1240 3448 1508 3512 Domino
1563 3449 1730 3512 inter
1773 3457 1864 3513 tot

351 3552 815 3614 adversitatum
859 3567 1114 3611 suarum
1157 3566 1508 3629 pressuraS,
1548 3555 1610 3609 et
1660 3556 1732 3610 ut
1771 3548 1865 3611 vi-

351 3649 498 3711 deat
526 3649 670 3730 ipsa
708 3647 814 3730 pia
853 3654 1074 3725 mater,
1109 3646 1175 3708 in
1217 3647 1452 3728 quibus
1491 3646 1862 3728 praedicatio

354 3766 470 3809 sua
512 3745 888 3809 fructificet.
922 3745 1068 3808 ideo
1109 3762 1367 3826 quoque
1413 3744 1694 3826 postulat
1737 3744 1861 3807 sibi

355 3843 479 3906 ista
519 3843 887 3921 monstrari,
918 3844 1228 3925 quoniam
1269 3842 1390 3905 scit
1428 3862 1495 3906 se
1534 3862 1650 3905 sua
1694 3851 1865 3906 exte-

357 3944 511 4007 riori
540 3942 992 4026 praedicatione
1016 3942 1083 4004 in
1116 3941 1530 4004 audientibus
1562 3942 1652 4003 nil
1677 3959 1863 4023 posse

356 4039 700 4123 proficere,
757 4040 884 4103 nisi
932 4059 1202 4122 sponsus
1244 4040 1312 4101 in
1355 4038 1614 4102 illorum
1653 4039 1862 4102 cordi-

353 4140 474 4202 bus
505 4140 680 4202 intus
716 4140 1038 4221 loquatur,
1073 4157 1316 4221 suaque
1360 4138 1663 4201 unctione
1691 4136 1864 4201 doci-

1980 1971 2281 2049 sidenteS,
2307 1972 2417 2053 qui
2452 1972 2571 2034 sibi
2606 1972 2925 2054 subjectos
2958 1974 3350 2038 damnationi
3384 1994 3475 2039 se-

1978 2090 2126 2133 cum
2171 2069 2509 2134 involvunt
2543 2079 2651 2134 :et
2693 2071 2939 2135 sodales
2984 2073 3200 2154 sponsi
3247 2092 3478 2137 vocan-

1979 2178 2104 2246 tur,
2141 2168 2243 2232 vel
2276 2169 2427 2251 quia
2456 2188 2523 2232 se
2553 2170 2884 2232 nominant
2914 2171 3049 2252 ejus
3090 2171 3382 2249 vicarios,
3416 2180 3480 2235 et

1977 2276 2210 2331 vocant
2240 2288 2307 2331 se
2338 2268 2762 2347 Christianos;
2795 2268 2893 2333 vel
2925 2269 3080 2352 quia
3109 2270 3174 2332 in
3208 2279 3481 2352 potesta-

1981 2374 2040 2429 te
2083 2384 2195 2429 seu
2252 2366 2627 2448 praelatione
2670 2386 2813 2429 cum
2860 2386 2935 2431 eo
2978 2369 3473 2446 communicant,

1979 2474 2088 2526 aut
2134 2465 2286 2546 quia
2336 2464 2403 2525 in
2452 2473 2679 2527 natura
2735 2464 3155 2529 humanitatis
3208 2486 3350 2530 cum
3404 2487 3480 2532 eo

1980 2562 2393 2626 conveniunt.
2442 2562 2593 2640 Alii,
2642 2583 2757 2645 per
2812 2564 3061 2627 sodales
3109 2565 3479 2646 intelligunt

1979 2663 2237 2743 angelos
2282 2671 2555 2740 sanctOS,
2597 2663 2708 2744 qui
2754 2662 3025 2745 singulis
3070 2664 3369 2744 gentibus
3414 2674 3477 2728 et

1978 2761 2545 2825 communitatibus
2588 2769 2891 2844 praesunt,
2936 2765 3470 2843 quemadmodum

1978 2860 2044 2922 in
2075 2859 2521 2924 Ecclesiastico
2553 2859 2783 2939 legitur
2813 2860 3179 2924 :Rectorem
3217 2861 3281 2924 in
3316 2881 3473 2925 una·

1976 2978 2229 3040 quaque
2273 2958 2619 3040 praeposuit
2658 2966 2867 3038 gente.
2914 2958 3092 3021 Unde
3134 2968 3197 3022 et
3246 2960 3313 3021 in
3357 2962 3472 3023 Da-

1969 3154 2304 3216 ·Persarum
2363 3154 2579 3235 aliqua
2636 3154 3067 3216 continentur.
3128 3155 3241 3217 Per
3308 3175 3468 3237 quos

1973 3251 2165 3332 (sicut
2194 3251 2451 3313 divinus
2480 3252 2663 3315 docet
2695 3251 3058 3334 Dionysius)
3085 3252 3296 3334 angeli
3326 3273 3469 3316 san-

1975 3351 2060 3413 cti
2105 3351 2184 3412 de
2227 3349 2422 3412 choro
2470 3350 2950 3432 Principatuum
3001 3351 3464 3432 designantur:

1976 3449 2085 3530 qui
2137 3455 2287 3510 sunt
2330 3447 2577 3511 sodales
2625 3446 2860 3510 Christi
2902 3467 3015 3531 per
3046 3449 3266 3529 gloriae
3304 3469 3471 3513 com-

1975 3547 2341 3609 munionem
2376 3554 2439 3608 et
2470 3546 2859 3627 praelationis
2889 3546 3465 3629 participationem.

2054 3644 2346 3728 Amplius
2378 3646 2470 3707 sic
2502 3653 2711 3727 potest
2742 3645 2997 3727 exponi,
3030 3646 3202 3727 quod
3236 3665 3471 3728 sponsa

1972 3751 2266 3825 precatur
2294 3742 2418 3805 sibi
2450 3762 2487 3805 a
2516 3760 2752 3825 sponso
2780 3742 3049 3805 indicari
3092 3742 3202 3806 ubi
3246 3743 3312 3805 in
3343 3763 3471 3806 me-

1972 3842 2134 3904 ridie
2182 3840 2393 3918 cubet,
2438 3841 2523 3903 ita
2572 3840 2766 3921 quod,
2810 3841 3101 3921 quamvis
3149 3841 3310 3904 sciat
3355 3860 3471 3924 per

1972 3940 2171 4003 sidem
2203 3958 2511 4021 sponsum
2544 3940 2609 4002 in
2640 3938 2961 4002 mentibus
2992 3940 3326 4003 Beatorum
3356 3960 3467 4003 cu—

1972 4039 2144 4116 bare,
2190 4038 2391 4101 nihilo
2430 4038 2643 4101 minus
2696 4038 2853 4120 petit
2892 4038 3015 4101 sihi
3054 4039 3175 4102 hoc
3212 4039 3467 4104 clariori

1973 4136 2440 4199 illuminatione
2482 4136 2821 4199 monstrari
2860 4153 2874 4197 ε
2912 4146 3225 4218 quatenus
3266 4138 3469 4201 since-

355 4238 448 4301 les
490 4248 554 4301 et
597 4246 876 4301 attentos
917 4237 1109 4301 faciat
1147 4256 1254 4300 eos
1289 4254 1302 4298 :
1339 4235 1421 4299 ob
1462 4236 1581 4300 hoc
1619 4237 1862 4319 appetit
1893 4241 1942 4304 D
1973 4236 2127 4299 riter
2170 4234 2660 4317 contemplando
2702 4233 2967 4314 gloriam
3022 4236 3373 4314 Beatorum,
3406 4245 3469 4299 et

356 4338 650 4403 invenire
681 4355 754 4399 ac
785 4336 948 4400 scire
977 4335 1349 4418 hujusmodi
1379 4334 1863 4398 auditores.Un-

355 4439 436 4500 de
474 4435 814 4518 subjungit
846 4453 860 4497 :
895 4456 975 4495 ne
1003 4436 1238 4513 vayari
1271 4435 1612 4511 incipiam,
1647 4433 1711 4496 id
1741 4442 1856 4511 est,

353 4554 437 4599 ne
474 4533 877 4596 infructuose
925 4533 1301 4609 discurram,
1330 4542 1476 4611 post
1507 4552 1729 4611 ,ᾳνερεε
1770 4554 1865 4594 so-

352 4634 612 4695 dalium
645 4640 929 4701 cuorum,
961 4632 1025 4694 id
1056 4639 1151 4694 est
1181 4631 1260 4693 ad
1289 4631 1738 4695 conventicula
1767 4651 1863 4695 re-

352 4730 730 4814 proborum,
749 4737 894 4811 post
920 4727 1364 4792 multitudines
1397 4727 1859 4793 obstinatorum

353 4837 548 4910 atque
588 4827 1033 4891 haereticorum
1067 4848 1081 4891 :
1115 4827 1225 4909 qui
1267 4835 1410 4909 post
1451 4846 1643 4889 unam
1679 4835 1740 4889 et
1771 4846 1864 4890 se-

354 4926 632 4991 cundam
677 4926 1146 5008 correptionem
1187 4925 1435 4988 vitandi
1481 4932 1651 4988 sunt.
1684 4925 1862 4989 Unde

357 5027 426 5089 in
455 5024 904 5089 Ecclesiastico
932 5025 1243 5106 scriptum
1275 5032 1372 5087 est
1408 5045 1420 5087 :
1453 5023 1569 5085 Ubi
1606 5042 1736 5086 non
1766 5032 1863 5087 est

356 5126 638 5201 auditne,
672 5142 801 5188 non
833 5122 1130 5186 effundas
1161 5140 1540 5186 sermonem.
1585 5122 1661 5183 Et
1691 5122 1863 5185 Salo-

355 5241 508 5287 mon
543 5242 558 5285 :
593 5224 662 5285 ln
711 5221 974 5285 auribus
1020 5221 1462 5304 insipientium
1513 5239 1591 5282 ne
1638 5220 1862 5301 loqua-

353 5322 466 5400 ris,
500 5320 656 5405 quia
681 5320 1039 5402 despicient
1064 5319 1420 5383 doctrinam
1457 5318 1699 5399 eloquii
1731 5318 1856 5399 tui3

610 5454 684 5509 T.
713 5454 766 5505 ¹7.

1973 4353 2161 4416 quam
2204 4332 2713 4413 dignantissime,
2739 4331 2964 4395 intime
3002 4342 3193 4414 atque
3231 4334 3468 4398 dulcis-

1973 4433 2132 4495 sime
2182 4450 2455 4513 sponsus
2504 4430 2861 4512 requiescat
2905 4432 2969 4494 in
3020 4432 3135 4509 eiS,
3184 4433 3468 4496 consola-

1973 4532 2215 4594 tionem
2247 4530 2539 4612 accipiat‚
2576 4537 2640 4592 et
2677 4530 2756 4591 ad
2794 4528 3213 4592 laborandum
3253 4529 3463 4593 infati-

1970 4628 2267 4710 gabiliter
2314 4628 2652 4703 animetur,
2704 4645 2819 4690 nec
2877 4628 3089 4691 deviet
3136 4629 3483 4710 sequendo·

1972 4735 2279 4789 erranteS.

2058 4823 2380 4887 Postremo
2441 4840 2554 4904 per
2610 4821 3191 4905 appropriationem
3250 4822 3463 4886 dicere

1970 4941 2330 5006 possumuS,
2391 4921 2563 5001 quod
2617 4938 2887 5003 sponsus
2936 4920 3005 4981 in
3067 4921 3291 4984 activis
3343 4922 3459 4984 ho·

1971 5019 2253 5083 minibus
2303 5020 2526 5101 pascit,
2565 5019 2632 5081 in
2682 5017 3196 5101 contemplativis
3245 5020 3457 5083 cubat.

1970 5118 2173 5182 Activi
2207 5135 2481 5198 namque
2521 5136 2649 5180 non
2692 5126 2839 5179 sunt
2880 5125 3005 5179 tam
3049 5117 3157 5180 diu
3204 5126 3477 5199 tamque.

1971 5218 2342 5298 frequenter
2396 5214 2625 5278 intenti
2678 5214 3010 5279 actualiter
3066 5234 3323 5299 sponso,
3392 5224 3462 5280 ut.

1970 5311 2482 5395 contemplativi;
2516 5314 2624 5377 sed
2659 5314 2849 5376 certis
2878 5314 3053 5378 horis
3089 5315 3292 5397 pascit
3320 5332 3453 5395 θος,

3142 5450 3206 5502 20

3506 912 3685 1017 ssjlatth.
3699 927 3768 965 vn,

3513 2882 3652 2925 Eecln‘.
3666 2895 3761 2932 xvii,

3502 2948 3627 3051 'gam
3640 3020 3684 3058 x,
3698 3009 3765 3057 ¹3,

702 3057 905 3139 Super
950 3076 1143 3139 quem
1195 3056 1549 3137 requiescet
1601 3057 1865 3138 spiritus
1903 3054 1945 3117 C
1979 3054 2145 3117 niele
2192 3054 2271 3117 de
2321 3054 2612 3138 principe
2658 3054 3014 3118 Graecorum
3066 3065 3129 3117 et
3180 3056 3470 3139 principe
3498 3072 3566 3115 20.
