4284 6267
1142 532 1497 581 tremulo
1539 533 1601 579 IN
1642 531 1781 580 cAP.
1828 532 1915 580 xn
1958 534 2442 584 Pnovmtonun.
2489 555 2570 566 —
2610 537 2752 585 ΛΒΤ.
2799 535 2887 584 XII

3479 514 3560 580 83

458 702 694 765 veritas
726 703 891 784 ipsa.
920 706 1047 774 Qm'
1075 715 1292 766 autem
1321 709 1604 784 fideliter
1632 716 1864 783 ayunt,
1886 725 1963 768 ex
1992 704 2041 767 Α
2070 704 2331 789 Propter
2352 709 2522 790 quod
2548 709 2804 770 tandem
2828 727 2974 771 cum
2999 706 3109 771 illo
3134 706 3468 769 mittentur
3493 705 3556 767 in
3619 723 3788 767 Mam.

460 798 618 874 fide,
656 820 799 881 quae
830 811 929 865 est
956 802 1159 866 virtus
1190 804 1567 884 theologica,
1595 813 1658 866 et
1692 803 1962 866 fidelita-

458 909 547 976 te,
582 919 723 981 quae
761 901 841 963 ad
879 903 1191 983 justitiam
1232 904 1529 985 pertinet,
1556 908 1817 981 placent
1844 907 1907 962 ei
1936 924 1960 962 .-

460 997 617 1078 quia
658 998 717 1060 ei
764 1007 915 1062 sunt
954 1000 1197 1064 similes
1232 1019 1246 1063 :
1281 1002 1359 1064 de
1397 1019 1525 1083 quo
1566 1000 1657 1063 ait
1700 1001 1961 1063 Psalmi-

130 1111 227 1156 Ρ..
260 1125 427 1164 cmv.
458 1103 580 1171 sta,
639 1097 875 1162 Fidelis
930 1099 1233 1162 Dominus
1283 1100 1350 1162 in
1402 1101 1701 1164 omnihus
1745 1101 1957 1164 verbis

104 1176 183 1217 ¹³·
459 1195 619 1258 suis.
672 1195 1037 1261 Similitudo
1088 1207 1301 1262 autem
1357 1217 1470 1281 per
1522 1218 1589 1262 se
1646 1207 1741 1262 est
1796 1198 1958 1262 ratio

456 1294 943 1376 complacentiae
972 1304 1031 1360 et
1064 1296 1323 1361 amoris,

218 1399 307 1454 23
528 1396 737 1454 Homo
764 1405 1059 1456 versutus
1088 1400 1249 1456 celat
1274 1398 1636 1458 scientiam.
1671 1396 1841 1459 Alibi
1872 1395 1960 1459 le-

132 1507 427 1586 ξυ-οιω,
454 1491 631 1572 gitur
675 1510 689 1555 :
732 1493 845 1555 Vir
882 1503 1177 1557 versutus
1221 1494 1478 1557 odiosus
1527 1504 1645 1558 est.
1697 1496 1760 1558 Si
1806 1513 1957 1575 ergo

108 1572 187 1615 ¹¹·
456 1599 755 1653 versutus
788 1591 854 1652 in
882 1591 1053 1655 malo
1082 1591 1453 1674 accipiatur,
1490 1611 1605 1674 pro
1633 1593 1865 1656 callido
1896 1602 1959 1656 et

456 1688 752 1770 vulpino,
788 1689 933 1752 talis
961 1690 1127 1754 celat
1154 1690 1488 1754 scientiam
1522 1711 1723 1766 suam,
1758 1711 1957 1773 quan-

452 1787 541 1849 do
587 1786 851 1851 deberet
893 1807 1033 1852 eam
1076 1789 1407 1854 caritative
1447 1789 1753 1872 proximis
1789 1809 1957 1854 com·

2067 823 2383 868 carcerem
2425 805 2827 882 infernalem,
2881 823 3007 868 non
3049 805 3362 886 egressuri
3402 822 3559 886 quo-

2068 923 2273 985 usque
2329 905 2718 968 reddiderint
2766 904 3186 969 novissimum
3242 904 3558 986 quadran-

2069 1012 2197 1064 tem
2237 1020 2250 1064 :
2295 1004 2463 1084 quod
2505 1022 2832 1085 nunquam
2875 1002 3010 1066 fiet.

2149 1105 2388 1163 Moeror
2431 1105 2503 1163 in
2547 1106 2732 1162 corde
2776 1104 2910 1162 viri
2956 1103 3334 1162 humiliabit
3382 1122 3552 1163 eum.

2063 1199 2278 1261 Justus
2305 1199 2480 1262 enim
2509 1201 2588 1263 de
2613 1200 2743 1262 suis
2773 1219 2846 1263 ac
2871 1200 3302 1283 proximorum
3333 1208 3558 1262 moeret

2067 1297 2366 1379 peccatis,
2403 1307 2566 1362 etex
2605 1297 3030 1380 poenitentiali
3059 1316 3332 1361 moerore
3370 1297 3557 1360 valde

2067 1394 2365 1458 humiliat
2397 1416 2464 1460 se
2494 1414 2704 1459 coram
2749 1397 2893 1472 Deo,
2929 1395 3340 1477 fragilitatem
3374 1405 3433 1459 et
3467 1397 3558 1458 vi-

2068 1493 2312 1557 litatem
2337 1514 2411 1558 ac
2433 1496 2688 1578 culpam
2713 1514 2890 1558 suam
2921 1503 2983 1558 et
3007 1494 3277 1557 alienam
3307 1514 3386 1557 ex
3410 1495 3557 1558 totis

2067 1592 2434 1675 praecordiis
2468 1611 2948 1674 recognoscenS,
2969 1602 3032 1656 et
3060 1594 3312 1658 veniam
3345 1601 3560 1676 postu-

2068 1693 2230 1754 lans,
2263 1692 2466 1766 Quum
2497 1693 2728 1756 etenim
2763 1693 2830 1754 in
2870 1701 3128 1775 peccato
3156 1694 3240 1756 sit
3271 1693 3557 1775 quaedam

2068 1791 2430 1854 inordinata
2481 1792 2578 1854 sui
2641 1791 2842 1874 ipsius
2889 1791 3140 1868 erecti0‚
3185 1797 3433 1873 oportet
3491 1799 3561 1852 ut

450 1885 807 1962 manicare,
841 1895 905 1951 et
934 1888 1311 1952 constitutos
1344 1888 1412 1949 in
1441 1889 1725 1971 periculo
1755 1889 1957 1952 avisa-
1994 1890 2039 1952 B
2066 1891 2134 1953 in
2174 1889 2558 1953 contritione
2595 1891 2678 1952 sit
2720 1891 3012 1953 ordinata
3051 1897 3116 1952 et
3153 1888 3417 1953 humilis
3459 1888 3557 1951 sui

447 2005 542 2048 re.
562 1985 762 2064 Unde,
778 1989 1134 2052 secundum
1162 1988 1608 2067 Augustinum‚
1622 1987 1735 2070 qui
1770 1995 1955 2068 negat

447 2104 519 2148 se
549 2085 715 2153 scire
743 2086 917 2168 quod
948 2085 1088 2161 scit,
1111 2086 1397 2167 ingratus
1427 2096 1559 2168 est;
1591 2087 1795 2168 etqui
1828 2104 1956 2150 non

448 2185 594 2246 vult
638 2185 1115 2248 communicare
1157 2186 1329 2267 quod
1377 2186 1645 2268 accepit,
1700 2185 1953 2249 invidus

450 2291 573 2346 est.
606 2283 819 2356 Porro,
866 2283 922 2345 si
971 2294 1267 2347 versutus
1315 2293 1601 2347 sumatur
1646 2285 1713 2346 in
1762 2285 1953 2360 bono,

454 2400 575 2464 pro
621 2389 831 2445 astuto
878 2401 989 2444 seu
1039 2403 1285 2465 sagace,
1324 2383 1469 2446 talis
1519 2383 1837 2447 interdum
1882 2403 1959 2446 ex

456 2479 843 2558 humilitate,
874 2482 1263 2565 quandoque
1302 2503 1379 2546 ex
1417 2482 1822 2558 discretione,
1865 2501 1963 2545 ce-

457 2578 547 2640 lat
576 2579 913 2643 scientiam
946 2600 1143 2656 suam,
1166 2600 1247 2644 nc
1276 2601 1413 2644 eam
1446 2581 1737 2646 videatur
1765 2583 1961 2663 jacta-

192 2695 367 2738 sseen.
456 2697 552 2754 re,
586 2687 697 2740 aut
724 2677 837 2740 ubi
876 2697 1004 2742 non
1038 2687 1135 2742 est
1171 2679 1448 2754 audituS‚
1484 2679 1845 2755 effundere,
1880 2699 1961 2744 ne

112 2761 431 2872 ¹22,{·„„‚
456 2783 753 2840 sanctum
812 2776 920 2840 det
976 2777 1267 2840 canibus.
1320 2777 1557 2842 ldcirco
1613 2777 1959 2842 Corinthiis

112 2887 163 2928 δ.
380 2947 409 2974 ⁰
457 2874 683 2938 scribit
704 2875 1044 2957 Apostolus
1065 2893 1080 2937 ε
1103 2874 1240 2938 Νοιι
1262 2876 1544 2957 judicavi
1577 2896 1679 2939 me
1708 2876 1957 2959 aliquid

114 2948 427 2998 ¹⁶⁰⁷‘¹¹’‘'
459 2972 627 3038 scire
676 2973 843 3036 inter
888 2992 1027 3050 VOS,
1077 2973 1203 3035 nisi
1249 2974 1463 3036 Jesum
1508 2975 1849 3052 Christum,
1898 2984 1961 3039 et

2067 1989 2360 2070 dejectio.
2393 1989 2570 2052 Unde
2611 1988 2918 2071 scriptum
2965 1997 3060 2051 est
3097 2007 3110 2050 :
3148 1988 3372 2051 Anima
3416 2006 3560 2070 quae

2066 2088 2267 2150 tristis
2299 2097 2393 2151 est
2422 2107 2613 2170 super
2643 2087 3080 2168 magnitudine
3110 2087 3366 2162 mali,ct
3395 2086 3560 2150 ince-

2066 2188 2161 2250 dit
2199 2207 2394 2252 curva
2423 2195 2486 2250 et
2525 2185 2807 2264 infirma,
2841 2195 2903 2250 et
2947 2185 3116 2250 oculi
3156 2185 3555 2262 deficienteS,

2069 2288 2222 2349 dant
2249 2286 2518 2367 gloriam
2547 2295 2611 2349 et
2637 2284 2954 2367 justitiam
2981 2284 3124 2361 tibi,
3160 2285 3440 2349 Domine.
3477 2287 3560 2346 Et

2066 2406 2355 2446 sermone
2385 2389 2541 2446 bono
2577 2386 3038 2463 laecificabitur,
3063 2384 3124 2446 id
3154 2392 3272 2461 est,
3307 2402 3384 2446 ex
3415 2401 3563 2465 pro-

2071 2484 2376 2548 missione
2430 2491 2493 2546 et
2553 2503 2664 2566 spe
2719 2482 2944 2558 venite,
3001 2502 3075 2545 ex
3128 2481 3561 2546 consolatione

2071 2583 2434 2665 Scripturae,
2475 2601 2552 2644 ex
2594 2579 2981 2644 confessoris
3025 2581 3464 2657 instructione,
3500 2588 3562 2642 et

2070 2679 2511 2744 sacramentali
2552 2679 2972 2754 absolutione,
3005 2679 3470 2759 jucunditatem
3500 2686 3563 2740 et

2068 2779 2566 2844 consolationem
2599 2777 2888 2860 accipiet,
2925 2777 3011 2840 ita
3043 2785 3110 2839 ut
3131 2776 3300 2840 dicat
3324 2797 3339 2842 :
3365 2777 3560 2852 Quam

2069 2879 2284 2943 dulcia
2315 2877 2607 2940 faucibus
2653 2875 2810 2939 meis
2852 2875 3106 2957 eloquia
3151 2882 3287 2938 tuat
3325 2876 3562 2940 idcirco

2070 2977 2410 3061 Apostolus
2446 2994 2460 3037 :
2500 2974 2956 3051 consolamini,
3005 2973 3236 3055 inquit,
3285 2973 3560 3037 invicem

460 3071 634 3135 hunc
677 3071 1085 3136 crucifixum.
1121 3071 1275 3135 Hinc
1319 3091 1597 3155 namque
1647 3074 1959 3138 Ezechieli
1997 3076 2039 3139 C
2072 3075 2135 3138 in
2170 3074 2382 3139 verbis
2416 3073 2579 3134 istis,

136 3185 343 3228 azeca,
362 3197 427 3234 ιιι,
460 3171 714 3234 locutus
750 3180 845 3234 est
884 3171 1191 3233 Dominus
1230 3189 1245 3232 :
1283 3171 1592 3252 Linguam
1643 3181 1815 3235 tuam
1858 3175 1962 3236 ad-

118 3251 203 3290 ²⁶·
457 3269 703 3333 haerere
734 3267 963 3332 faciam
996 3269 1207 3350 palato
1236 3278 1367 3332 tuo,
1410 3273 1486 3332 Et
1514 3291 1623 3332 cor
1648 3273 1963 3351 insipien-

458 3369 631 3428 tium
644 3379 950 3447 provocat
968 3370 1347 3436 stultitiam,
1364 3367 1426 3430 id
1460 3377 1575 3446 est,
1592 3370 1671 3432 ad
1702 3369 1959 3433 inanem

458 3463 769 3543 laetitiam,
812 3465 1037 3542 risum,
1082 3465 1467 3529 cachinnum
1510 3474 1572 3529 et
1612 3467 1959 3532 vanitatem

456 3565 692 3627 excitat
719 3564 903 3628 alios,
936 3564 1327 3646 Frequenter
1363 3565 1555 3628 etiam
1594 3565 1857 3648 decipit,
1899 3575 1960 3629 et

456 3680 725 3726 erronee
752 3663 1012 3725 instruit
1040 3663 1385 3745 proximoS,
1410 3683 1483 3727 ac
1512 3683 1629 3726 sua
1658 3663 1961 3746 improbi-

456 3769 587 3825 tate
626 3770 933 3844 provocat
969 3780 1077 3825 eos
1105 3762 1185 3824 ad
1224 3761 1381 3826 vitia
1419 3763 1752 3845 sapientia)
1796 3783 1959 3827 verae

457 3861 805 3925 contraria.

242 3973 321 4026 24
528 3963 773 4022 Manus
798 3961 1077 4036 fortium
1105 3961 1575 4022 dominabitur.
1610 3960 1765 4022 Nam
1795 3961 1963 4043 prin-

2136 3177 2264 3244 Qui
2281 3175 2574 3251 neyliyic,
2589 3171 2655 3233 id
2685 3178 2795 3247 cst,
2814 3170 2987 3252 parvi
3023 3169 3241 3253 pendit
3270 3179 3331 3232 et
3359 3190 3562 3252 aequa-

2071 3271 2328 3335 nimiter
2359 3269 2653 3346 sustinet,
2683 3272 3000 3330 damnum
3033 3269 3379 3350 temporale
3405 3289 3560 3347 pro-

2066 3380 2210 3447 pter
2228 3366 2616 3438 amicum,id
2646 3373 2744 3428 est
2771 3365 2851 3428 ad
2883 3365 3388 3428 subveniendum
3423 3385 3563 3448 pro-

2070 3467 2242 3530 ximo
2271 3483 2387 3528 suo
2416 3464 2482 3527 in
2514 3463 2910 3541 necessitate,
2932 3463 3281 3545 praesertim
3312 3472 3384 3526 ut
3414 3482 3560 3527 eum

2071 3564 2300 3628 liberet
2346 3583 2384 3626 a
2431 3571 2633 3627 morte
2680 3561 2992 3644 corporali
3043 3569 3152 3624 aut
3197 3561 3558 3644 spirituali3

2055 3665 2282 3742 justus
2306 3671 2418 3724 est.
2451 3661 2580 3724 Hoc
2623 3678 2904 3741 namque
2948 3660 3283 3741 requirunt
3331 3660 3560 3725 caritas

2069 3771 2262 3844 atque
2296 3760 2565 3843 justitia,
2600 3767 2668 3821 ut
2707 3777 2905 3835 amor,
2930 3757 3061 3822 vita
3101 3765 3164 3821 et
3203 3758 3372 3822 salus
3420 3779 3562 3842 pro-

2071 3859 2247 3938 ximi,
2268 3857 2642 3942 praeferatur
2672 3855 3117 3938 temporalium
3150 3876 3361 3920 rerum
3390 3877 3562 3922 amo—

2070 3960 2147 4021 ri.
2195 3960 2454 4041 Propter
2501 3956 2670 4038 quod
2713 3955 2778 4016 in
2827 3954 3034 4037 prima
3079 3973 3194 4018 sua
3240 3956 3558 4020 Canonica

3589 785 3656 834 25,
3676 786 3744 828 26.

3593 2070 3606 2109 ι
3615 2003 3796 2110 8ΒωἾισΙι
3807 2019 3849 2056 ιι,

3607 2803 3687 2846 Pe.
3699 2815 3837 2856 cxviii,

3591 2868 3684 2910 ¹03.

3592 2992 3785 3096 ⁴172'11228.
3795 3009 3835 3038 ιν
3842 3027 3853 3046 ,

456 4058 635 4140 cipes
664 4056 865 4121 fortes
893 4077 968 4121 ac
998 4057 1244 4121 strenui
1283 4057 1491 4121 solent
1520 4059 1909 4140 praevalere
1893 4079 1961 4122 in
2068 4057 2158 4121 ait
2186 4058 2498 4120 Ioannes:
2522 4052 2637 4128 Qui
2667 4052 2963 4115 habuerit
2992 4053 3411 4118 substantiam
3447 4057 3849 4131 hu·1.10‹mn.m.

458 4157 669 4233 hellis,
724 4175 799 4219 ac
848 4156 1043 4218 latius
1090 4156 1451 4238 praesidere.
1499 4156 1805 4220 Similiter
1851 4157 1961 4240 qui
2063 4157 2170 4239 jus
2199 4153 2446 4230 mundi,
2479 4161 2542 4216 et
2570 4151 2801 4215 viderit
2830 4150 3093 4214 fratrem
3125 4172 3311 4215 suum
3343 4145 3606 4218 neces-¹

458 4254 809 4318 virtutibus
834 4253 1035 4317 sortes
1065 4263 1229 4329 sunt,
1244 4254 1451 4317 solent
1478 4254 1782 4318 fratribus
1809 4276 1962 4338 prae-
1993 4258 2042 4320 D
2072 4275 2139 4319 se
2176 4254 2432 4330 habere,
2465 4260 2529 4315 et
2567 4249 2868 4314 clauserit
2899 4249 3142 4314 viscera
3181 4270 3294 4314 sua
3337 4253 3418 4316 ab
3457 4273 3553 4332 ec,

460 4353 491 4418 Ι·
492 4353 573 4417 ici
605 4363 668 4417 et
700 4353 1319 4435 praeesse,sensitivo
1356 4372 1615 4436 quoque
1644 4355 1956 4436 appetitui

456 4460 524 4517 et
548 4452 693 4535 ejus
724 4452 1133 4534 passionibus
1161 4453 1499 4534 imperare.
1518 4452 1693 4516 Unde
1724 4453 1960 4533 Seneca

458 4551 658 4614 dixit:
684 4549 799 4612 Vis
827 4550 1065 4614 habere
1092 4550 1445 4614 honorem?
1474 4551 1644 4614 Dabo
1683 4551 1797 4614 tibi
1827 4571 1959 4615 ma-

456 4667 657 4730 gnum
690 4648 1033 4731 imperium
1065 4666 1080 4711 ε
1114 4649 1357 4731 impera
1397 4648 1535 4711 tibi.
1563 4652 1715 4718 Quae
1743 4661 1959 4713 autem

458 4751 731 4810 remissa
750 4755 861 4817 est,
875 4749 1133 4808 tributis
1150 4748 1403 4808 serviet.
1420 4747 1749 4829 Principes
1778 4747 1962 4831 quip-

460 4866 543 4930 pe
592 4845 813 4927 ignavi
861 4864 935 4908 ac
994 4845 1262 4922 desideS,
1314 4845 1523 4908 solent
1579 4847 1961 4910 adversariis

461 4946 599 5008 suis
628 4943 753 5008 sub
784 4943 1025 5006 tributo
1054 4942 1759 5025 servire.Spiritualiter
1782 4965 1957 5022 vero,

460 5044 573 5126 qui
606 5041 905 5106 dissoluti
934 5049 999 5104 et
1028 5040 1423 5123 negligentes
1454 5042 1833 5122 consistunt,
1852 5045 1964 5108 im-

461 5143 725 5226 plentur
754 5140 1138 5223 peccatiS,et
1165 5139 1445 5222 principi
1474 5141 1763 5205 serviunt
1798 5150 1967 5207 tene-

460 5241 745 5316 brarum,
764 5241 953 5321 cujus
976 5238 1291 5303 exactioni
1316 5257 1426 5302 seu
1452 5239 1785 5304 tentationi
1812 5242 1965 5305 dant

460 5339 721 5404 assidue
766 5357 886 5422 pro
932 5337 1171 5401 tributo
1214 5355 1598 5402 consensum
1644 5337 1711 5401 in
1760 5341 1957 5404 malo.

2074 4351 2394 4437 quomodo
2443 4349 2670 4413 caritas
2719 4347 2827 4412 Dei
2876 4356 3096 4412 manet
3143 4349 3210 4410 in
3260 4351 3433 4414 illo?
3484 4352 3560 4414 At

2074 4471 2224 4518 vero
2273 4450 2387 4533 qui
2435 4456 2693 4532 propter
2739 4448 2937 4510 Deum
2985 4455 3049 4509 et
3094 4447 3328 4510 Christi
3386 4469 3562 4515 amo-

2074 4571 2230 4628 rem,
2269 4546 2643 4631 temporalia
2676 4546 2907 4608 damna
2934 4553 2998 4609 et
3037 4546 3325 4627 rapinam
3362 4548 3562 4612 bono-

2074 4669 2215 4712 rum
2263 4665 2526 4710 suorum
2564 4641 3003 4725 aequanimiter
3043 4641 3281 4721 serunt,
3318 4644 3447 4709 imo
3491 4666 3559 4711 se

2074 4749 2248 4831 ipsos
2287 4753 2348 4809 et
2388 4742 2603 4808 omnia
2645 4761 2758 4804 sua
2793 4739 2984 4804 morti
3025 4752 3372 4823 exponunt,
3407 4763 3554 4808 vere

2073 4855 2224 4910 sunt
2258 4843 2413 4927 justi
2448 4861 2462 4904 ε
2495 4839 2796 4924 quoniam
2838 4839 3153 4921 quidquid
3191 4842 3561 4906 a'Creatore

2070 4945 2279 5010 sortiti
2327 4949 2498 5019 sunt,
2554 4940 2621 5002 in
2669 4939 2808 5021 ejus
2851 4956 3154 5016 amorem,
3206 4939 3446 5002 cultum
3495 4949 3558 5004 et

2069 5041 2541 5108 confessionem
2590 5037 2966 5119 rependunt.
3000 5037 3136 5097 Iter
3179 5047 3396 5098 autem
3439 5041 3562 5102 im-

2066 5145 2332 5221 piorum
2375 5137 2649 5214 decipiet
2691 5155 2791 5195 eos
2817 5155 2839 5194 .·
2868 5134 3174 5215 quoniam
3225 5153 3340 5198 sua
3389 5137 3560 5201 dele-

2070 5237 2348 5302 ctatione
2393 5234 2615 5314 iniqua
2651 5231 2850 5293 allicit
2886 5248 2996 5294 eos
3035 5232 3114 5294 ad
3154 5251 3556 5314 perseveran-

2073 5339 2226 5401 dum
2278 5335 2343 5397 in
2389 5331 2586 5406 vitiis,
2637 5337 2702 5392 et
2737 5329 2818 5391 ad
2852 5327 3247 5409 diligendum
3297 5351 3372 5396 ea
3410 5352 3556 5417 quaa
