4284 6267
1049 492 1403 541 malumno
1446 495 1508 541 m
1550 495 1688 543 GAP.
1736 492 1800 542 IV
1839 490 2081 539 GAN'rlcl
2121 490 2525 540 CANTlcomm.
2571 513 2650 522 —
2693 494 2833 540 Am.
2880 493 2985 541 xlv

3443 478 3560 543 383

69 672 416 725 σαιαιιῃο.
453 659 674 725 dicere
717 660 925 745 potuit
965 662 1119 725 illud
1171 665 1480 747 Apostoli,
1520 667 1586 728 In
1634 665 1765 729 fide
1811 666 1961 730 vivo
1993 663 2044 725 A
2073 663 2407 741 extollunt,
2434 665 2766 743 mirantur,
2802 674 3037 741 amant,
3071 674 3133 729 et
3167 667 3563 750 amplectun-

231 2435 322 2491 10

453 757 600 820 Filii
635 760 762 837 Dei,
799 762 908 842 qui
940 762 1166 826 dilexit
1199 782 1322 841 me,
1355 774 1417 827 et
1449 764 1706 828 tradidit
1737 774 1964 827 semet-

451 856 670 938 ipsum
704 878 818 940 pro
847 863 985 923 me?
1010 862 1369 924 vulnerasti
1401 881 1553 943 ergo
1583 881 1692 926 cor
1717 881 1953 939 meum,

451 954 518 1017 id
570 964 690 1035 est,
738 958 1300 1023 vehementissime
1358 962 1670 1023 attraxisti
1721 982 1823 1024 me
1881 961 1961 1023 ad

451 1060 543 1129 te,
593 1054 682 1117 ita
725 1058 899 1138 quod
939 1076 1155 1122 amore
1200 1069 1308 1122 tuo
1359 1060 1541 1141 quasi
1589 1060 1959 1124 vulneratus

449 1152 752 1228 videbar:
784 1158 858 1217 in
893 1178 1022 1219 uno
1063 1162 1398 1219 oculorum
1437 1169 1718 1231 tuorum,
1753 1158 1816 1221 id
1866 1166 1962 1221 est

451 1270 568 1332 per
609 1253 1112 1318 sincerissimam
1151 1257 1778 1339 contemplationem,
1835 1276 1960 1339 qua

451 1368 558 1411 me
592 1352 1110 1417 reverentissime
1139 1374 1212 1417 ac
1254 1353 1726 1418 ferventissime
1756 1355 1963 1437 inspe-

455 1448 632 1525 xisti,
678 1450 826 1512 totis
865 1452 991 1513 tuis
1035 1453 1402 1534 praecordiis
1441 1472 1543 1516 me
1586 1461 1962 1535 peroptans3

453 1556 516 1607 et
559 1550 632 1607 in
671 1569 801 1610 uno
842 1553 1024 1611 crine
1064 1554 1216 1612 colli
1255 1555 1380 1623 tui,
1413 1553 1476 1614 id
1517 1560 1615 1615 est.
1643 1572 1767 1614 una
1798 1550 1964 1612 affe-

456 1646 672 1710 ctione
707 1648 916 1711 cordis
958 1649 1050 1711 tui
1081 1650 1432 1731 purissimi,
1467 1670 1591 1731 qua
1626 1669 1964 1713 commune

457 1744 656 1807 totius
700 1745 964 1809 humani
1005 1750 1260 1828 generis
1299 1749 1538 1812 bonum
1587 1749 1962 1831 praecordia-

2071 771 2173 824 tur
2205 783 2219 827 :
2264 762 2558 827 felicitati
2598 784 2671 828 ac
2714 765 2933 846 gloriae
2972 765 3310 828 Genitricis
3350 766 3561 829 Domi-

2071 862 2135 922 ni
2173 862 2281 925 Dei
2320 864 2420 924 sui
2456 862 2985 927 inaestimabiliter
3016 864 3556 945 congratulanteS,

2067 967 2257 1041 atque
2310 960 2377 1023 in
2424 980 2499 1024 ea
2546 962 2891 1041 gloriantes
2945 963 3012 1025 in
3070 963 3378 1041 Domino;
3431 971 3559 1025 tam

2069 1057 2453 1124 beatissimae
2486 1068 2790 1124 creaturae
2821 1061 3385 1143 pulchritudinem,
3422 1070 3562 1144 post

2067 1158 2381 1222 Creatoris
2428 1159 2991 1241 pulchritudinem,
3046 1160 3319 1223 maxime
3363 1159 3564 1221 admi-

2071 1266 2304 1332 ranteS‚
2352 1257 2489 1340 ejus
2538 1258 2937 1321 dulcedinem
2988 1257 3372 1333 haurienteS,
3425 1256 3565 1338 ejus

2070 1355 2375 1418 odoribus
2417 1355 2695 1419 mirifice
2742 1356 3079 1436 oblectati3
3130 1357 3383 1437 Deoque
3423 1373 3563 1436 gra-

2073 1454 2191 1516 tias
2232 1454 2696 1517 incessabiliter
2736 1454 3084 1519 referentes
3121 1474 3234 1536 pro
3268 1455 3443 1517 omni
3475 1474 3564 1517 sa·

2072 1551 2203 1613 lute
2233 1560 2295 1613 et
2324 1552 2719 1627 excellentia,
2765 1571 2921 1633 quas
2961 1572 3091 1615 suae
3123 1552 3563 1635 praestantissi-

2072 1670 2191 1713 mae
2239 1650 2511 1713 contulit
2564 1650 2892 1713 Genitrici.
2948 1651 3207 1733 insuper
3266 1651 3567 1714 universa

2070 1749 2352 1812 Ecclesia
2382 1748 2686 1826 militam,
2725 1749 2787 1810 in
2823 1748 3158 1812 foetoribus
3190 1750 3383 1831 hujus
3413 1750 3567 1812 exsi-

457 1842 706 1907 lissime
735 1847 1116 1929 concupisti.
1149 1848 1280 1911 Imo
1319 1856 1560 1910 tantum
1605 1847 1759 1909 mibi
1793 1866 1962 1910 com·
1997 1846 2044 1908 B
2073 1846 2142 1909 lii
2180 1848 2439 1928 degenS‚
2484 1848 2696 1923 odore,
2746 1848 3077 1925 suavitate,
3125 1848 3561 1931 adspersione,

455 1940 783 2022 placuisti,
803 1952 928 2006 tam
960 1945 1256 2008 amabilis
1289 1946 1455 2009 facta
1481 1965 1549 2008 es
1579 1946 1761 2023 mihi,
1785 1946 1958 2027 quod

453 2039 650 2101 etiam
709 2060 838 2103 una
887 2062 1292 2125 quacumque
1345 2053 1450 2108 tua
1500 2044 1836 2107 intuitione
1894 2051 1956 2105 et

453 2136 808 2203 affectione
834 2142 915 2204 ad
948 2160 1068 2219 me,
1105 2143 1370 2225 rapuisti
1401 2162 1503 2205 me
1537 2151 1738 2206 totum
1770 2141 1837 2204 in
1868 2150 1952 2219 te,

457 2244 523 2298 et
581 2238 824 2319 placuit
874 2240 1032 2302 mihi
1077 2240 1426 2322 magnifice
1466 2240 1784 2324 quidquid
1834 2240 1958 2303 fuit

462 2334 530 2396 in
559 2336 776 2399 anima
807 2346 933 2413 tua,
969 2347 1033 2401 et
1065 2338 1377 2420 quidquid
1407 2340 1716 2421 processit
1743 2358 1818 2402 ex
1859 2358 1952 2403 ea.

546 2440 758 2504 Quam
781 2440 1074 2513 pulchrae
1098 2448 1254 2499 sunt
1279 2459 1576 2500 mammoe
1606 2448 1752 2511 tuoe,
1782 2459 1962 2499 soror

463 2554 636 2603 mea,
667 2538 941 2612 sponsa!
979 2534 1477 2617 Speciosissimae
1517 2536 1739 2617 utique
1777 2545 1960 2600 erant

461 2650 759 2695 mammae
809 2632 936 2696 illae
984 2633 1252 2698 internae
1295 2633 1577 2715 Virginis
1633 2635 1958 2697 admiran-

457 2731 558 2792 dae
609 2748 624 2792 :
670 2731 929 2795 dilectio
987 2734 1118 2810 Dei,
1181 2734 1409 2797 caritas
1469 2734 1956 2816 proximorum3

457 2828 612 2892 item
657 2831 860 2911 pietas
903 2851 1048 2913 quae
1091 2840 1188 2895 est
1229 2831 1439 2895 cultus
1485 2833 1618 2909 Dei,
1669 2840 1732 2895 et
1785 2832 1957 2895 zelus

454 2927 663 2991 divini
703 2928 964 2993 honoris
997 2939 1190 3011 atque
1231 2928 1526 2994 fraternae
1565 2930 1824 3009 salutis3
1863 2950 1960 2993 sa-

455 3027 700 3108 pientia
740 3028 880 3110 ejus
923 3037 1115 3110 atque
1157 3029 1460 3109 scientia;
1506 3028 1710 3111 gratia
1756 3038 1821 3092 et
1866 3028 1959 3091 af-

454 3124 765 3206 fluentia3
807 3145 882 3189 ac
915 3126 1366 3190 munificentia
1400 3128 1560 3208 ejuS,
1599 3127 1956 3209 compassio

453 3224 838 3287 miserorum
874 3243 889 3287 ε
935 3244 1080 3307 quae
1119 3225 1358 3303 omnia,
1405 3226 1555 3291 vino
1598 3226 1826 3307 rigoris
1873 3227 1960 3290 le-

451 3321 638 3403 galiS‚
673 3332 736 3387 et
764 3324 941 3388 omni
973 3324 1246 3387 naturali
1287 3325 1574 3401 scientia,
1610 3324 1787 3387 omni
1822 3344 1958 3389 cor-

458 3422 664 3504 porali
721 3423 987 3485 materia
1046 3423 1302 3486 fuerunt
1343 3422 1764 3486 ineffabiliter
1820 3423 1957 3505 pul-

457 3519 732 3584 chriora.
771 3520 1088 3604 Corporea
1126 3540 1382 3603 quoque
1423 3521 1956 3603 spiritualissimae

457 3617 742 3699 Virginis
787 3618 1004 3697 ubera,
1052 3639 1193 3701 quae
1233 3620 1464 3700 Regem
1505 3619 1734 3700 gloriae
1770 3620 1960 3683 lacta-

458 3726 715 3796 verunt,
757 3719 882 3782 Deo
922 3736 1072 3782 vero
1115 3718 1484 3781 alimoniam
1527 3718 1952 3801 praebuerunt,

459 3816 644 3880 Fonti
679 3817 871 3881 totius
911 3818 1063 3881 honi
1103 3817 1202 3881 lac
1231 3818 1644 3899 purissimum
1687 3816 1959 3881 influxe-

461 3924 634 3993 runt,
683 3915 1178 3999 speciosissima,
1235 3916 1634 3990 suavissima,
1691 3916 1960 3979 honora-

457 4012 798 4090 bilissima,
830 4012 1287 4077 amabilissima
1318 4013 1485 4076 facta
1515 4022 1683 4089 sunt,
1707 4023 1770 4077 et
1798 4013 1960 4078 miro

455 4113 648 4176 modo
688 4112 1012 4187 deificata,
1050 4111 1336 4194 ipsisque
1373 4112 1680 4194 angelicis
1725 4112 1959 4175 menti-

457 4211 578 4274 bus
610 4211 1006 4275 honoranda.

555 4313 642 4371 Ec
700 4313 858 4371 odor
913 4320 1390 4388 unquentorum
1449 4320 1708 4370 tuorum
1762 4330 1960 4387 super

459 4411 686 4471 omnia
717 4418 1035 4470 aromata.
1067 4408 1266 4470 Tanta
1305 4407 1650 4471 certissime
1691 4416 1789 4471 est
1818 4428 1962 4471 sua-

459 4508 628 4573 vitas
657 4507 1114 4570 charismatum
1143 4516 1207 4569 et
1233 4506 1618 4582 meritorum,
1655 4507 1960 4571 virtutum

463 4615 530 4669 et
565 4614 850 4683 actuum,
884 4606 1258 4668 unctionum
1299 4613 1360 4667 et
1400 4604 1826 4668 diffusionum
1867 4625 1964 4668 se-

465 4704 822 4767 renissimae
849 4704 1059 4766 Matris
1092 4704 1225 4779 Dei,
1262 4704 1430 4784 qnod
1475 4712 1702 4767 cuncta
1737 4704 1961 4766 mundi

465 4803 881 4866 odoramenta
943 4802 1336 4865 transcendit
1389 4820 1402 4863 τ
1462 4802 1591 4865 imo
1646 4810 1709 4864 et
1767 4810 1961 4866 totam

465 4900 818 4984 perfundit,
861 4900 1205 4981 adspergit,
1251 4900 1520 4963 delectat
1578 4900 1966 4982 triumphan-

467 5007 596 5061 tem
627 4998 973 5061 Ecclesiam
1015 4996 1429 5060 inenarrabili
1469 4998 1678 5060 modo.
1720 4997 1967 5061 Creato-

466 5115 734 5177 remque
777 5094 1084 5171 universi,
1119 5114 1192 5157 ac
1219 5102 1412 5157 totam
1453 5095 1968 5177 supergloriosis—

467 5196 698 5257 simam
737 5194 1134 5269 Trinitatem,
1170 5193 1452 5258 universi
1492 5193 1662 5257 cives
1707 5194 1964 5277 superni

469 5294 539 5356 in
568 5292 834 5375 Virgine
870 5290 1246 5355 christifera
1278 5292 1646 5355 medullitus
1681 5292 1964 5370 laudant,

2068 1945 2504 2008 consolatione
2546 1945 2739 2028 hujus
2780 1945 3047 2009 Deiferae
3096 1946 3399 2027 Virginis,
3452 1948 3565 2010 ad-

2071 2051 2307 2105 vocatae
2346 2062 2421 2105 ac
2462 2042 2736 2107 dominae
2787 2063 2937 2119 suae,
2982 2062 3108 2107 non
3162 2044 3567 2108 mediocriter

2069 2148 2410 2217 recreatur,
2439 2140 2710 2217 fovetur,
2742 2142 3021 2223 juvatur,
3057 2150 3120 2205 et
3152 2143 3560 2206 exhilaratur.

2148 2242 2370 2300 Favus
2397 2242 2729 2301 distillans
2761 2243 2935 2301 labia
2968 2252 3108 2311 tua,
3126 2262 3377 2320 sponsa.
3400 2242 3565 2305 Fons

2068 2344 2132 2398 et
2178 2356 2367 2400 causa
2416 2338 2731 2402 universae
2777 2338 3129 2415 suavitatiS‚
3182 2359 3321 2403 cam
3371 2359 3565 2422 quam

2008 2510 2016 2516 ι
2068 2437 2395 2517 praeelegit
2427 2437 2493 2499 in
2524 2446 2813 2513 matrem,
2852 2445 3026 2500 tanta
3057 2438 3329 2521 replevit
3359 2439 3567 2501 suavi-

2073 2544 2220 2612 tate,
2253 2544 2325 2597 ut
2350 2555 2466 2599 nec
2500 2536 2659 2599 ratio
2689 2556 2936 2619 capere,
2975 2556 3092 2600 nec
3124 2537 3341 2618 lingua
3375 2545 3567 2619 queat

2067 2634 2445 2716 exprimere.
2481 2635 2695 2717 ltaque
2734 2635 2902 2697 labia
2946 2634 3399 2699 intellectualia
3429 2636 3569 2699 Vir-

2067 2734 2238 2813 ginis
2294 2742 2549 2811 sanctae,
2602 2734 2835 2815 quibus
2896 2735 3087 2796 Deum
3148 2755 3335 2799 suum
3398 2736 3566 2799 intra

2069 2832 2279 2894 cordis
2337 2831 2438 2894 sui
2494 2852 2724 2894 arcana
2777 2832 3033 2895 assidue
3094 2833 3561 2915 alloquebatur,

2070 2930 2373 3007 laudavit,
2418 2930 2642 3007 oravit,
2686 2930 3065 2993 suavissima
3108 2950 3247 2995 esse
3290 2950 3567 2996 noscun-

1993 3031 2036 3094 C
2072 3038 2192 3105 tur,
2217 3038 2279 3092 et
2309 3028 2757 3094 suavissimum
2791 3028 3013 3093 favum
3045 3030 3519 3094 distillaverunt
3545 3047 3559 3092 ε

2065 3128 2371 3209 quoniam
2434 3136 2613 3191 actus
2664 3128 2951 3191 internos
3011 3129 3135 3192 Deo
3194 3128 3562 3211 acceptissi-

2065 3245 2226 3304 mOS,
2285 3227 2415 3307 jam
2482 3234 2838 3308 praetactOS,
2907 3227 3370 3308 produxerunt,
3434 3227 3561 3293 imo

2064 3325 2456 3387 incessanter
2485 3325 2867 3406 producunt.
2904 3324 3036 3388 Sub
3077 3326 3314 3407 quibus
3354 3346 3565 3390 sacra-

2067 3422 2331 3484 tissimis
2389 3422 2576 3485 labiis
2626 3422 2755 3486 mel
2818 3431 2880 3486 et
2934 3424 3031 3487 lac
3084 3425 3498 3488 continentur
3544 3443 3558 3488 ε

2067 3521 2193 3583 mel
2233 3521 2452 3602 utique
2485 3521 2949 3585 ardentissimae
2990 3522 3273 3585 caritatis
3320 3531 3381 3586 et
3428 3543 3565 3587 sua-

2064 3620 2279 3682 vitatis
2310 3619 2594 3693 internae,
2621 3638 2696 3681 ex
2727 3619 2947 3683 divina
2978 3621 3212 3683 summi
3250 3620 3399 3684 boni
3433 3622 3564 3704 ple-

2067 3718 2334 3781 nissima
2390 3715 2740 3797 fruitione;
2792 3717 2887 3780 lac
2939 3737 3197 3800 quoque
3255 3718 3563 3783 refectio-

2068 3818 2169 3879 nis
2199 3816 2563 3893 salutiferae‚
2590 3836 2665 3879 ex
2699 3816 3095 3899 inspectione
3123 3825 3186 3881 et
3216 3817 3557 3883 dilectione

2069 3917 2361 3979 humanae
2404 3915 2548 3977 Filii
2592 3915 2691 3977 sui
2737 3924 2976 3979 naturae
3009 3934 3085 3978 ex
3129 3935 3197 3979 se
3239 3927 3507 3999 sumptae
3543 3935 3557 3980 :

2069 4015 2289 4095 sicque
2337 4014 2722 4093 ingredienS,
2757 4014 3005 4077 invenit
3047 4034 3283 4096 pascua
3326 4016 3391 4078 in
3430 4016 3563 4079 dei-

2069 4120 2232 4191 tate;
2267 4121 2331 4174 et
2364 4112 2718 4192 egrediens,
2753 4112 2819 4173 in
2863 4112 3095 4175 Christi
3139 4113 3555 4178 humanitate.

1988 4212 2038 4273 D
2150 4214 2392 4272 Hortus
2444 4214 2801 4281 conclusus,
2850 4231 3031 4271 soror
3080 4234 3244 4282 mea,
3298 4233 3557 4289 sponsa,

2068 4312 2291 4371 hortus
2335 4312 2693 4379 conclusus,
2738 4310 2887 4386 fons
2932 4312 3245 4387 siynatm.
3299 4310 3560 4375 Delicio-

2070 4407 2383 4483 sissimuS‚
2420 4406 2970 4482 vernantissimus,
3014 4406 3561 4472 fructuosissimus

2070 4507 2292 4570 hortus
2350 4506 2458 4569 Dei
2516 4514 2611 4569 est
2664 4506 2904 4589 optima
2955 4508 3222 4570 Domina
3271 4508 3391 4572 ista
3438 4526 3452 4571 ε
3496 4510 3561 4571 in

2070 4625 2198 4687 qua
2227 4605 2513 4668 omnium
2542 4604 2841 4668 arborum
2863 4606 3291 4688 spiritualium
3322 4608 3565 4689 species

2071 4712 2220 4765 sunt
2268 4703 2596 4785 plantatae3
2650 4703 2715 4764 in
2764 4720 2887 4783 qua
2938 4703 3181 4783 lignum
3233 4705 3561 4788 sapientiae

2071 4800 2402 4882 requievit,
2428 4799 2674 4882 lignum
2707 4801 2990 4865 scientiae
3019 4801 3172 4867 boni
3204 4811 3266 4866 et
3297 4804 3469 4883 mali,
3496 4804 3561 4866 id

2073 4909 2170 4963 est
2201 4919 2449 4962 summa
2478 4900 2777 4963 discretio
2809 4900 3423 4966 immarcescibiliter
3454 4902 3566 4967 flo-

2077 5008 2205 5079 ret;
2248 4998 2314 5060 in
2354 5017 2478 5079 qua
2510 4999 2824 5063 universae
2863 4999 3129 5064 virtutes
3174 5010 3323 5063 sunt
3364 5002 3567 5065 consi·

2074 5106 2175 5173 tae,
2222 5106 2449 5159 cuncta
2490 5096 2709 5160 divina
2755 5097 3136 5161 charismata
3176 5098 3559 5175 floruerunt,

2077 5195 2182 5259 Sol
2242 5195 2571 5278 sapientiae
2626 5194 2998 5277 plenissime
3055 5198 3345 5278 radiavit,
3399 5200 3563 5262 nulli

2078 5294 2276 5369 venti,
2322 5292 2578 5377 pluvias,
2623 5292 2895 5356 flumina
2934 5295 3239 5359 vitiorum
3281 5316 3563 5379 unquam

3694 2247 3757 2303 ss

3687 4225 3753 4280 12
