4284 6267
967 515 1320 563 BNARRATlo
1361 516 1424 563 m
1466 516 1603 564 GAP.
1649 516 1695 563 11
1737 515 1976 565 CANTlct
2017 517 2421 565 cAN'ncolum.
2468 538 2550 549 —
2588 518 2732 565 Am.
2770 518 2879 565 vm

3352 500 3470 563 347

363 684 546 749 tione.
575 682 702 745 sibi
735 687 854 750 soli
885 706 958 751 ac
989 706 1224 769 sponso
1254 688 1530 767 cognita,
1564 687 1876 752 excellen-
1904 689 1955 749 A
1988 706 2103 751 nec
2143 689 2275 752 ulla
2305 688 2447 752 fieri
2483 698 2691 772 potest
2721 698 2929 753 creata
2958 690 3213 755 virtute.
3242 692 3475 766 Prope-

365 784 622 848 tissime
655 786 1026 849 inhaerebat.
1061 786 1533 861 Verumtamen,
1570 787 1872 869 quoniam

365 901 647 964 sponsus
680 892 944 947 noverat
973 904 1110 947 eam
1144 884 1211 947 in
1251 885 1685 968 proximorum
1716 886 1874 947 cari-

365 987 502 1043 tate
529 983 1093 1047 aestuantissimam
1125 1002 1287 1059 esse,
1306 984 1670 1065 jugiterque
1701 1002 1875 1067 para-

367 1088 502 1142 tam
534 1100 909 1145 succurrere
937 1090 1000 1144 et
1030 1082 1325 1145 suscitari
1358 1101 1474 1165 pro
1511 1081 1871 1146 rationabili

365 1197 586 1257 causa,
622 1180 870 1243 addidit
905 1198 918 1242 :
952 1179 1372 1263 Quoadusque
1401 1182 1538 1264 ipsa
1567 1181 1745 1258 velit,
1778 1190 1876 1243 ut-

367 1287 521 1359 pote
555 1287 840 1362 tempore
869 1298 1150 1361 congruo
1186 1298 1200 1343 :
1237 1280 1303 1343 in
1335 1299 1462 1362 quo
1500 1280 1641 1343 sine
1679 1280 1874 1345 dubio

369 1396 629 1456 semper
689 1377 814 1441 fuit
873 1388 1187 1461 prompta,
1241 1378 1544 1461 quoniam
1597 1378 1872 1444 fructum

371 1476 697 1558 passionis
724 1486 788 1540 et
819 1478 1044 1541 mortis
1079 1478 1223 1541 Filii
1263 1478 1360 1541 sui
1405 1477 1875 1543 ferventissime

369 1593 630 1657 semper
671 1578 938 1658 optavit.

472 1677 605 1736 Vox
643 1676 869 1736 dilecti
895 1676 1024 1737 mei
1053 1682 1169 1753 est,
1201 1674 1314 1758 qui
1351 1679 1541 1741 modo
1574 1686 1873 1760 praetacto

371 1772 667 1836 hortatur
697 1793 780 1837 ne
817 1774 1107 1836 susciter.
1145 1778 1304 1836 Ecce
1333 1778 1508 1837 venit
1534 1778 1771 1837 saliens
1800 1778 1873 1836 in

1985 809 2084 861 ra,
2118 788 2184 850 id
2226 798 2343 866 est,
2380 788 2760 853 festinanter
2798 790 2887 851 sic
2920 807 3055 870 age,
3089 789 3297 865 crede,
3329 805 3476 851 con-

1987 887 2187 967 senti;
2231 888 2491 969 loquere
2537 887 2821 965 verbum,
2870 905 3153 971 praepara
3197 894 3471 960 uterum,

1987 985 2197 1067 praebe
2254 987 2607 1063 materiam,
2672 994 2742 1048 ut
2798 986 3123 1067 concipiat·
3179 1004 3215 1047 a
3272 992 3353 1061 te,
3414 994 3477 1047 ct

1986 1084 2210 1168 gignat
2254 1103 2330 1147 ex
2373 1092 2457 1161 te,
2490 1084 2603 1167 qui
2649 1084 3033 1149 aeternaliter
3076 1096 3215 1146 sum
3258 1102 3478 1148 conce-

1985 1192 2131 1267 ptus
2176 1193 2237 1246 et
2278 1192 2463 1247 natus
2508 1203 2585 1246 ex
2631 1184 2833 1261 Patre,
2883 1184 2949 1245 in
2994 1200 3122 1264 quo
3171 1182 3333 1245 idem
3382 1192 3479 1246 est

1985 1282 2142 1345 mihi
2186 1282 2439 1363 concipi
2480 1291 2543 1345 et
2574 1282 2776 1364 gigni,
2810 1282 3114 1364 quoniam
3153 1280 3478 1362 generatio

1987 1380 2118 1458 illa,
2153 1380 2625 1457 intellectualiS,
2662 1380 3123 1458 immaterialiS,
3168 1381 3480 1462 intempo-

1987 1479 2136 1541 ralis
2179 1479 2495 1544 consistit.
2526 1479 2575 1542 Ο
2614 1483 2826 1541 amica
2866 1501 3003 1541 mea
3046 1478 3387 1559 singularis
3414 1487 3478 1542 et

1987 1579 2201 1655 unica,
2251 1578 2436 1660 cujus
2487 1586 2776 1661 respectu
2821 1578 2965 1641 aliae
3013 1586 3163 1641 sunt
3202 1576 3471 1654 ancillae,

1985 1677 2279 1758 quamvis
2310 1685 2373 1739 et
2411 1694 2527 1739 suo
2556 1677 2744 1739 modo
2782 1676 3003 1739 amieae
3040 1676 3189 1739 sint.
3228 1681 3478 1739 Colum-

1985 1778 2066 1835 ba
2095 1796 2260 1845 mea,
2293 1776 2358 1837 in
2400 1794 2529 1858 qua
2566 1794 2893 1857 nunquam
2928 1774 3054 1838 fuit
3093 1775 3269 1839 radix
3305 1795 3476 1839 ama—
3572 1838 3581 1845 ,

373 1874 740 1943 montibus,
765 1874 1141 1933 transiliens
1179 1876 1386 1936 colles.
1428 1874 1557 1938 Hoc
1597 1873 1874 1937 rectissi-
1910 1874 1954 1937 B
1986 1874 2305 1949 ritudiniS,
2340 1873 2609 1938 felleave
2641 1874 3002 1952 austerita3‚
3035 1874 3145 1938 sed
3176 1874 3478 1957 simplici-

371 1989 478 2034 me
508 1971 724 2035 dicere
755 1973 962 2054 potuit
1002 1972 1197 2055 Virgo
1236 1974 1504 2052 excelsa,
1541 1974 1877 2038 benedicta

369 2068 587 2145 Maria,
623 2069 880 2151 quando
911 2071 991 2133 ab
1026 2071 1408 2151 archangelo
1446 2071 1736 2137 Gabriele
1766 2092 1876 2135 au-

217 2190 226 2217 ·
313 2207 326 2219 ·
372 2167 539 2229 divit
576 2186 591 2229 :
628 2168 788 2231 Eece
837 2168 1166 2251 concipies
1216 2170 1282 2231 in
1328 2178 1508 2233 utero
1558 2179 1618 2233 et
1665 2172 1876 2253 paries

373 2265 614 2343 filium,
647 2286 721 2330 ac
764 2275 974 2330 cetera
1019 2286 1162 2349 quae
1211 2268 1408 2331 refert
1447 2268 1872 2350 Evangelista.

369 2366 505 2429 lmo
539 2374 690 2429 tunc
720 2382 850 2428 uno
879 2366 1435 2430 vehementissimo
1466 2368 1624 2431 saltu
1651 2388 1686 2431 a
1711 2368 1877 2432 thro-

371 2482 458 2528 no
489 2473 757 2548 paterno
788 2463 856 2527 in
886 2474 1135 2529 uterum
1162 2466 1434 2547 prosiliit
1466 2466 1870 2548 virginalem:

371 2563 457 2628 ob
525 2564 714 2646 cujus
789 2564 1178 2628 celeritatem
1244 2566 1531 2647 aliasque
1598 2566 1873 2629 rationes

373 2662 782 2745 praehabitaS‚
833 2672 1238 2745 comparatur
1277 2684 1524 2742 capreoe
1567 2666 1875 2725 hinnulo-

171 2790 284 2827 nu.
326 2809 340 2821 .
369 2782 498 2841 que
545 2782 906 2823 cervorum.
958 2761 1313 2827 Exsultavit
1359 2763 1531 2826 enim
1582 2772 1649 2825 ut
1695 2763 1872 2843 gigas

92 3572 195 3617 Luc.
217 3588 246 3625 ι,
266 3577 332 3619 38.

167 3958 236 4014 10

367 2860 452 2923 ad
493 2862 876 2923 currendam
915 2862 1110 2924 viam.
1143 2864 1250 2924 En
1281 2864 1416 2941 ipse
1440 2872 1568 2924 stat
1589 2873 1732 2941 post
1751 2884 1872 2941 pa-

369 2960 602 3021 rietem
641 2970 938 3021 nostrum
969 2981 992 3020 .·
1024 2959 1086 3022 id
1119 2968 1234 3035 est,
1269 2961 1336 3023 in
1367 2979 1558 3024 carne
1587 2961 1872 3023 mundis-

367 3156 577 3219 voluit
611 3156 937 3232 deitatem,
971 3176 1075 3221 me
1113 3175 1369 3239 quoque
1406 3176 1550 3220 cum
1591 3157 1869 3221 Archan-

365 3254 514 3335 gelo
543 3252 936 3332 conferente,
971 3256 1050 3319 de
1091 3256 1380 3338 proximo
1418 3257 1693 3336 adstitit3
1721 3277 1869 3335 pro-

365 3356 650 3432 spiciens
700 3374 822 3432 per
869 3359 1200 3424 cancello-3,
1248 3355 1525 3437 qualiter
1579 3364 1864 3419 nostrum

368 3452 716 3516 finiremus
759 3453 1175 3536 colloquium.
1210 3454 1368 3517 Dum
1412 3452 1867 3520 consentiendo

367 3551 700 3629 dixissem,
742 3552 902 3615 Ecce
947 3551 1183 3616 ancilla
1229 3552 1503 3629 Domini,
1549 3551 1665 3616 fiat
1707 3554 1865 3617 mihi

367 3651 722 3715 secundum
767 3650 1035 3714 verbum
1081 3660 1260 3714 tuum
1298 3652 1518 3715 :dicto
1567 3652 1860 3731 celerius,

369 3749 500 3813 imo
527 3749 930 3811 instantanee
965 3748 1247 3830 prosiliit
1278 3748 1344 3811 in
1383 3768 1507 3826 me,
1543 3758 1606 3812 et
1633 3768 1865 3833 corpus

367 3846 720 3930 assumpsit
759 3866 837 3911 ex
878 3865 1004 3909 me.

465 3950 572 4010 En
621 3948 896 4007 dilectu-s·
942 3966 1120 4007 meu-s·
1168 3948 1463 4026 loquitur
1507 3950 1696 4009 mihi.
1749 3948 1863 4023 Qui

367 4046 540 4111 enim
571 4064 682 4128 per
709 4043 1060 4108 Gabrielem
1094 4044 1464 4125 loquebatur
1493 4045 1644 4107 mihi
1677 4045 1868 4109 forin-

367 4163 574 4222 secuS,
595 4162 710 4227 per
735 4162 804 4207 se
828 4144 1030 4226 ipsum
1059 4141 1432 4224 loquebatur
1457 4145 1615 4207 mihi
1645 4146 1868 4210 intrin-

1983 1981 2076 2035 tas
2109 1972 2502 2055 sapientialis
2534 1972 2849 2036 inviolata.
2884 1976 3187 2035 Formosa
3214 1994 3373 2045 mea,
3407 1974 3473 2036 in

1983 2071 2380 2134 naturalibus
2412 2071 2597 2135 donis
2620 2072 2807 2136 valde
2836 2072 3115 2155 perfecta
3148 2071 3210 2133 in
3244 2090 3477 2153 genere

1985 2179 2116 2246 tuo,
2169 2188 2433 2253 corpore
2489 2170 2799 2254 speciosa,
2848 2179 3061 2234 mente
3120 2170 3470 2252 ingeniosa,

1984 2268 2241 2350 optimae
2275 2267 2507 2331 indolis
2538 2267 2875 2350 privilegio
2906 2268 3230 2347 decorata3
3262 2286 3337 2331 ex
3366 2287 3477 2330 na-

1987 2366 2175 2429 turali
2246 2366 2669 2449 dispositione
2734 2366 3097 2443 mitissima,
3159 2366 3470 2448 piissima,

1986 2465 2458 2543 honestissima,
2492 2466 2663 2529 etad
2703 2484 2957 2530 omnem
2989 2465 3310 2543 virtutem,
3347 2464 3475 2529 imo

1985 2564 2431 2628 universarum
2488 2562 2797 2627 virtutum
2862 2562 3342 2647 perfectionem,
3406 2564 3472 2627 in

1987 2663 2259 2727 termino
2290 2661 2681 2725 excellentiae
2721 2661 3244 2745 dispositissima3
3276 2682 3476 2726 venu-

1985 2761 2264 2824 stissima
2295 2760 2604 2836 moribuS‚
2640 2760 3157 2843 splendidissima
3194 2761 3475 2825 muneri-

1983 2864 2102 2927 bus
2139 2860 2485 2943 gratiarum
2529 2858 2784 2935 infusiS‚
2818 2858 3305 2942 opulentissima
3342 2878 3472 2923 me-

1981 2960 2120 3023 ritis
2154 2980 2168 3025 :
2203 2968 2264 3024 et
2314 2957 2457 3023 talis
2504 2977 2579 3021 ac
2627 2966 2821 3035 tanta,
2857 2966 2926 3020 ut
2968 2958 3245 3040 speciem
3296 2966 3465 3020 tuam
3498 2973 3760 3024 Ρικιιῃη.

369 3058 559 3134 sima,
593 3076 786 3139 quam
828 3076 904 3121 ex
934 3077 1038 3122 me
1066 3060 1431 3143 assumpsit,
1466 3078 1642 3123 suam
1675 3060 1870 3124 latere
1905 3058 1948 3123 C
1981 3080 2106 3125 non
2165 3058 2569 3122 mediocriter
2626 3057 3093 3138 concupiscam,
3156 3066 3469 3139 quatenus

1979 3167 2125 3242 post
2167 3158 2591 3240 frequentiam
2636 3156 3030 3235 angelorum,
3076 3154 3470 3218 tumultuati-

1979 3276 2299 3339 onemque
2343 3256 2700 3332 hominum,
2740 3254 2989 3317 tandem
3036 3255 3103 3317 in
3150 3263 3209 3317 te
3257 3254 3469 3335 requi-

1976 3375 2210 3430 escam,
2264 3363 2371 3418 tua
2419 3352 2895 3437 pulchritudine
2942 3352 3309 3427 delectatus,
3360 3360 3467 3415 tua

1980 3454 2439 3538 tranquillitate
2481 3453 2768 3516 allectus.

2055 3557 2205 3616 Iam
2235 3556 2410 3614 enim
2440 3553 2643 3613 hiems
2690 3552 2957 3613 transiit
2984 3569 3009 3612 .·
3039 3549 3101 3613 id
3145 3559 3262 3627 est,
3310 3558 3467 3613 tem-

1979 3672 2098 3735 pus
2139 3659 2237 3715 est
2279 3659 2350 3713 ut
2392 3649 2585 3731 rigori
2625 3649 2784 3730 legis
2823 3650 3135 3712 terminus
3180 3649 3467 3731 impona-

1977 3761 2102 3827 tur,
2156 3758 2215 3813 et
2264 3767 2377 3832 per
2427 3767 2529 3812 me
2574 3747 2943 3829 evangelica
3001 3747 3101 3811 lex
3152 3748 3463 3827 tradatur3

1977 3851 2180 3910 imber
2236 3850 2401 3909 abiit
2452 3868 2475 3907 .·
2520 3846 2584 3909 id
2642 3854 2758 3919 est,
2820 3846 3005 3927 copia
3061 3864 3136 3908 ac
3194 3844 3469 3928 impetus

1978 3947 2319 4023 ultionum,
2364 3964 2521 4027 quas
2570 3944 2670 4008 lex
2719 3942 3288 4024 transgressoribus
3336 3944 3469 4007 suis

1976 4046 2167 4129 jussit
2196 4043 2432 4125 infligi,
2465 4063 2611 4108 mox
2649 4041 2853 4105 finem
2884 4042 3227 4124 accipient.
3260 4042 3471 4107 Hiems

1975 4164 2237 4227 quoque
2275 4152 2337 4207 et
2382 4142 2606 4219 imber,
2650 4150 2799 4204 sunt
2841 4140 3195 4204 obscuritas
3240 4142 3471 4207 veteris

364 4262 576 4319 secus,
611 4260 716 4305 me
759 4242 1072 4305 hortando
1112 4260 1186 4304 ac
1231 4241 1556 4306 incitando
1597 4244 1866 4327 inspira·
1897 4247 1947 4309 D
1977 4242 2385 4317 Testamenti,
2422 4251 2482 4305 et
2526 4249 2867 4323 tempestas
2908 4239 2972 4302 in
3018 4248 3149 4322 qu‘a
3188 4240 3287 4303 lex
3326 4241 3471 4304 data

365 4341 542 4405 tione
571 4340 819 4405 occulta
845 4340 922 4402 ad
953 4340 1332 4403 credendum
1357 4342 1766 4423 ArchangelO,
1783 4345 1864 4407 ad

363 4438 898 4504 consentiendum
930 4438 1070 4519 ejus
1099 4440 1380 4517 oraculo,
1409 4441 1487 4503 ad
1520 4460 1864 4525 cooperan-

363 4540 518 4602 dum
552 4556 805 4601 summo
843 4556 918 4600 ac
959 4537 1364 4602 divinissimo
1407 4540 1861 4604 incarnationis

360 4638 690 4721 mysterio.
725 4636 802 4698 Et
829 4636 991 4699 dixit
1022 4636 1202 4714 mihi,
1239 4638 1545 4701 instinctu
1575 4650 1856 4704 secreto:

363 4742 602 4817 Surye,
658 4756 697 4799 a
752 4736 1266 4799 consideratione·
1322 4737 1684 4799 humillima
1737 4745 1861 4802 tuae

365 4836 643 4918 propriae
681 4833 1034 4915 parvitatiS‚
1069 4835 1146 4897 ad
1192 4844 1402 4897 actum
1445 4835 1859 4900 nobilissimae

363 4931 909 5014 magnanimitatis
967 4951 982 4995 :
1041 4941 1357 5015 quatenus
1425 4933 1645 5017 pietati
1701 4954 1857 4999 meae

361 5031 844 5113 omnipotentiae
875 5030 1222 5108 innitendO,
1257 5032 1475 5095 credas
1505 5050 1652 5096 mox
1679 5049 1862 5112 agen·

361 5132 514 5194 dum
547 5148 623 5192 ex
651 5147 777 5204 me,
811 5138 872 5192 et
908 5128 1194 5192 fiendum
1236 5149 1312 5192 ex
1352 5139 1433 5208 te,
1467 5139 1658 5212 atque
1689 5150 1860 5194 com-

359 5229 666 5313 plendum
722 5246 838 5311 per
881 5236 963 5305 te,
998 5228 1170 5308 quod
1211 5228 1330 5290 tibi
1374 5247 1485 5293 ore
1527 5230 1858 5293 nuntiatur

355 5326 671 5408 angelico,
705 5335 768 5390 et
807 5344 1060 5391 omnem
1101 5326 1493 5391 transcendit
1533 5337 1849 5407 naturam,

1975 4351 2102 4423 est;
2135 4361 2248 4404 seu
2278 4338 2731 4403 molestissima
2760 4338 3101 4402 multitudo
3132 4339 3473 4404 observan-

1980 4442 2210 4503 tiarum
2242 4438 2558 4520 legalium,
2578 4436 2745 4519 quod
2780 4435 2902 4499 fuit
2930 4455 3121 4518 grave
3150 4445 3211 4499 et
3244 4436 3469 4521 impor-

1973 4540 2168 4602 tabile
2212 4538 2459 4621 jugum,
2511 4537 2685 4599 durae
2730 4535 2965 4599 cervici
3010 4536 3467 4600 convenienter

1973 4637 2370 4722 impositum,
2413 4636 2521 4699 sed
2555 4655 2592 4698 a
2620 4635 2759 4714 lege
2792 4634 3173 4715 evangelicae
3210 4634 3465 4698 liberta-

3594 3564 3656 3621 ss

1971 4738 2052 4800 tis
2105 4736 2481 4800 tollendum.
2530 4733 2707 4796 Unde
2754 4733 2842 4795 ait
2882 4732 3221 4815 Apostolus
3269 4750 3283 4795 :
3331 4733 3461 4797 Nox
3514 4762 3751 4810 amun,

1971 4834 2309 4920 praecessit.
2342 4834 2417 4895 Et
2447 4833 2745 4915 princeps
2775 4832 3217 4914 Apostolorum
3243 4849 3257 4893 ε
3281 4832 3457 4909 Quid,
3490 4825 3749 4937 hiuma.

1970 4934 2200 5017 inquit,
2220 4931 2477 4997 tentatis
2508 4930 2839 5013 imponere
2865 4930 3085 5011 jugum
3121 4948 3311 5013 super
3338 4949 3465 4993 cer-

1969 5032 2144 5095 vices
2189 5029 2675 5112 discipulorum,
2711 5027 2880 5110 quod
2926 5047 3133 5109 neque
3177 5047 3311 5102 ηοε,
3354 5048 3463 5092 ne-

1967 5149 2094 5213 que
2140 5139 2349 5213 patres
2394 5128 2593 5193 nostri
2638 5134 2889 5210 portare
2927 5126 3283 5209 potuimus?
3314 5130 3461 5188 Flo-

1967 5252 2066 5291 res
2109 5238 2560 5309 apparuerunt
2596 5230 2671 5288 in
2718 5236 2887 5287 terra
2930 5236 3197 5287 nostra:
3231 5224 3293 5287 id
3334 5234 3452 5303 est,

1969 5329 2151 5411 signa
2200 5325 2502 5409 praeclara
2554 5344 2628 5388 ac
2686 5322 2918 5386 florida
2972 5321 3097 5386 mei
3145 5322 3457 5387 adventus

3588 5147 3655 5201 12
