4284 6267
553 913 572 953 ¹
579 848 666 953 iob
679 860 820 899 xxxin,

553 1241 617 1286 1⁸.
633 1244 821 1293 xxx,1,2.

551 1538 647 1581 Jer.
663 1550 733 1589 xv,
749 1539 814 1581 ¹9.

553 2022 708 2069 Jacob.
729 2037 760 2074 ι,
777 2026 819 2066 5.

585 2914 753 2960 naeth.
771 2928 815 2965 v,

551 2982 664 3023 2-10.

601 3208 722 3253 thid.
743 3210 784 3251 3.

581 4088 737 4194 ῚΔροο.
759 4099 816 4137 ιιι,

555 4154 576 4196 ¹
610 4180 624 4195 .

549 4976 693 5031 lobni
705 4994 716 5032 ;
729 4982 815 5032 ma.

579 5078 743 5123 Manli.
769 5093 811 5133 x,

551 5142 617 5184 ¹⁶.

550 5212 674 5321 ἔξω·
671 5228 808 5265 xxxxxx

841 444 922 509 20

1557 464 1910 510 manuario
1955 461 2018 507 m
2059 462 2201 509 GAP.
2248 458 2291 505 11
2333 458 2818 506 Pnomnlontn.
2867 478 2947 487 -·-
2988 456 3129 504 Am.
3174 460 3219 504 n

843 652 956 696 seu
1001 633 1124 716 ipsi
1171 635 1498 717 Prophetae
1531 655 1546 699 τ
1582 634 1882 717 quoniam
1937 654 2014 697 ex
2061 633 2342 715 Scriptu-
2372 630 2422 692 A
2449 631 2800 712 plicitatem
2832 628 3437 710 diligit-§.Simplices
3470 644 3643 707 ergo,
3663 644 3935 709 quorum

849 732 934 793 ris
963 734 1148 795 datur
1177 734 1362 796 nobis
1395 734 1731 797 instructio
1759 742 1953 816 atque
1983 732 2337 815 responsio.

845 829 1022 893 Unde
1060 830 1368 913 scriptum
1403 839 1499 895 est
1534 852 1549 895 ε
1589 832 1794 895 Semel
1832 831 2118 912 loquitur
2152 830 2339 905 Deus,

847 936 910 991 et
943 930 1222 994 secundo
1256 931 1320 992 id
1355 931 1568 1012 ipsum
1607 950 1736 993 non
1773 930 2024 1012 repetit.
2057 928 2174 991 Per
2202 927 2345 990 Pro-

847 1028 1068 1111 phetas
1109 1048 1368 1112 quoque
1409 1039 1474 1093 et
1513 1030 1775 1094 Sanctos
1817 1048 1968 1093 suos
1999 1028 2344 1109 respondet

843 1128 1300 1206 quaerentibus,
1331 1128 1595 1210 Propter
1637 1128 1810 1209 quod
1859 1127 1997 1208 ipse
2045 1144 2161 1207 per
2203 1123 2346 1186 Pro-

848 1224 1102 1305 phetam
1143 1225 1231 1287 ait
1265 1247 1280 1290 ε
1311 1226 1442 1303 Vae,
1480 1225 1604 1288 filii
1650 1226 2027 1302 desertoreS,
2059 1233 2130 1286 ut
2178 1222 2345 1285 face-

846 1324 1000 1385 retis
1028 1324 1472 1399 consilium,et
1501 1342 1630 1387 non
1661 1344 1736 1387 ex
1766 1343 1868 1387 me
1891 1341 1907 1403 ;
1934 1331 1997 1385 et
2025 1341 2097 1386 os
2129 1340 2341 1383 meum

847 1438 976 1483 non
1016 1420 1473 1503 interrogastis.
1509 1422 1668 1485 Hinc
1706 1422 1862 1484 alibi
1903 1427 2289 1503 protestatur
2322 1439 2337 1482 :

848 1519 912 1582 Si
959 1520 1352 1601 separaveris
1397 1521 1748 1603 pretiosum
1794 1539 1831 1582 a
1873 1520 2010 1595 vili,
2042 1518 2229 1600 quasi
2272 1536 2343 1581 os

847 1638 1058 1681 meum
1107 1619 1256 1681 eris,
1306 1619 1691 1683 Postulanda
1739 1628 1836 1681 est
1889 1636 2040 1698 ergo
2091 1634 2346 1698 semper

846 1715 1066 1779 divina
1111 1717 1402 1795 directio,
1451 1727 1513 1780 et
1561 1718 1876 1799 sapientia
1923 1718 2199 1797 desuper
2246 1722 2343 1776 est

2454 728 2725 792 intentio
2755 738 2852 791 est
2891 738 3083 805 recta,
3118 737 3181 790 et
3217 746 3329 791 cor
3366 727 3685 789 sincerum
3723 744 3935 788 coram

2450 827 2799 905 Altissimo,
2815 828 2903 890 ita
2930 828 3102 909 quod
3132 827 3191 889 ei
3224 826 3365 901 soli,
3383 835 3449 888 et
3478 825 3623 887 aliis
3654 842 3781 887 non
3810 823 3936 885 nisi

2453 927 2521 988 in
2562 927 2703 1008 ipso
2749 926 3017 1008 cupiunt
3068 925 3486 1007 complacere,
3520 930 3942 1006 proteguntur

2454 1045 2490 1086 a
2536 1025 2849 1099 Crantore,
2902 1043 2983 1087 ne
3034 1022 3492 1087 tentationibus
3534 1023 3935 1098 seducantur,

2451 1132 2559 1185 aut
2594 1123 3087 1186 adversitatibus
3130 1123 3595 1205 opprimantur.
3632 1120 3781 1183 Sine
3822 1119 3940 1181 hac

2452 1222 2861 1303 simplicitate
2898 1221 3115 1286 nullus
3158 1231 3255 1285 est
3283 1223 3536 1304 justus3
3577 1238 3693 1283 nec
3734 1220 3941 1300 Justus

2452 1329 2549 1383 est
2590 1321 2702 1401 qui
2742 1320 2863 1383 hac
2908 1320 3319 1403 simplicitate
3356 1329 3549 1383 caret.
3581 1318 3747 1395 Ideo,
3784 1325 3942 1379 teste

2450 1418 2692 1496 Glossa,
2732 1418 3116 1501 simplicitas
3161 1428 3223 1481 et
3266 1418 3577 1481 rectitudo
3622 1419 3945 1497 insepara-

2451 1516 2669 1579 biliter
2700 1526 2851 1579 sunt
2880 1536 3202 1580 connexae.
3220 1516 3484 1598 Propter
3516 1515 3687 1597 quod
3716 1512 3943 1576 asserit

2452 1616 2615 1677 Beda
2668 1633 2683 1676 ε
2735 1615 3122 1697 Simplicitas
3184 1616 3323 1679 sine
3381 1614 3785 1690 rectitudine,
3848 1620 3945 1675 est

2452 1714 2784 1792 dissoluta,
2838 1715 2979 1777 laxa
3028 1724 3091 1777 et
3138 1714 3384 1793 stulta3
3436 1712 3745 1777 rectitudo
3790 1729 3942 1774 vero

847 1816 1190 1895 quaerenda
1223 1836 1237 1879 :
1273 1834 1418 1897 quae
1463 1816 1668 1878 nihilo
1711 1816 1924 1877 minus
1965 1833 2041 1876 ex
2084 1832 2196 1877 ore
2234 1814 2343 1875 do-
2379 1813 2426 1874 B
2454 1814 2593 1876 sine
2632 1814 3066 1895 simplicitate,
3100 1814 3260 1876 dura
3298 1822 3394 1875 est
3437 1820 3499 1875 et
3526 1820 3799 1873 austera.
3836 1810 3944 1871 Est

847 1922 1120 1991 ctorum,
1153 1923 1217 1977 et
1248 1913 1782 1997 libriS‚quantum
1820 1913 1960 1976 fieri
1995 1921 2227 1995 potest,
2247 1921 2344 1974 est

847 2010 1244 2093 accipienda.
1293 2012 1437 2074 Ideo
1487 2013 1795 2093 scriptum
1859 2019 1956 2073 est
2006 2030 2020 2073 :
2077 2010 2139 2073 Si
2192 2008 2341 2090 quis

849 2116 1129 2171 vestrum
1165 2109 1411 2190 indiget
1439 2110 1772 2191 sapientia,
1806 2109 2086 2192 postulet
2116 2128 2153 2169 a
2186 2108 2337 2181 De0,

846 2206 960 2289 qui
992 2208 1099 2270 dat
1125 2208 1424 2271 omnibus
1461 2207 1831 2285 affluenter,
1852 2217 1916 2270 et
1946 2226 2074 2271 non
2104 2206 2345 2289 impro-

847 2314 1062 2387 perat3
1103 2316 1166 2370 et
1206 2306 1463 2369 dabitur
1503 2306 1585 2371 ei.

931 2408 1251 2467 Custodiet
1279 2404 1585 2469 Dominus
1605 2415 1923 2468 rectorum
1951 2409 2256 2471 salutem,
2276 2402 2341 2463 id

847 2510 966 2579 est,
1015 2504 1221 2584 justos
1263 2504 1330 2566 in
1379 2522 1600 2568 eorum
1655 2504 1860 2567 salute
1907 2501 2339 2567 conservabit.

843 2600 1124 2663 Habetur
1151 2601 1322 2665 enim
1369 2602 1436 2664 in
1477 2602 1595 2665 hac
1625 2604 1756 2665 vita
1797 2602 1970 2665 salus
2000 2620 2112 2664 seu
2145 2599 2344 2663 beati-

845 2698 998 2762 tudo
1047 2700 1114 2762 in
1161 2701 1436 2781 quadam
1493 2700 1919 2777 inchoatione,
1954 2698 2348 2783 praelibatio-

845 2816 948 2875 ne,
973 2798 1200 2862 merito
1229 2808 1292 2861 et
1320 2818 1447 2881 spe.
1469 2800 1644 2862 Unde
1678 2800 1744 2862 in
1775 2800 2062 2863 Matthaeo
2092 2816 2346 2882 ponun-

847 2905 950 2958 tur
977 2906 1122 2960 octo
1163 2897 1619 2974 beatitudincS‚
1655 2918 1797 2979 quae
1837 2908 1986 2960 sunt
2029 2898 2337 2960 virtutum

2451 1922 2661 1975 autem
2696 1922 2757 1975 et
2776 1913 2921 1975 -alia
2950 1912 3330 1994 simplicitas
3360 1910 3631 1987 asinina,
3656 1928 3799 1992 quae
3830 1928 3944 1991 per

2450 2011 2881 2074 exclusionem
2916 2010 3272 2093 prudentiae
3296 2010 3389 2073 sic
3414 2017 3701 2087 vocatur,
3726 2016 3791 2071 et
3818 2008 3942 2069 dis-

2452 2108 2649 2190 plicet
2686 2110 2833 2172 Deo.

2531 2212 2815 2271 Set-vans
2846 2211 3107 2269 semitas
3124 2209 3433 2285 justitioe,
3469 2206 3531 2269 id
3572 2206 3764 2270 estin
3800 2224 3939 2269 esse

2450 2326 2835 2372 conservans
2861 2326 3057 2389 opera
3076 2308 3269 2388 justa,
3288 2317 3347 2367 et
3380 2309 3521 2366 vias
3547 2318 3933 2377 sanctorum,

2452 2406 2514 2467 id
2572 2414 2669 2467 est
2723 2406 3004 2468 actiones
3055 2424 3130 2468 ac
3194 2404 3421 2467 merita
3480 2403 3933 2485 perfectorum,

2450 2507 2835 2573 custodiens,
2868 2524 2949 2568 ne
2986 2524 3025 2565 a
3068 2503 3239 2583 regia
3278 2503 3386 2567 via
3420 2504 3771 2565 discedant.
3794 2502 3941 2565 Pos-

2452 2611 2602 2665 sunt
2646 2622 2904 2684 quoque
2953 2621 3067 2684 per
3124 2602 3416 2665 semitam
3463 2600 3730 2665 consilia
3776 2601 3941 2663 desi-

2450 2703 2656 2781 gnari,
2706 2722 2821 2785 per
2864 2702 3057 2777 viam,
3107 2703 3405 2765 mandata
3460 2719 3475 2763 :
3527 2721 3672 2783 quae
3724 2700 3940 2764 omnia

2450 2800 2757 2863 Dominus
2798 2810 2949 2864 tunc
2992 2800 3285 2874 custodit,
3319 2800 3471 2862 dum
3515 2799 3761 2863 homini
3799 2818 3941 2879 gra-

2453 2899 2606 2960 tiam
2664 2897 3152 2981 perseverantiae
3212 2917 3286 2960 ac
3343 2896 3937 2979 circumspectionis

845 2994 1292 3059 excellentium
1333 2994 1616 3059 actiones
1654 3005 1720 3059 et
1755 2997 2003 3074 merita,
2041 3015 2156 3077 per
2198 3012 2341 3076 quae
2373 2996 2417 3059 C
2452 2996 2696 3072 tribuit,
2724 3016 2837 3079 per
2873 3016 3067 3078 quam
3109 2997 3234 3059 Deo
3269 2997 3618 3059 auxiliante
3660 2995 3938 3058 custodit

846 3093 1217 3174 pervenitur
1246 3094 1324 3155 ad
1355 3094 1624 3157 salutem
1655 3095 1832 3175 regni
1863 3094 2141 3158 coelestis
2172 3112 2342 3156 com·

848 3190 1106 3272 pletam.
1139 3192 1294 3254 Nam
1344 3191 1580 3255 dicitur
1629 3192 1720 3255 ibi
1755 3211 1768 3254 :
1803 3193 1974 3255 Beati
2025 3209 2337 3275 pauperes

845 3289 1097 3371 spiritu,
1131 3298 1252 3353 etc.
1288 3290 1448 3352 Dum
1492 3308 1643 3370 ergo
1679 3290 2092 3373 Omnipotens
2131 3292 2337 3372 justos

845 3396 1178 3452 conservat
1207 3389 1275 3449 in
1305 3388 1552 3451 actibus
1581 3390 1904 3465 virtuosiS,
1939 3391 2215 3453 custodit
2244 3407 2339 3452 re-

845 3494 1091 3549 ctorum
1137 3485 1432 3549 salutem.
1477 3488 1714 3569 Nempe
1761 3508 1800 3550 a
1843 3488 1970 3550 Deo
2019 3496 2116 3551 est
2169 3488 2338 3550 inee-

849 3584 1005 3666 ptio,
1022 3584 1417 3648 continuatio
1448 3594 1511 3649 et
1533 3588 2020 3665 consummatio,
2043 3606 2337 3668 prosecu-

2448 3114 2515 3157 se
2556 3095 2766 3177 ipsum
2810 3095 2875 3157 in
2912 3094 3163 3158 actibus
3206 3094 3414 3158 bonis.

2535 3197 2711 3255 Tunc
2755 3196 3069 3270 intelliges
3100 3195 3469 3270 justitiam,
3497 3192 3562 3255 id
3611 3201 3727 3270 est,
3778 3191 3934 3273 quid

2446 3292 2531 3353 sit
2573 3292 2777 3354 virtus
2819 3292 3087 3374 justitia>
3128 3293 3313 3367 scieS,
3350 3310 3477 3355 non
3526 3292 3695 3353 nuda
3734 3300 3799 3354 et
3846 3290 3935 3353 in-

2446 3390 2636 3453 formi
2671 3390 2918 3467 notitia,
2954 3391 3064 3453 sed
3094 3390 3457 3472 cognitione
3490 3388 3765 3453 formata
3798 3408 3812 3453 :
3848 3390 3935 3451 ita

2445 3490 2615 3570 quod
2652 3488 2863 3570 justus
2901 3488 3050 3566 eriS,
3086 3498 3150 3551 et
3186 3507 3301 3571 per
3339 3487 3933 3552 connaturalitatem

2442 3596 2829 3668 gustumque
2875 3587 3130 3661 mentia,
3172 3586 3337 3649 bene
3379 3587 3457 3649 de
3504 3586 3643 3669 ipsa
3684 3586 3932 3669 ,iustitia

847 3682 938 3745 tio
965 3691 1030 3745 et
1058 3684 1400 3746 custoditio
1427 3684 1637 3747 omnis
1665 3684 1840 3748 boni.
1875 3685 2090 3767 Aliqui
2121 3694 2334 3748 tamen
2438 3685 2778 3767 judicabiS‚
2820 3686 3149 3767 pensando
3194 3694 3259 3748 et
3305 3685 3715 3767 adimplendo
3762 3685 3931 3767 quod

847 3780 1006 3842 recti
1047 3778 1366 3842 interdum
1407 3800 1484 3843 ex
1521 3783 1778 3864 propria
1817 3784 2205 3864 negligentia
2244 3782 2338 3844 di-

850 3876 1154 3940 labuntur
1195 3878 1262 3940 in
1311 3878 1588 3961 culpam,
1625 3879 1920 3963 fiuntque
1967 3883 2187 3945 miseri
2237 3901 2339 3944 ca-

850 3974 1130 4039 lamitate
1178 3977 1420 4057 peccati
1475 3995 1489 4039 :
1537 3978 1615 4040 de
1664 3998 1792 4059 qua
1838 3979 1906 4041 in
1956 3980 2337 4063 Apocalypsi

849 4072 1103 4149 dicitur,
1137 4073 1350 4137 Nescis
1380 4075 1535 4157 quia
1565 4084 1628 4138 tu
1660 4096 1727 4139 es
1759 4078 1952 4140 miser
1983 4090 2046 4141 et
2077 4079 2339 4141 misera-

2446 3792 2689 3865 spectat
2734 3784 2811 3846 ad
2856 3802 2995 3846 eam
3046 3801 3059 3845 :
3110 3783 3645 3864 quemadmodum
3690 3782 3932 3845 habens

2446 3901 2575 3946 non
2616 3883 2821 3945 solum
2863 3882 3151 3944 notitiam
3182 3882 3428 3956 ethicae,
3462 3882 3572 3944 sed
3615 3881 3805 3944 etiam
3846 3881 3937 3963 ip-

2447 4002 2547 4043 sas
2578 3982 2845 4045 virtutes
2876 3980 3169 4057 moraleS‚
3202 3980 3405 4043 multo
3436 3980 3665 4043 melius
3693 3980 3936 4062 judicat

2446 4079 2525 4141 de
2555 4078 2899 4141 virtutibus
2930 4078 3082 4154 illis,
3103 4097 3294 4159 quam
3326 4077 3439 4159 qui
3470 4078 3669 4140 solam
3699 4078 3931 4141 nudam

851 4170 1018 4247 bilis,
1043 4190 1305 4255 pauper,
1337 4192 1542 4236 caecus
1569 4182 1632 4237 et
1663 4177 1908 4238 nudus?
1943 4180 2026 4239 Ec
2052 4188 2336 4255 proceyec
2367 4182 2418 4246 D
2447 4177 3019 4257 scholasticamque
3059 4176 3349 4239 notitiam
3392 4176 3585 4239 habet
3631 4176 3709 4239 de
3751 4176 3929 4257 ipsiS.

841 4272 1216 4347 ‘qr-adientes
1259 4274 1665 4349 simpliciter,
1699 4273 1765 4335 id
1814 4283 1909 4337 est
1955 4293 2063 4338 eos
2106 4275 2221 4357 qui
2268 4276 2333 4337 in

847 4367 1216 4431 columbina
1245 4370 1653 4452 simplicitate
1691 4373 1980 4437 serviunt
2010 4375 2091 4451 ei,
2126 4374 2339 4437 exclu-

847 4486 918 4528 sa
945 4467 1119 4529 omni
1155 4468 1548 4550 duplicitate,
1575 4470 2004 4549 simulatione,
2041 4472 2338 4555 hypocri-

847 4566 1120 4629 si.Tales
1147 4568 1383 4631 etenim
1417 4571 1736 4653 praecipue
1766 4572 2020 4653 placent
2049 4574 2198 4650 Deo,
2223 4574 2335 4655 qui

845 4672 944 4727 est
982 4666 1496 4748 simplicissimus
1549 4668 1614 4730 in
1664 4679 1912 4749 natura,
1965 4670 2334 4748 uniformia,

845 4762 1262 4842 invariabilis,
1287 4773 1353 4828 et
1379 4766 1606 4829 unicus
1644 4767 1710 4829 in
1743 4768 2135 4850 operatione,
2162 4778 2231 4831 ut
2268 4769 2335 4831 in

845 4860 981 4924 fine
1010 4863 1290 4943 tangitur
1319 4863 1575 4945 septimi
1604 4865 1996 4930 Ethicorum.
2023 4867 2184 4929 Hinc
2218 4865 2337 4930 Job

843 4960 942 5025 vir
988 4962 1259 5044 simplex
1307 4971 1371 5027 et
1409 4972 1616 5026 rectus
1662 4964 1902 5047 placuit
1951 4966 2135 5028 valde
2184 4966 2332 5029 Deo.

841 5058 985 5123 Ideo
1027 5059 1313 5123 Christus
1365 5079 1379 5123 ε
1431 5062 1665 5138 Estote,
1718 5064 1950 5145 inquit,
2005 5063 2335 5145 simplices

840 5157 1004 5221 sicut
1047 5160 1380 5225 columbae.
1417 5160 1490 5223 Et
1537 5160 1744 5243 primo
1803 5161 2329 5244 Paralipomenon

843 5256 1074 5320 fatetur
1119 5258 1314 5321 David
1358 5278 1372 5323 :
1417 5258 1584 5337 Scio,
1621 5259 1909 5338 Domine,
1952 5260 2126 5341 quod
2176 5260 2329 5322 sim-

2447 4276 2653 4339 Simili
2691 4277 2881 4339 modo
2920 4273 3236 4354 intelliges
3264 4276 3677 4352 ecjudicium
3707 4274 3935 4337 discre-

2446 4374 2641 4437 tionis
2675 4391 2689 4435 :
2726 4374 2896 4455 quod
2926 4381 3022 4436 est
3058 4382 3236 4435 actus
3271 4372 3646 4455 prudentias,
3680 4391 3808 4454 quo
3838 4372 3935 4435 in-

2445 4482 2541 4535 ter
2571 4472 2809 4536 bonum
2842 4480 2906 4535 et
2940 4472 3181 4534 malum
3223 4470 3648 4551 discernitur;
3680 4479 3744 4535 et
3781 4470 3931 4533 item

2442 4570 2779 4652 judicium,
2805 4570 2868 4633 id
2898 4579 2994 4633 est
3023 4569 3443 4652 prolationem
3470 4570 3657 4651 justae
3686 4576 3937 4631 senten-

2445 4669 2548 4732 tiae
2583 4686 2596 4731 :
2630 4669 2803 4751 quod
2845 4676 2942 4731 est
2984 4677 3161 4730 actus
3207 4668 3471 4749 justitiae
3514 4676 3807 4750 spectans
3854 4667 3934 4729 ad

2442 4766 2747 4848 judicem,
2781 4766 2965 4848 cujus
3008 4773 3106 4829 est
3144 4767 3379 4847 justam
3422 4766 3489 4827 in
3531 4764 3707 4828 omni
3748 4782 3939 4827 causa

2445 4864 2733 4947 proferre
2771 4864 3407 4944 determinationem3
3448 4876 3507 4926 et
3542 4866 3937 4943 (equitatem,

2445 4964 2509 5026 id
2541 4972 2637 5027 est
2664 4962 2973 5044 justitiam
3008 4970 3546 5045 contemperatam
3576 4962 3928 5026 clementiae

2444 5080 2523 5125 ex
2551 5081 2698 5126 vera
2724 5062 3125 5137 discretione,
3144 5073 3205 5123 et
3233 5083 3485 5124 omnem
3510 5066 3803 5124 semitam
3838 5063 3937 5121 bo—

2446 5182 2624 5232 nam,
2667 5160 2730 5222 id
2769 5168 2867 5223 est
2904 5160 3251 5224 virtuosam
3291 5161 3629 5237 actionem,
3672 5180 3814 5243 quae
3850 5160 3929 5222 ad

2450 5259 2751 5321 ultimum
2786 5258 2990 5321 finem
3026 5269 3195 5323 recte
3231 5260 3511 5323 deducit.
