4284 6267
648 2052 721 2107 2⁴

656 3733 729 3788 25

853 483 971 547 176

1464 501 1814 551 mutuno
1858 501 1921 548 [N
1962 500 2101 547 cAP.
2149 498 2303 547 XXIX
2345 498 2828 547 Pnovnnmouun.
2874 519 2956 529 —
2995 498 3136 545 Am.
3181 497 3332 546 xxtx

850 676 1091 734 minem
1122 691 1251 737 non
1290 674 1545 757 penitus
1586 674 2001 751 malitiosum,
2048 671 2342 755 quamvis
2371 668 2424 731 A
2453 671 2526 729 in
2555 672 2858 741 Domine,
2887 672 3230 731 sanabitur
3255 689 3292 731 a
3323 668 3620 751 peccat-iS,
3654 676 3718 731 et
3751 667 3946 730 inter-

849 771 1055 834 adhuc
1084 772 1168 835 sit
1198 772 1665 854 passionabilis,
1689 775 1971 850 ¹qratiam
2000 784 2218 850 postea
2247 773 2344 833 in-

850 872 1058 931 veniet
1107 875 1287 948 apud
1330 892 1477 932 eum
1528 894 1550 932 .·
1598 871 1752 954 quia
1798 872 1915 935 etsi
1962 872 2041 934 ad
2092 880 2342 952 tempus

848 985 1013 1047 aegre
1043 969 1313 1052 accipiat
1341 970 1830 1052 correptionem,
1848 971 2097 1033 rediens
2130 978 2342 1031 tamen

847 1067 926 1128 ad
975 1077 1277 1145 mentem,
1310 1069 1597 1132 advertet
1637 1070 1807 1151 quod
1852 1089 1928 1131 ex
1968 1068 2232 1132 caritate
2280 1076 2344 1130 et

848 1164 982 1227 zelo
1036 1166 1321 1248 justitiae,
1357 1186 1471 1249 pro
1532 1186 1645 1229 sua
1704 1168 1907 1230 salute
1962 1167 2344 1249 corripuerit

848 1280 1038 1342 eum3
1084 1267 1296 1342 mayis
1341 1285 1539 1345 quam
1577 1268 1689 1326 ille
1728 1268 1845 1345 qui
1884 1285 2004 1344 per
2047 1266 2337 1343 [linyuoe]

848 1362 1295 1423 blandimenta
1342 1364 1582 1442 decipit
1620 1385 1642 1424 .·
1691 1362 1804 1445 qui
1855 1363 2005 1426 licet
2050 1364 2127 1425 ad
2185 1372 2344 1425 tem-

850 1478 969 1541 pus
1016 1461 1428 1542 complaceat,
1464 1470 1681 1544 postea
1724 1470 1935 1525 tamen
1973 1462 2158 1524 dolus
2201 1462 2342 1543 ejus

847 1556 1222 1640 percipitur.
1258 1559 1399 1623 Ideo
1431 1560 1711 1641 loquitur
1741 1560 2129 1642 Augustinus
2165 1580 2178 1624 :
2227 1558 2339 1633 Qui

849 1656 1289 1737 phreneticum
1324 1658 1496 1739 ligat,
1530 1667 1595 1722 et
1626 1658 2043 1741 lethargicum
2082 1659 2337 1736 excitat,

848 1753 1160 1817 ambobus
1184 1756 1489 1819 molestus
1514 1764 1643 1820 est:
1668 1758 1973 1839 quamdiu
2000 1766 2150 1819 sunt
2170 1758 2336 1838 aegri,

2453 769 2604 830 dum
2637 769 2827 831 etiam
2856 788 2892 831 a
2924 767 3361 850 corporalibus
3393 766 3656 830 morbis.

2535 870 2664 937 Qui
2700 870 2970 947 confidit
3001 869 3074 928 in
3103 870 3290 927 corde
3316 887 3456 937 suo,
3481 866 3544 927 id
3574 873 3669 929 est
3699 865 3766 927 in
3799 883 3943 946 pro-
4078 877 4158 931 26

2454 965 2612 1047 priis
2641 965 2884 1030 viribus
2911 974 3021 1029 aut
3051 965 3358 1043 scientiis,
3390 969 3622 1026 stultus
3649 972 3776 1024 est:
3791 962 3944 1044 quia

2455 1064 2704 1146 ignorat
2733 1083 2800 1127 se
2840 1064 3073 1146 ipsum,
3106 1062 3640 1145 quemadmodum
3675 1062 3744 1123 in
3779 1062 3944 1143 Apo-

2453 1162 2693 1246 calypsi
2725 1163 2960 1226 dicitur
2993 1162 3103 1225 tali
3128 1180 3142 1223 :
3167 1161 3322 1236 Quia
3351 1161 3533 1237 dicis,
3558 1160 3731 1235 Quod
3760 1160 3940 1223 dives
4009 1182 4165 1236 Apoe.
4193 1194 4254 1230 m,

2453 1280 2628 1341 sum3
2659 1270 2724 1324 et
2753 1262 2962 1325 nescis
2990 1262 3141 1344 quia
3175 1270 3244 1323 tu
3272 1280 3341 1324 es
3374 1261 3567 1324 miser
3596 1267 3658 1321 et
3687 1259 3942 1321 misera·
3970 1248 4040 1287 ¹⁷·

2453 1360 2625 1438 hilis,
2659 1380 2921 1444 pauper,
2954 1380 3157 1425 caecus
3193 1369 3258 1425 et
3294 1362 3527 1423 nudus,
3565 1361 3690 1429 Qui
3723 1368 3934 1421 autem

2443 1464 2760 1538 qraditur
2785 1463 3135 1540 sapienter,
3175 1459 3435 1523 vitando
3482 1460 3725 1523 viarum
3774 1456 3939 1540 peri-

2452 1560 2617 1636 cula,
2669 1568 2734 1623 et
2779 1559 3229 1640 exemplariter
3283 1578 3352 1622 se
3397 1558 3711 1634 habendo,
3760 1556 3937 1639 juxta

2453 1658 2612 1721 illud
2660 1658 2967 1741 Apostoli,
3022 1659 3088 1721 In
3137 1658 3452 1740 sapientia
3498 1657 3814 1720 ambulate
3861 1655 3940 1718 ad
3990 1674 4246 1721 eoronam

2453 1776 2561 1821 eos
2593 1758 2703 1839 qui
2738 1756 2894 1821 soris
2921 1766 3101 1837 sunt3
3136 1760 3268 1835 ipse
3299 1759 3695 1818 laudabitur.
3717 1791 3798 1801 —
3817 1757 3945 1825 Qui
3970 1740 4010 1779 ⁵·
4075 1792 4152 1846 27

852 1853 1297 1934 indignantur3
1332 1856 1439 1919 sed
1470 1856 1660 1919 ambo
1688 1856 1914 1933 sanati,
1939 1855 2340 1938 gratulantur
2381 1856 2426 1916 B
2453 1860 2567 1917 dat
2588 1859 2873 1934 pauperi
2902 1855 3253 1919 liberaliter
3279 1864 3538 1938 propter
3563 1856 3782 1929 Deum,
3813 1874 3940 1915 non

853 1960 915 2013 et
956 1952 1397 2032 regratiantur.

936 2054 1066 2121 Qui
1090 2054 1413 2113 subtrahit
1450 2055 1711 2133 aliquid
1741 2072 2038 2134 magnum
2077 2062 2139 2117 et
2169 2062 2345 2117 nota-

850 2148 1003 2226 bile,
1044 2172 1084 2210 a
1118 2161 1304 2227 patre
1343 2172 1457 2212 suo
1493 2163 1553 2214 et
1593 2164 1631 2213 α·
1672 2165 1898 2225 matre,
1944 2152 2238 2230 furando,
2285 2163 2345 2214 et

846 2250 1029 2318 dicit,
1073 2252 1209 2309 Hoc
1256 2270 1385 2311 non
1433 2260 1521 2311 est
1558 2262 1889 2327 peccatum
1921 2274 1943 2312 .·
1974 2252 2127 2334 quia
2176 2251 2344 2314 bona

848 2354 1183 2427 parentum
1214 2356 1394 2429 putat
1424 2348 1742 2429 pertinere
1779 2350 1858 2411 ad
1889 2369 1989 2431 se;
2016 2353 2342 2428 particeps

845 2449 1183 2508 homicidae
1208 2458 1323 2518 est,
1344 2448 1407 2510 id
1437 2458 1533 2511 est
1562 2449 1896 2514 homicidae
1923 2452 2342 2532 quodammo-

847 2546 928 2609 do
959 2546 1189 2609 similis
1233 2548 1298 2609 in
1332 2558 1587 2631 peccato
1624 2567 1637 2611 ε
1673 2549 1825 2632 quia
1864 2560 1924 2613 et
1964 2552 2340 2633 parentibus

847 2644 980 2707 suis
1026 2645 1399 2709 inobediens
1447 2656 1562 2725 est,
1620 2657 1684 2711 et
1733 2668 1859 2712 non
1910 2668 2022 2712 sua
2071 2650 2338 2727 invadit,

846 2762 1043 2825 quum
1086 2744 1291 2807 adhuc
1331 2745 1413 2807 sit
1452 2745 1570 2807 sub
1598 2755 1929 2829 potestate,
1962 2767 2114 2811 cura
2151 2757 2342 2830 atque

846 2840 1155 2921 regimine
1194 2860 1453 2906 suorum
1495 2852 1850 2925 parentum,
1886 2846 1963 2907 ad
2004 2864 2164 2927 quos
2206 2865 2342 2928 spe-

845 2948 973 3003 ctat
1015 2939 1406 3023 dispensatio
1450 2961 1677 3005 rerum.
1712 2943 1947 3007 Verum
1994 2945 2058 3005 in
2105 2945 2224 3007 hac
2275 2964 2340 3007 re

2455 1957 2773 2032 indiqebit
2803 1973 2827 2016 .·
2854 1955 3006 2037 quia
3032 1963 3098 2017 et
3129 1955 3194 2016 in
3225 1954 3521 2035 praesenti
3551 1952 3856 2016 Dominus
3883 1952 3940 2014 ei

2455 2053 2836 2136 providebit,
2869 2062 2936 2117 et
2963 2052 3149 2116 bonis
3187 2052 3404 2134 gratiae
3440 2072 3514 2116 ac
3543 2051 3762 2135 gloriae
3793 2070 3940 2114 eum

2452 2152 2703 2216 ditabit.
2740 2156 2867 2223 Qui
2892 2155 3165 2232 despicit
3193 2156 3660 2230 deprecantem,
3679 2153 3946 2213 sustine·

2451 2254 2543 2313 bit
2563 2254 2918 2330 penuriam
2945 2252 3310 2314 divinorum
3341 2248 3944 2325 charismatum‚sic-

2451 2360 2522 2414 ut
2563 2350 2888 2434 apostolus
2934 2351 3204 2414 Jacobus
3250 2350 3534 2433 loquitur
3567 2368 3580 2412 :
3621 2349 3938 2411 Judicium
3965 2371 4238 2421 lammis.

2452 2452 2590 2513 sine
2638 2450 3071 2514 misericordia
3117 2448 3231 2512 fiet
3275 2448 3356 2526 ei,
3392 2450 3504 2530 qui
3543 2467 3671 2512 non
3714 2446 3940 2511 fecerit

2451 2549 2976 2613 misericordiam.
3027 2548 3185 2611 Hinc
3240 2547 3330 2610 ait
3375 2548 3700 2629 Scriptura
3755 2564 3770 2607 t
3820 2545 3932 2619 Qui
3991 2570 4236 2621 pm,„.‚

2450 2647 2706 2711 obturat
2751 2667 2936 2711 aures
2985 2666 3132 2710 suas
3180 2648 3257 2709 ad
3317 2647 3655 2710 clamorem
3707 2664 3940 2728 paupe-
3970 2636 4037 2676 ¹³·

2451 2766 2614 2824 rum,
2647 2756 2710 2809 et
2749 2746 2884 2829 ipse
2922 2744 3243 2821 clamabit,
3277 2754 3340 2808 et
3381 2764 3508 2809 non
3547 2744 3935 2809 exaudietur.

2449 2846 2592 2909 ldeo
2622 2845 2858 2909 Seneca
2887 2844 3043 2908 dicit
3077 2863 3090 2907 :
3126 2844 3293 2907 Nihil
3325 2863 3539 2925 negeS,
3572 2844 3740 2925 quod
3781 2842 3941 2925 peti-

2453 2952 2630 3007 turus
2669 2963 2769 3025 es3
2802 2953 2864 3007 et
2903 2964 3145 3021 rursuS‚
3189 2944 3386 3008 Homo
3422 2944 3531 3026 qui
3576 2944 3640 3005 in
3681 2941 3940 3005 homine

847 3038 1032 3100 multi
1074 3037 1196 3101 filii
1238 3048 1299 3103 et
1340 3038 1495 3103 siliae
1534 3041 1811 3122 graviter
1851 3050 2066 3105 errant
2096 3052 2160 3106 et
2190 3063 2338 3126 pec·
2375 3042 2419 3107 C
2451 3062 2807 3106 aerumnoso
2865 3042 3224 3106 misericors
3281 3051 3397 3119 est,
3459 3040 3753 3105 meminit
3811 3040 3934 3103 sui.

846 3145 1042 3199 cant:
1083 3157 1354 3219 quorum
1406 3158 1708 3217 errorem,
1761 3139 2235 3220 infidelitatem,
2279 3153 2342 3206 et

848 3234 1091 3298 furtum
1139 3236 1277 3299 dire
1325 3238 1645 3319 redarguit
1689 3239 2100 3319 Augustinus,
2133 3239 2342 3303 Potest

850 3352 1104 3416 quoque
1153 3334 1383 3417 exponi
1430 3335 1551 3399 hoc
1599 3338 1786 3401 modo
1820 3335 1981 3410 :Qui
2023 3338 2342 3401 subtrahit

849 3433 1115 3515 aliquid,
1164 3434 1226 3497 id
1279 3442 1396 3513 est,
1445 3436 1817 3517 parentibus
1867 3436 1998 3499 suis
2051 3438 2342 3519 indigen-

852 3533 1021 3595 tibus
1068 3533 1336 3614 denegat
1378 3534 1707 3613 honorem‚
1752 3534 2157 3616 obsequium,
2199 3537 2343 3599 sub-

851 3631 1215 3696 ventionem
1265 3633 1332 3695 in
1382 3632 1577 3710 victu,
1632 3635 1949 3717 particeps
2002 3636 2342 3699 homicidae

850 3740 1166 3793 censetur.
1180 3768 1258 3778 —
1275 3735 1402 3802 Qui
1419 3754 1482 3792 se
1496 3733 1711 3811 jactat
1729 3744 1790 3795 et
1816 3737 2082 3805 dilatat,
2097 3736 2343 3817 magni-

852 3828 1109 3892 ficando
1142 3850 1211 3893 se
1253 3831 1462 3913 ipsum
1506 3832 1801 3909 inaniter,
1846 3852 1995 3897 suos
2036 3834 2341 3898 terminos

850 3929 1269 4005 extendend0‚
1289 3930 1529 4007 ,Ξανθία
1557 3934 1833 3992 concitat
1862 3952 1884 3992 .·
1913 3932 2217 4013 quoniam
2248 3934 2342 4015 ja-

848 4026 1101 4089 ctantiae
1142 4046 1213 4089 ac
1262 4027 1577 4109 superbiae
1622 4036 1685 4091 et
1724 4030 2009 4094 avaritiae
2051 4032 2192 4112 ejus
2229 4031 2340 4094 alii

847 4124 1261 4205 indignantur
1289 4144 1361 4187 ac
1391 4125 1789 4207 renituntur3
1822 4131 1939 4208 qui
1960 4149 2104 4189 vero
2126 4139 2341 4207 sperat

2452 3143 2580 3205 lmo
2611 3150 2673 3205 et
2706 3140 3008 3205 Dominus
3039 3142 3104 3203 in
3135 3140 3477 3221 Evangelio
3511 3139 3719 3203 satur:
3753 3137 3939 3203 Omni
3967 3160 4230 3210 Lamnae.

2452 3241 2694 3324 petenti
2751 3249 2812 3303 te
2872 3240 3100 3304 tribue.
3146 3276 3226 3285 —
3281 3244 3492 3311 Quum
3539 3243 3944 3301 surreoeerint
4065 3252 4135 3305 28

2453 3343 2672 3419 impii,
2719 3339 2783 3402 id
2827 3348 2943 3417 est,
2997 3337 3444 3421 praevaluerint
3493 3339 3558 3400 in
3607 3338 3938 3420 regnando

2454 3439 2801 3522 tyrannice,
2836 3438 3404 3521 persequendoque
3431 3438 3659 3519 justoS‚
3689 3440 3940 3498 abscon-

2451 3543 2690 3600 dentur
2730 3541 3042 3608 homines,
3089 3538 3152 3599 id
3201 3543 3318 3613 est,
3370 3535 3782 3599 rationabiles
3831 3536 3941 3599 ho-

2453 3638 2659 3700 mines
2697 3656 2764 3699 se
2803 3636 3214 3711 abscondent,
3258 3634 3422 3696 sicut
3464 3634 3553 3696 ait
3597 3634 3881 3697 Salvator
3913 3650 3930 3696 ε

2451 3736 2651 3810 Quum
2686 3735 3002 3817 persecuti
3035 3752 3148 3798 vos
3179 3733 3420 3798 suerint
3456 3732 3522 3796 in
3558 3752 3684 3795 una
3723 3733 3938 3796 civita-
3999 3750 4224 3800 unum.

2452 3844 2536 3912 te,
2587 3834 2786 3913 fugite
2830 3834 2895 3895 in
2933 3833 3146 3896 aliam.
3191 3836 3402 3903 Quum
3447 3834 3556 3892 illi
3587 3834 3930 3912 perierint,
3962 3815 4032 3862 ²³·

2453 3935 3068 4011 multiplicabuntur
3071 3934 3249 4010 justi
3277 3948 3545 3993 numero
3574 3940 3636 3992 et
3665 3929 3930 3994 merito:

2452 4032 2604 4114 quia
2638 4030 2757 4094 sub
2789 4029 3088 4095 virtuosis
3119 4027 3606 4111 praesidentibus
3638 4028 3935 4092 homines

2455 4129 2904 4207 reformantur,
2937 4136 3416 4204 convertuntur,
3451 4125 3830 4209 proficiunt.

1886 4515 2538 4602 ARTICULUS
2618 4517 2910 4600 XXIX

880 4777 1195 4827 Exposrrto
1234 4776 1507 4825 cAPrmu
1546 4778 1811 4826 vtcnsmt
1848 4779 1995 4826 Nom
2033 4782 2046 4826 :
2088 4781 2232 4828 vnto
2275 4780 2375 4835 Qul
2412 4780 2853 4827 comunt-:mnu
2895 4780 3061 4827 DURA
3097 4746 3346 4828 cadweli
3385 4780 3746 4845 commu,
3781 4782 3912 4830 mc·

994 5038 1031 5097 I
1038 5038 1182 5108 Ro,
1223 5035 1352 5099 imo
1395 5035 1660 5099 cuilibet
1707 5035 1978 5113 homini,
2028 5046 2156 5099 tam
2207 5034 2344 5101 viro
2376 5034 2822 5107 Deontemnit,
2873 5043 3175 5118 tanquam
3227 5034 3561 5117 indignum
3621 5036 3698 5098 ad
3749 5036 3942 5100 corri-

1007 5152 1198 5215 quam
1235 5133 1511 5211 mulieri,
1554 5141 1681 5197 tam
1724 5134 2111 5198 adolescenti
2152 5156 2342 5217 quam

852 5230 1112 5309 seniori,
1158 5235 1276 5312 qui
1316 5235 1769 5313 corripientem
1812 5233 2163 5308 caritative,
2216 5234 2345 5297 dis-

848 5336 1039 5409 crete,
1092 5329 1261 5411 juste
1313 5349 1386 5393 ac
1440 5330 1567 5412 pie,
1619 5333 1792 5392 dura
1838 5334 2079 5392 cervice
2132 5330 2342 5396 cordis

2454 5134 2758 5215 piendum
2792 5154 2880 5211 se,
2912 5136 3281 5212 repentinus
3307 5136 3713 5212 superveniet
3745 5137 3940 5196 inter—

2451 5234 2608 5303 itu-³,
2640 5232 2703 5295 id
2733 5240 2828 5295 est
2863 5233 3186 5295 damnatio
3225 5233 3572 5314 improvisa
3611 5252 3626 5297 ε
3662 5232 3794 5296 imo
3836 5252 3938 5297 eo-
4034 5247 4049 5262 ·

2452 5330 2597 5393 dem
2637 5329 2924 5409 instanti,
2969 5348 3100 5413 quo
3147 5338 3275 5394 tam
3319 5331 3614 5412 superbe,
3661 5330 3932 5411 ingrate,
