4284 6267
276 1988 301 2016 ι
377 1960 442 2023 in
487 1959 871 2041 Apocalypsi
925 1980 938 2023 :

112 2571 212 2615 Luc.
227 2585 268 2623 x,
285 2574 349 2614 ¹9.

131 3265 251 3309 Rom.
269 3280 351 3317 xvi,

133 3653 146 3695 l
164 3654 264 3697 Cor.
283 3668 354 3705 ιιι,

107 3718 168 3766 14,
185 3719 250 3759 27.

994 507 1345 555 ENARRATIO
1389 508 1450 553 m
1493 508 1630 554 GAP.
1679 508 1698 552 1
1741 506 1979 553 CANTICI
2023 506 2425 553 CANTICORUM.
2472 526 2551 535 --
2593 508 2733 553 ΛΒΤ.
2780 507 2847 553 111

3347 488 3462 552 307

369 676 728 758 equitatum
760 676 1305 757 PharaoniS,be-ne
1333 679 1735 762 accipiuntur
1763 679 1872 740 ad·
1899 677 1950 739 A
1981 677 2277 741 Ecclesiae
2314 678 2735 755 declarantur,
2772 677 3220 759 qui‘castitatis
3260 685 3321 739 et
3354 698 3467 759 pu-

368 774 670 838 versariae
701 784 1064 858 potestateS‚
1099 787 1162 841 et
1191 778 1400 858 angeli
1433 777 1865 852 tenebrarum,

371 891 444 935 ac
476 872 650 936 acies
689 876 1018 937 vitiorum.
1051 876 1260 939 Potest
1300 877 1516 957 itaque
1546 884 1608 938 et
1637 875 1727 937 sic
1763 893 1870 936 ex-

371 970 528 1051 poni
565 990 580 1035 :
625 970 675 1035 Ο
711 975 948 1041 amica,
981 971 1044 1033 id
1084 982 1201 1049 cst,
1236 974 1615 1035 universalis
1655 971 1869 1035 Eccle-

372 1068 490 1146 sia,
545 1070 918 1130 assimilavi
970 1081 1028 1131 te
1072 1073 1396 1151 equitatui
1450 1092 1602 1143 mec,
1655 1070 1718 1132 id
1776 1076 1872 1132 est

371 1168 621 1249 angelis
653 1167 913 1245 sanctiS,
941 1171 1015 1230 in
1045 1172 1345 1230 curribus
1374 1171 1780 1238 PlzaraoniS,
1806 1168 1866 1228 id

371 1274 470 1329 cst
519 1285 634 1348 per
682 1266 823 1343 hoc,
860 1267 1029 1348 quod
1080 1267 1347 1351 praestiti
1400 1266 1517 1331 tibi
1566 1267 1868 1330 virtutem

373 1365 715 1428 resistendi
741 1385 814 1428 ac
838 1366 1228 1449 praevalendi
1259 1366 1556 1447 malignis
1590 1366 1720 1427 illis
1750 1365 1872 1448 spi-

373 1464 630 1543 ritibuS‚
665 1466 902 1548 quibus
937 1473 1000 1528 et
1027 1465 1238 1546 angeli
1271 1466 1476 1529 sancti
1504 1466 1871 1528 restiterunt

373 1583 447 1627 ac
499 1564 974 1646 praevaluerunt
1023 1564 1091 1626 in
1147 1566 1405 1627 exordio
1463 1564 1863 1639 saeculorum,

373 1682 503 1725 non
533 1663 999 1745 acquiescendo
1030 1662 1292 1725 elationi
1325 1663 1604 1740 illorum,
1626 1662 1735 1725 sed
1767 1680 1871 1744 po-

373 1762 504 1824 tius
533 1761 914 1843 expellendo
948 1762 1124 1844 ipsos
1153 1762 1232 1825 de
1270 1761 1542 1824 statione
1572 1760 1815 1823 coelesti
1850 1780 1864 1824 :

1979 778 2213 841 dicitiae
2250 777 2547 841 excolunt
2584 777 3004 839 honestatem.
3038 777 3153 839 Pro
3197 776 3277 837 iis
3316 794 3465 856 ergo

1978 877 2057 937 ad
2105 885 2304 939 totum
2348 895 2579 958 corpus
2618 875 2915 939 Ecclesiae
2954 875 3187 937 dicitur
3221 895 3235 939 :
3271 874 3468 948 Quam

1981 976 2265 1059 pulchrae
2296 984 2445 1038 sunt
2473 993 2651 1054 genae
2683 983 2839 1038 tuael
2890 994 3160 1055 quarum
3190 974 3472 1055 pulchri-

1981 1074 2268 1137 tudinem
2297 1074 2543 1156 accepit
2574 1094 2649 1137 ex
2680 1073 2899 1137 osculo
2934 1071 3174 1154 sponsi.
3200 1072 3287 1133 Ex
3320 1079 3467 1133 tunc

1981 1172 2151 1236 enim
2198 1172 2453 1235 castitas
2498 1182 2559 1235 et
2610 1170 2920 1255 pudicitia
2966 1180 3156 1252 atque
3208 1168 3469 1249 virgini-

1982 1280 2096 1348 taS,
2122 1290 2267 1352 quae
2310 1271 2487 1353 prius
2526 1290 2655 1333 non
2701 1269 2977 1347 fuerant,
3013 1288 3125 1351 per
3168 1268 3465 1331 Ecclesiae

1979 1388 2173 1449 genas
2213 1370 2376 1433 miro
2405 1370 2632 1432 decore
2671 1367 2932 1430 diffusae
2960 1375 3112 1429 sunt
3146 1385 3159 1430 :
3194 1385 3338 1449 quae
3366 1384 3469 1445 ge·

1980 1486 2203 1529 narum
2239 1466 2598 1531 formositas
2633 1466 2860 1528 turturi
2894 1474 3309 1547 comparatur.
3325 1465 3473 1526 Tur-

1981 1574 2195 1628 turum
2235 1566 2407 1629 enim
2448 1565 2652 1628 fertur
2695 1583 2834 1628 csse
2872 1572 3118 1640 natura,
3154 1572 3221 1626 ut
3263 1582 3469 1644 neque

1981 1664 2301 1727 masculus
2333 1672 2560 1746 praeter
2593 1683 2783 1726 unam
2815 1663 3119 1741 feminam
3150 1662 3332 1725 adeat
3360 1662 3468 1723 ali-

1980 1781 2106 1839 am,
2159 1782 2367 1845 neque
2416 1762 2654 1824 femina
2702 1761 2977 1843 amplius
3027 1780 3219 1843 quam
3271 1779 3468 1821 unum

371 1861 554 1943 juxta
585 1860 1135 1939 illud(secundum
1169 1881 1359 1924 unam
1383 1860 1872 1943 expositionem)
1909 1864 1952 1925 B
1985 1863 2259 1945 patiatur
2305 1881 2567 1938 marem,
2622 1862 2711 1923 ita
2767 1870 2835 1923 ut
2892 1879 3189 1943 compare
3236 1860 3471 1923 exstin-

989 1960 1248 2024 Factum
1307 1969 1402 2023 est
1463 1960 1750 2043 praelium
1801 1960 1868 2021 in

375 2058 562 2121 coelo.
595 2056 857 2120 Michael
889 2066 952 2120 et
989 2059 1198 2139 angeli
1239 2060 1378 2141 ejus
1418 2058 1872 2140 praeliabantur

375 2176 520 2219 cum
554 2156 854 2231 dracone,
888 2163 952 2217 et
979 2156 1170 2219 draco
1200 2156 1522 2239 pugnabat
1561 2165 1624 2219 et
1661 2154 1868 2235 angeli

375 2255 554 2337 ejus3
589 2262 652 2317 et
697 2271 826 2318 non
864 2254 1361 2335 praevaluerunt,
1402 2273 1610 2336 neque
1650 2254 1872 2317 inven-

377 2361 477 2415 tus
503 2361 602 2415 est
631 2352 809 2415 locus
841 2371 1064 2415 eorum
1095 2352 1370 2434 amplius
1409 2352 1474 2413 in
1507 2352 1692 2415 coelo.
1717 2352 1871 2415 Hinc

377 2451 444 2513 in
473 2451 820 2532 Evangelio
849 2469 1122 2534 sponsus
1162 2451 1478 2533 promittit
1519 2450 1814 2513 Ecclesiae
1851 2467 1864 2513 :

377 2551 536 2613 Ecce
567 2550 715 2613 dedi
738 2549 922 2613 vobis
954 2558 1332 2633 potestatem
1363 2550 1649 2612 calcandi
1683 2568 1873 2631 super

379 2658 708 2732 serpentes
747 2656 810 2711 et
855 2648 1223 2730 scorpiones
1270 2656 1333 2710 et
1373 2666 1565 2731 supra
1615 2667 1872 2711 omnem

381 2748 683 2813 virtute-m
733 2746 1006 2809 inimici.
1047 2745 1161 2808 Cui
1206 2754 1269 2808 et
1314 2746 1378 2808 in
1429 2747 1676 2810 Psalmo
1730 2767 1875 2829 pro-

340 2900 351 2920 ,
381 2846 660 2908 mittitur
693 2866 706 2909 :
742 2844 982 2907 Cadent
1012 2863 1050 2907 a
1079 2844 1275 2908 latere
1307 2853 1416 2908 tuo
1449 2845 1646 2921 mille',
1681 2854 1744 2907 et
1773 2848 1876 2909 de-

382 2965 517 3011 cem
552 2944 758 3008 millia
787 2962 824 3005 a
851 2944 1092 3006 dextris
1129 2944 1292 3023 tuis;
1325 2944 1629 3025 itemque,
1673 2944 1877 3027 Super

1983 1970 2105 2039 cto,
2141 1960 2467 2043 superstiti
2508 1980 2652 2023 cum
2695 1960 2966 2041 conjuge
3007 1960 3357 2022 exstinctus
3390 1957 3474 2020 sit

1983 2060 2360 2125 concubitus
2401 2078 2601 2122 amor.
2637 2058 3100 2122 Convenienter
3146 2058 3341 2137 igitur
3391 2056 3475 2119 si-

1984 2161 2280 2222 militudo
2310 2158 2570 2222 turturis
2600 2166 2854 2240 aptatur
2894 2156 3380 2239 pulchritudini,
3407 2156 3471 2218 id

1981 2269 2078 2322 cst
2117 2258 2443 2341 pudicitiae
2480 2276 2553 2320 ac
2589 2256 2887 2332 castitati,
2920 2274 3226 2337 genarum
3264 2255 3473 2318 Eccle-

1982 2359 2091 2421 siae
2129 2376 2142 2420 :
2180 2358 2331 2438 quia
2360 2356 2639 2419 Ecclesia
2670 2354 2932 2417 alterius
2967 2354 3088 2418 viri
3124 2362 3265 2435 post
3293 2354 3474 2431 Chri-

1983 2464 2150 2518 stum
2182 2456 2386 2518 nescit
2412 2454 2804 2536 conjugium,
2829 2462 2891 2516 et
2930 2453 3233 2535 quoniam
3266 2453 3469 2515 abun-

1983 2555 2201 2617 dantia
2240 2553 2566 2636 pudicitiae
2613 2571 2687 2615 ac
2734 2551 3143 2615 continentiae
3187 2551 3358 2632 viget
3405 2552 3470 2613 in

1985 2671 2077 2715 ea.
2121 2653 2263 2715 Haec
2314 2650 2776 2714 sententialiter
2819 2649 3141 2729 Origenes,
3174 2686 3254 2695 —
3282 2649 3473 2713 Porro

1983 2751 2322 2813 Anselmus
2353 2758 2417 2813 et
2453 2749 2585 2826 alii,
2622 2767 2735 2830 per
2764 2767 2957 2829 genas
2997 2766 3247 2830 sponsae
3288 2748 3474 2811 intel-

1985 2849 2191 2929 ligunt
2231 2849 2521 2913 doctores
2560 2867 2633 2910 ac
2664 2845 3107 2929 praedicatores
3148 2846 3468 2925 Ecclesiae,

1984 2947 2288 3028 quoniam
2325 2964 2503 3025 genae
2541 2946 2761 3009 dentes
2811 2944 2978 3006 intra
3018 2962 3086 3007 se
3114 2944 3468 3021 continent,

381 3044 670 3129 aspidem
709 3050 770 3105 et
809 3041 1180 3105 basiliscum
1223 3041 1602 3120 ambulabiS,
1630 3051 1693 3104 et
1731 3062 1876 3106 con-
1910 3049 1954 3112 C
1987 3056 2046 3108 et
2081 3065 2191 3127 per
2222 3064 2330 3108 eos
2360 3044 2719 3119 masticant,
2746 3051 2959 3105 terunt
2990 3051 3051 3105 et
3088 3041 3153 3104 in
3186 3052 3472 3108 ventrem

381 3142 666 3208 culcabis
698 3142 948 3205 leonem
981 3148 1044 3203 et
1074 3140 1438 3204 draconem.
1473 3142 1617 3204 ldeo
1646 3140 1875 3205 Paulus

381 3242 685 3306 disseruit
719 3261 734 3304 z
767 3240 928 3302 Deus
957 3247 1242 3302 conteret
1285 3239 1580 3303 Satanam
1610 3239 1731 3303 sub
1773 3260 1878 3323 pe-

383 3342 575 3406 dibus
618 3339 848 3405 vestris
890 3337 1216 3401 velociter.

465 3440 772 3503 Pulckroe
806 3444 960 3497 sunt
994 3456 1178 3512 yeme
1211 3446 1336 3497 tuce
1372 3439 1540 3499 sicut
1574 3440 1872 3499 turturis,

383 3538 564 3602 Circa
593 3536 716 3599 hoc
755 3534 1041 3615 loquitur
1076 3533 1378 3613 Origenes
1415 3554 1429 3598 :
1463 3536 1692 3598 Paulus
1735 3556 1880 3619 apo·

384 3636 588 3700 stolus
631 3634 722 3696 ait
765 3652 780 3695 :
826 3634 1070 3715 Corpus
1121 3651 1246 3696 non
1297 3641 1394 3697 est
1441 3653 1642 3697 unum
1688 3655 1880 3698 mem-

384 3735 596 3811 brum,
631 3734 741 3796 sed
772 3732 1016 3811 multa3
1068 3750 1180 3795 vos
1218 3740 1429 3795 autem
1462 3732 1616 3795 estis
1649 3753 1880 3816 corpus

383 3832 642 3909 Christi,
694 3839 757 3895 et
811 3830 1101 3894 membra
1149 3829 1226 3893 de
1273 3831 1582 3894 membro.
1643 3832 1715 3894 Et
1762 3833 1880 3895 ite-

282 3964 357 3999 Α,
387 3952 527 3995 rum
569 3952 584 3996 ε
629 3930 826 3993 Nemo
868 3947 1123 3993 carnem
1171 3948 1350 3991 suam
1403 3948 1687 4011 unquam
1735 3931 1882 3995 odio

387 4030 652 4110 habuit3
703 4028 815 4091 sed
859 4028 1032 4091 fovet
1073 4034 1136 4090 et
1183 4027 1378 4090 nutrit
1419 4046 1581 4106 eam,
1617 4028 1783 4092 sicut
1819 4039 1884 4094 et

384 4130 673 4194 Christus
713 4125 1058 4189 Ecclesiam
1095 4145 1109 4189 :
1141 4126 1293 4207 quia
1334 4126 1623 4190 membra
1661 4148 1880 4192 sumus

1988 3145 2334 3227 projiciunt
2393 3141 2611 3205 cibum
2667 3160 2681 3203 :
2737 3142 2829 3204 sic
2887 3140 3039 3204 boni
3097 3141 3341 3224 praelati
3403 3162 3474 3205 ac

1986 3243 2427 3326 praedicatores
2471 3239 2663 3303 verbo
2704 3239 2815 3302 Dei
2855 3239 3158 3303 reficiunt
3215 3239 3477 3303 audien-—

1987 3352 2101 3418 teS,
2135 3350 2198 3404 et
2234 3339 2613 3403 difficiliora
2658 3356 2928 3419 quaeque
2974 3338 3067 3401 cis
3112 3337 3297 3420 quasi
3348 3358 3478 3401 ma-

1987 3440 2274 3503 sticando
2315 3448 2379 3501 et
2419 3436 2770 3517 frangendo
2814 3445 3159 3517 exponunt.

2067 3538 2329 3620 Insuper
2358 3552 2536 3615 genae
2574 3554 2824 3617 sponsae
2864 3534 3163 3596 dicuntur
3193 3533 3477 3615 pulchrae

1989 3646 2058 3700 ut
2113 3634 2401 3712 turturis,
2460 3634 2765 3715 quoniam
2825 3632 2963 3714 ipsa
3020 3631 3304 3695 Ecclesia
3362 3650 3477 3715 pro

1989 3735 2120 3798 suis
2153 3742 2215 3797 et
2243 3731 2531 3819 filiorum
2562 3750 2823 3795 suorum
2854 3728 3209 3793 defectibus
3241 3740 3304 3793 ct
3335 3750 3478 3813 pec-

1988 3834 2145 3897 catis
2178 3830 2658 3905 verecundatur,
2694 3836 2757 3892 et
2786 3847 2861 3892 ca
2890 3848 3033 3891 cum
3074 3828 3477 3911 poenitentia·

1991 3932 2035 3994 li
2078 3950 2151 3994 ac
2189 3927 2551 4012 sapientiali
2603 3928 2846 4010 pudore
2892 3926 3223 3990 humiliter
3270 3926 3477 3990 confi-

1989 4038 2180 4093 tetur.

2073 4130 2320 4189 Collum
2343 4137 2527 4187 tuum
2544 4127 2711 4186 sicut
2740 4123 3165 4187 monilia.Per
3193 4123 3481 4188 membra

384 4226 673 4309 corporis
721 4226 885 4307 ejus,
925 4224 1038 4287 Per
1086 4223 1220 4287 haec
1271 4224 1464 4305 igitur
1513 4225 1875 4302 edocemur,
1911 4230 1961 4292 D
1991 4243 2296 4308 corporea
2324 4224 2390 4286 in
2425 4224 2545 4287 hoc
2576 4222 2763 4299 libro,
2798 4230 2859 4285 et
2889 4241 3002 4304 per
3035 4240 3183 4285 aves
3214 4242 3288 4285 ac
3317 4230 3481 4285 cete-

384 4324 706 4407 quomodo
755 4342 992 4405 sponsa
1038 4321 1270 4384 Christi
1305 4323 1478 4403 (quae
1523 4332 1621 4386 est
1668 4324 1882 4389 Eccle-

383 4424 504 4504 sia)
537 4423 622 4485 sit
655 4440 888 4504 corpus
928 4419 1158 4483 Christi
1193 4427 1256 4483 et
1293 4420 1601 4484 membra.
1636 4422 1705 4485 ln
1747 4424 1882 4504 qui-

383 4524 504 4587 bus
535 4519 844 4585 membris
876 4518 1086 4598 [sicut]
1120 4526 1269 4581 sunt
1292 4520 1495 4602 aliqui
1525 4521 1637 4602 qui
1662 4522 1881 4585 dicun-

385 4630 488 4685 tur
527 4619 722 4697 oculi,
755 4637 871 4701 pro
914 4618 1352 4698 intelligentiae
1395 4618 1534 4681 sine
1577 4619 1772 4684 dubio
1819 4630 1882 4685 et

383 4719 672 4785 scientiae
703 4717 980 4797 lumine3
1013 4724 1078 4779 et
1104 4717 1214 4779 alii
1245 4736 1453 4794 aureS,
1478 4736 1594 4800 pro
1623 4720 1882 4783 audien-

384 4819 467 4883 do
498 4815 695 4881 verbo
737 4815 1078 4893 doctrinae3
1123 4814 1232 4877 alii
1263 4834 1513 4894 manus,
1547 4835 1662 4899 pro
1694 4816 1879 4881 bonis

383 4914 688 4999 operibus
719 4912 1166 4994 religiosisque
1195 4913 1704 4977 ministeriistita
1730 4924 1881 4978 sunt

385 5014 588 5097 aliqui
639 5012 750 5095 qui
794 5020 858 5076 et
905 5030 1085 5093 genae
1131 5012 1271 5094 ejus
1319 5021 1643 5075 vocantur.
1691 5012 1878 5077 Genae

386 5122 598 5177 autem
633 5113 892 5194 [partes]
925 5110 1141 5174 vultus
1180 5111 1502 5186 dicuntur,
1535 5111 1602 5174 in
1642 5112 1879 5193 quibus

388 5211 688 5275 honestas
723 5218 786 5273 et
813 5209 1198 5273 verecundia
1227 5210 1456 5273 animae
1485 5227 1884 5290 cognoscun-

389 5319 540 5375 tur:
571 5328 687 5391 per
714 5309 886 5391 quod
927 5308 1066 5372 sine
1108 5308 1304 5372 dubio
1335 5308 1430 5370 illi
1473 5308 1539 5371 in
1568 5309 1882 5373 membris

1991 4346 2059 4388 ra
2090 4323 2437 4386 inanimata
2473 4341 2546 4384 ac
2591 4320 3007 4397 irrationalia,
3044 4320 3475 4402 spiritualium

1991 4441 2062 4485 ac
2109 4420 2518 4485 rationalium
2567 4437 2777 4482 rerum
2825 4418 3243 4501 proprietates
3282 4428 3473 4501 atque

1990 4520 2215 4584 officia
2260 4520 2696 4600 designantur.
2749 4517 2979 4599 Sicque
3039 4536 3153 4599 per
3210 4518 3470 4593 collum,

1991 4638 2118 4702 quo
2160 4626 2353 4702 caput
2389 4618 2679 4701 jungitur
2716 4616 2991 4699 corpori,
3025 4635 3138 4698 per
3176 4617 3347 4697 quod
3396 4617 3481 4680 ci·-

1990 4719 2111 4781 bus
2154 4714 2479 4780 descendit
2526 4715 2592 4778 in
2640 4714 2877 4791 alvum,
2925 4715 3094 4795 quod
3144 4714 3338 4777 etiam
3396 4714 3482 4779 le-

1990 4824 2175 4879 vatur
2217 4815 2282 4876 in
2332 4814 2556 4891 altum,
2595 4813 3009 4892 designantur
3051 4812 3321 4893 praelati,
3364 4814 3477 4894 qui

1990 4914 2157 4975 inter
2200 4913 2396 4977 Deum
2440 4920 2502 4975 et
2546 4910 2851 4994 populum
2896 4909 3198 4987 mediant,
3236 4920 3302 4974 et
3347 4930 3480 4993 my-

1991 5012 2221 5075 sticum
2245 5030 2478 5092 corpus
2506 5009 2736 5073 Christi
2754 5010 2937 5091 (puta
2959 5008 3337 5089 Ecclesiam)
3362 5028 3477 5073 suo

1989 5112 2206 5194 capiti,
2234 5108 2528 5173 videlicet
2556 5106 2827 5185 Christo,
2859 5107 3180 5189 jungunt:
3216 5106 3321 5169 cui
3352 5106 3476 5169 sibi

1990 5209 2365 5274 commissos
2405 5205 2815 5269 reconciliare
2864 5213 3183 5282 tenentur,
3237 5204 3478 5268 orando

1992 5317 2056 5372 et
2098 5304 2523 5372 sacrificando
2561 5322 2677 5387 pro
2725 5303 2905 5385 ipsiS,
2934 5321 3173 5385 eosque
3212 5302 3481 5386 corripi·
