<?xml version="1.0" encoding="UTF-8"?>
<!DOCTYPE html PUBLIC "-//W3C//DTD XHTML 1.0 Transitional//EN"
    "http://www.w3.org/TR/xhtml1/DTD/xhtml1-transitional.dtd">
<html xmlns="http://www.w3.org/1999/xhtml" xml:lang="en" lang="en">
 <head>
  <title>
</title>
<meta http-equiv="Content-Type" content="text/html;charset=utf-8" />
  <meta name='ocr-system' content='tesseract 3.04.00' />
  <meta name='ocr-capabilities' content='ocr_page ocr_carea ocr_par ocr_line ocrx_word'/>
</head>
<body>
  <div class='ocr_page' id='page_1' title='image "./doctorisecstati00denigoog_0274.png"; bbox 0 0 4284 6267; ppageno 0'>
   <div class='ocr_carea' id='block_1_1' title="bbox 115 2694 311 2745">
    <p class='ocr_par' dir='ltr' id='par_1_1' title="bbox 115 2694 311 2745">
     <span class='ocr_line' id='line_1_1' title="bbox 115 2694 311 2745; baseline 0.005 -9"><span class='ocrx_word' id='word_1_1' title='bbox 115 2694 257 2737; x_wconf 59' lang='lat' dir='ltr'>nuth.</span> <span class='ocrx_word' id='word_1_2' title='bbox 276 2710 311 2745; x_wconf 77' lang='lat' dir='ltr'>v.</span> 
     </span>
    </p>
   </div>
   <div class='ocr_carea' id='block_1_2' title="bbox 1072 532 2712 582">
    <p class='ocr_par' dir='ltr' id='par_1_2' title="bbox 1072 532 2712 582">
     <span class='ocr_line' id='line_1_2' title="bbox 1072 532 2712 582; baseline 0.001 -3"><span class='ocrx_word' id='word_1_3' title='bbox 1072 532 1427 580; x_wconf 58' lang='lat' dir='ltr'>numano</span> <span class='ocrx_word' id='word_1_4' title='bbox 1469 533 1531 579; x_wconf 80' lang='lat' dir='ltr'>m</span> <span class='ocrx_word' id='word_1_5' title='bbox 1570 532 1711 579; x_wconf 76' lang='lat' dir='ltr'>cAP.</span> <span class='ocrx_word' id='word_1_6' title='bbox 1756 533 1819 579; x_wconf 82' lang='lat' dir='ltr'>lv</span> <span class='ocrx_word' id='word_1_7' title='bbox 1858 532 2296 581; x_wconf 67' lang='lat' dir='ltr'>nchBsmsTAE.</span> <span class='ocrx_word' id='word_1_8' title='bbox 2341 554 2422 565; x_wconf 93' lang='lat'><strong>—</strong></span> <span class='ocrx_word' id='word_1_9' title='bbox 2460 536 2603 582; x_wconf 74' lang='grc' dir='ltr'><strong>ΛΒΤ.</strong></span> <span class='ocrx_word' id='word_1_10' title='bbox 2649 535 2712 581; x_wconf 82' lang='lat' dir='ltr'>lv</span> 
     </span>
    </p>
   </div>
   <div class='ocr_carea' id='block_1_3' title="bbox 3313 514 3432 579">
    <p class='ocr_par' dir='ltr' id='par_1_3' title="bbox 3313 514 3432 579">
     <span class='ocr_line' id='line_1_3' title="bbox 3313 514 3432 579; baseline 0 0"><span class='ocrx_word' id='word_1_11' title='bbox 3313 514 3432 579; x_wconf 77' lang='lat'>233</span> 
     </span>
    </p>
   </div>
   <div class='ocr_carea' id='block_1_4' title="bbox 334 690 3435 789">
    <p class='ocr_par' dir='ltr' id='par_1_4' title="bbox 334 690 3435 789">
     <span class='ocr_line' id='line_1_4' title="bbox 334 690 3435 789; baseline 0 -22"><span class='ocrx_word' id='word_1_12' title='bbox 334 712 449 781; x_wconf 89' lang='lat' dir='ltr'>est,</span> <span class='ocrx_word' id='word_1_13' title='bbox 496 704 877 769; x_wconf 87' lang='lat' dir='ltr'>innocentes</span> <span class='ocrx_word' id='word_1_14' title='bbox 921 711 983 767; x_wconf 88' lang='lat' dir='ltr'>et</span> <span class='ocrx_word' id='word_1_15' title='bbox 1030 721 1263 785; x_wconf 87' lang='lat' dir='ltr'>egenos</span> <span class='ocrx_word' id='word_1_16' title='bbox 1312 690 1675 785; x_wconf 78' lang='lat' dir='ltr'>oppressoS,</span> <span class='ocrx_word' id='word_1_17' title='bbox 1723 701 1833 764; x_wconf 90' lang='lat' dir='ltr'>hu·</span> <span class='ocrx_word' id='word_1_18' title='bbox 1863 700 1915 765; x_wconf 82' lang='lat' dir='ltr'>A</span> <span class='ocrx_word' id='word_1_19' title='bbox 1947 702 2133 765; x_wconf 88' lang='lat' dir='ltr'>simul</span> <span class='ocrx_word' id='word_1_20' title='bbox 2159 704 2413 767; x_wconf 88' lang='lat' dir='ltr'>liberari</span> <span class='ocrx_word' id='word_1_21' title='bbox 2438 724 2752 789; x_wconf 86' lang='lat' dir='ltr'>acorpore</span> <span class='ocrx_word' id='word_1_22' title='bbox 2773 714 2964 787; x_wconf 90' lang='lat' dir='ltr'>atque</span> <span class='ocrx_word' id='word_1_23' title='bbox 2997 704 3254 768; x_wconf 87' lang='lat' dir='ltr'>malitia.</span> <span class='ocrx_word' id='word_1_24' title='bbox 3275 704 3435 768; x_wconf 89' lang='lat' dir='ltr'>Hinc</span> 
     </span>
    </p>
   </div>
   <div class='ocr_carea' id='block_1_5' title="bbox 336 801 1837 1083">
    <p class='ocr_par' dir='ltr' id='par_1_5' title="bbox 336 801 1837 1083">
     <span class='ocr_line' id='line_1_5' title="bbox 336 801 1835 884; baseline -0.001 -19"><span class='ocrx_word' id='word_1_25' title='bbox 336 822 517 867; x_wconf 89' lang='lat' dir='ltr'>mana</span> <span class='ocrx_word' id='word_1_26' title='bbox 566 801 875 868; x_wconf 82' lang='lat' dir='ltr'>subsidia</span> <span class='ocrx_word' id='word_1_27' title='bbox 906 823 1035 869; x_wconf 90' lang='lat' dir='ltr'>non</span> <span class='ocrx_word' id='word_1_28' title='bbox 1084 802 1411 880; x_wconf 81' lang='lat' dir='ltr'>habenteS,</span> <span class='ocrx_word' id='word_1_29' title='bbox 1464 820 1592 865; x_wconf 90' lang='lat' dir='ltr'>non</span> <span class='ocrx_word' id='word_1_30' title='bbox 1649 820 1835 884; x_wconf 91' lang='lat' dir='ltr'>posse</span> 
     </span>
     <span class='ocr_line' id='line_1_6' title="bbox 336 900 1837 985; baseline 0 -22"><span class='ocrx_word' id='word_1_31' title='bbox 336 903 767 983; x_wconf 84' lang='lat' dir='ltr'>potentiorum</span> <span class='ocrx_word' id='word_1_32' title='bbox 802 922 875 967; x_wconf 89' lang='lat' dir='ltr'>ac</span> <span class='ocrx_word' id='word_1_33' title='bbox 906 903 1277 984; x_wconf 89' lang='lat' dir='ltr'>iniquorum</span> <span class='ocrx_word' id='word_1_34' title='bbox 1307 900 1605 983; x_wconf 76' lang='lat' dir='ltr'><strong>potestati</strong></span> <span class='ocrx_word' id='word_1_35' title='bbox 1634 909 1837 985; x_wconf 82' lang='lat' dir='ltr'>tyran-</span> 
     </span>
     <span class='ocr_line' id='line_1_7' title="bbox 336 998 1831 1083; baseline 0 -21"><span class='ocrx_word' id='word_1_36' title='bbox 336 1001 601 1083; x_wconf 90' lang='lat' dir='ltr'>nidique</span> <span class='ocrx_word' id='word_1_37' title='bbox 627 1002 1113 1066; x_wconf 83' lang='lat' dir='ltr'>resistere.fline</span> <span class='ocrx_word' id='word_1_38' title='bbox 1144 1000 1210 1062; x_wconf 89' lang='lat' dir='ltr'>in</span> <span class='ocrx_word' id='word_1_39' title='bbox 1239 998 1531 1063; x_wconf 88' lang='lat' dir='ltr'>Habacue</span> <span class='ocrx_word' id='word_1_40' title='bbox 1562 999 1831 1079; x_wconf 86' lang='lat' dir='ltr'>legitur:</span> 
     </span>
    </p>
   </div>
   <div class='ocr_carea' id='block_1_6' title="bbox 102 1098 1837 1227">
    <p class='ocr_par' dir='ltr' id='par_1_6' title="bbox 102 1098 1837 1227">
     <span class='ocr_line' id='line_1_8' title="bbox 102 1098 1837 1227; baseline 0.004 -71"><span class='ocrx_word' id='word_1_41' title='bbox 102 1114 309 1227; x_wconf 30' lang='lat'>3³⁸3?</span> <span class='ocrx_word' id='word_1_42' title='bbox 335 1098 531 1174; x_wconf 81' lang='lat' dir='ltr'>Quare.</span> <span class='ocrx_word' id='word_1_43' title='bbox 583 1120 715 1165; x_wconf 90' lang='lat' dir='ltr'>non</span> <span class='ocrx_word' id='word_1_44' title='bbox 762 1100 1054 1184; x_wconf 87' lang='lat' dir='ltr'>respicis,</span> <span class='ocrx_word' id='word_1_45' title='bbox 1105 1100 1393 1177; x_wconf 86' lang='lat' dir='ltr'>Domine,</span> <span class='ocrx_word' id='word_1_46' title='bbox 1444 1106 1837 1180; x_wconf 89' lang='lat' dir='ltr'>contempto·</span> 
     </span>
    </p>
   </div>
   <div class='ocr_carea' id='block_1_7' title="bbox 336 1197 1839 1871">
    <p class='ocr_par' dir='ltr' id='par_1_7' title="bbox 336 1197 1839 1577">
     <span class='ocr_line' id='line_1_9' title="bbox 338 1197 1831 1281; baseline -0.001 -22"><span class='ocrx_word' id='word_1_47' title='bbox 338 1218 453 1275; x_wconf 81' lang='lat' dir='ltr'>reS,</span> <span class='ocrx_word' id='word_1_48' title='bbox 494 1207 557 1262; x_wconf 86' lang='lat' dir='ltr'>et</span> <span class='ocrx_word' id='word_1_49' title='bbox 599 1208 769 1263; x_wconf 88' lang='lat' dir='ltr'>taces</span> <span class='ocrx_word' id='word_1_50' title='bbox 814 1200 1233 1264; x_wconf 83' lang='lat' dir='ltr'>conculcante</span> <span class='ocrx_word' id='word_1_51' title='bbox 1270 1197 1468 1281; x_wconf 89' lang='lat' dir='ltr'>impio</span> <span class='ocrx_word' id='word_1_52' title='bbox 1501 1197 1831 1279; x_wconf 87' lang='lat' dir='ltr'>justiorem</span> 
     </span>
     <span class='ocr_line' id='line_1_10' title="bbox 338 1295 1839 1380; baseline -0.002 -21"><span class='ocrx_word' id='word_1_53' title='bbox 338 1300 435 1359; x_wconf 67' lang='lat' dir='ltr'>se?</span> <span class='ocrx_word' id='word_1_54' title='bbox 463 1297 732 1380; x_wconf 82' lang='lat' dir='ltr'>Propter</span> <span class='ocrx_word' id='word_1_55' title='bbox 768 1298 888 1361; x_wconf 91' lang='lat' dir='ltr'>hoc</span> <span class='ocrx_word' id='word_1_56' title='bbox 930 1298 1201 1361; x_wconf 88' lang='lat' dir='ltr'>lacerata</span> <span class='ocrx_word' id='word_1_57' title='bbox 1228 1304 1325 1361; x_wconf 90' lang='lat' dir='ltr'>est</span> <span class='ocrx_word' id='word_1_58' title='bbox 1365 1297 1487 1371; x_wconf 86' lang='lat' dir='ltr'>lex,</span> <span class='ocrx_word' id='word_1_59' title='bbox 1531 1295 1685 1377; x_wconf 89' lang='lat' dir='ltr'>quia</span> <span class='ocrx_word' id='word_1_60' title='bbox 1722 1295 1839 1357; x_wconf 85' lang='lat' dir='ltr'>im·-</span> 
     </span>
     <span class='ocr_line' id='line_1_11' title="bbox 340 1395 1837 1479; baseline -0.001 -22"><span class='ocrx_word' id='word_1_61' title='bbox 340 1395 479 1477; x_wconf 89' lang='lat' dir='ltr'>pius</span> <span class='ocrx_word' id='word_1_62' title='bbox 534 1396 840 1479; x_wconf 82' lang='lat' dir='ltr'>praevalet</span> <span class='ocrx_word' id='word_1_63' title='bbox 897 1396 1201 1459; x_wconf 87' lang='lat' dir='ltr'>adversus</span> <span class='ocrx_word' id='word_1_64' title='bbox 1248 1396 1526 1477; x_wconf 83' lang='lat' dir='ltr'>justum3</span> <span class='ocrx_word' id='word_1_65' title='bbox 1579 1400 1837 1477; x_wconf 86' lang='lat' dir='ltr'>propter</span> 
     </span>
     <span class='ocr_line' id='line_1_12' title="bbox 336 1494 1576 1577; baseline 0 -22"><span class='ocrx_word' id='word_1_66' title='bbox 336 1494 451 1557; x_wconf 89' lang='lat' dir='ltr'>hoc</span> <span class='ocrx_word' id='word_1_67' title='bbox 479 1495 807 1575; x_wconf 84' lang='lat' dir='ltr'>egreditur</span> <span class='ocrx_word' id='word_1_68' title='bbox 835 1494 1151 1577; x_wconf 85' lang='lat' dir='ltr'>judicium</span> <span class='ocrx_word' id='word_1_69' title='bbox 1183 1513 1576 1577; x_wconf 87' lang='lat' dir='ltr'>perversum.</span> 
     </span>
    </p>

    <p class='ocr_par' dir='ltr' id='par_1_8' title="bbox 338 1592 1839 1871">
     <span class='ocr_line' id='line_1_13' title="bbox 413 1592 1839 1673; baseline -0.004 -18"><span class='ocrx_word' id='word_1_70' title='bbox 413 1595 497 1655; x_wconf 75' lang='lat' dir='ltr'>Ec</span> <span class='ocrx_word' id='word_1_71' title='bbox 530 1596 809 1655; x_wconf 79' lang='lat' dir='ltr'>laudavi</span> <span class='ocrx_word' id='word_1_72' title='bbox 836 1596 1047 1671; x_wconf 73' lang='lat' dir='ltr'>maqis</span> <span class='ocrx_word' id='word_1_73' title='bbox 1076 1602 1378 1665; x_wconf 65' lang='lat' dir='ltr'>mortum,</span> <span class='ocrx_word' id='word_1_74' title='bbox 1402 1612 1597 1673; x_wconf 80' lang='lat' dir='ltr'>quam</span> <span class='ocrx_word' id='word_1_75' title='bbox 1630 1592 1839 1651; x_wconf 80' lang='lat' dir='ltr'>viven-</span> 
     </span>
     <span class='ocr_line' id='line_1_14' title="bbox 342 1688 1833 1767; baseline -0.001 -16"><span class='ocrx_word' id='word_1_76' title='bbox 342 1702 422 1751; x_wconf 74' lang='lat' dir='ltr'>tes</span> <span class='ocrx_word' id='word_1_77' title='bbox 451 1714 475 1751; x_wconf 93' lang='lat'>.·</span> <span class='ocrx_word' id='word_1_78' title='bbox 508 1691 574 1754; x_wconf 90' lang='lat' dir='ltr'>id</span> <span class='ocrx_word' id='word_1_79' title='bbox 608 1700 727 1767; x_wconf 90' lang='lat' dir='ltr'>est,</span> <span class='ocrx_word' id='word_1_80' title='bbox 746 1699 925 1755; x_wconf 89' lang='lat' dir='ltr'>tanto</span> <span class='ocrx_word' id='word_1_81' title='bbox 955 1691 1142 1754; x_wconf 79' lang='lat' dir='ltr'>taedio</span> <span class='ocrx_word' id='word_1_82' title='bbox 1174 1691 1319 1753; x_wconf 90' lang='lat' dir='ltr'>inde</span> <span class='ocrx_word' id='word_1_83' title='bbox 1348 1688 1635 1753; x_wconf 76' lang='lat' dir='ltr'>afflictus</span> <span class='ocrx_word' id='word_1_84' title='bbox 1668 1707 1833 1763; x_wconf 90' lang='lat' dir='ltr'>sum,</span> 
     </span>
     <span class='ocr_line' id='line_1_15' title="bbox 338 1788 1832 1871; baseline -0.003 -19"><span class='ocrx_word' id='word_1_85' title='bbox 338 1790 503 1871; x_wconf 90' lang='lat' dir='ltr'>quod</span> <span class='ocrx_word' id='word_1_86' title='bbox 533 1789 901 1865; x_wconf 79' lang='lat' dir='ltr'>defunctoS,</span> <span class='ocrx_word' id='word_1_87' title='bbox 934 1789 1048 1871; x_wconf 93' lang='lat' dir='ltr'>qui</span> <span class='ocrx_word' id='word_1_88' title='bbox 1088 1789 1238 1853; x_wconf 88' lang='lat' dir='ltr'>talia</span> <span class='ocrx_word' id='word_1_89' title='bbox 1267 1788 1435 1851; x_wconf 89' lang='lat' dir='ltr'>mala</span> <span class='ocrx_word' id='word_1_90' title='bbox 1470 1806 1587 1850; x_wconf 89' lang='lat' dir='ltr'>nec</span> <span class='ocrx_word' id='word_1_91' title='bbox 1613 1794 1832 1866; x_wconf 87' lang='lat' dir='ltr'>agunt,</span> 
     </span>
    </p>
   </div>
   <div class='ocr_carea' id='block_1_8' title="bbox 1946 801 3718 1775">
    <p class='ocr_par' dir='ltr' id='par_1_9' title="bbox 1946 801 3718 1775">
     <span class='ocr_line' id='line_1_16' title="bbox 1950 801 3435 885; baseline 0.002 -22"><span class='ocrx_word' id='word_1_92' title='bbox 1950 801 2015 864; x_wconf 91' lang='lat' dir='ltr'>in</span> <span class='ocrx_word' id='word_1_93' title='bbox 2060 802 2342 867; x_wconf 86' lang='lat' dir='ltr'>Politicis</span> <span class='ocrx_word' id='word_1_94' title='bbox 2386 805 2755 869; x_wconf 86' lang='lat' dir='ltr'>Aristoteles</span> <span class='ocrx_word' id='word_1_95' title='bbox 2805 812 3212 881; x_wconf 88' lang='lat' dir='ltr'>contestatur,</span> <span class='ocrx_word' id='word_1_96' title='bbox 3263 804 3435 885; x_wconf 92' lang='lat' dir='ltr'>quod</span> 
     </span>
     <span class='ocr_line' id='line_1_17' title="bbox 1947 900 3436 985; baseline 0 -21"><span class='ocrx_word' id='word_1_97' title='bbox 1947 900 2138 965; x_wconf 93' lang='lat' dir='ltr'>homo</span> <span class='ocrx_word' id='word_1_98' title='bbox 2183 902 2418 984; x_wconf 89' lang='lat' dir='ltr'>impius</span> <span class='ocrx_word' id='word_1_99' title='bbox 2460 904 2674 967; x_wconf 89' lang='lat' dir='ltr'>decies</span> <span class='ocrx_word' id='word_1_100' title='bbox 2715 902 2951 966; x_wconf 89' lang='lat' dir='ltr'>millies</span> <span class='ocrx_word' id='word_1_101' title='bbox 2992 904 3172 985; x_wconf 90' lang='lat' dir='ltr'>pej0r</span> <span class='ocrx_word' id='word_1_102' title='bbox 3219 902 3436 967; x_wconf 83' lang='lat' dir='ltr'>vilior-</span> 
     </span>
     <span class='ocr_line' id='line_1_18' title="bbox 1948 1000 3434 1084; baseline 0.001 -21"><span class='ocrx_word' id='word_1_103' title='bbox 1948 1019 2074 1082; x_wconf 91' lang='lat' dir='ltr'>que</span> <span class='ocrx_word' id='word_1_104' title='bbox 2120 1000 2446 1079; x_wconf 82' lang='lat' dir='ltr'>consistat,</span> <span class='ocrx_word' id='word_1_105' title='bbox 2496 1021 2685 1084; x_wconf 90' lang='lat' dir='ltr'>quam</span> <span class='ocrx_word' id='word_1_106' title='bbox 2747 1002 2982 1065; x_wconf 69' lang='lat' dir='ltr'>bestia.⁸</span> <span class='ocrx_word' id='word_1_107' title='bbox 3019 1002 3210 1065; x_wconf 85' lang='lat' dir='ltr'>Unde·</span> <span class='ocrx_word' id='word_1_108' title='bbox 3245 1012 3308 1066; x_wconf 91' lang='lat' dir='ltr'>et</span> <span class='ocrx_word' id='word_1_109' title='bbox 3355 1003 3434 1065; x_wconf 90' lang='lat' dir='ltr'>de</span> 
     </span>
     <span class='ocr_line' id='line_1_19' title="bbox 1948 1100 3686 1181; baseline 0.002 -21"><span class='ocrx_word' id='word_1_110' title='bbox 1948 1100 2272 1181; x_wconf 72' lang='lat' dir='ltr'>proditore</span> <span class='ocrx_word' id='word_1_111' title='bbox 2311 1100 2560 1164; x_wconf 87' lang='lat' dir='ltr'>locutus</span> <span class='ocrx_word' id='word_1_112' title='bbox 2597 1109 2692 1163; x_wconf 89' lang='lat' dir='ltr'>est</span> <span class='ocrx_word' id='word_1_113' title='bbox 2722 1100 3008 1164; x_wconf 86' lang='lat' dir='ltr'>Christus</span> <span class='ocrx_word' id='word_1_114' title='bbox 3043 1119 3059 1163; x_wconf 76' lang='lat' dir='ltr'><strong><em>z</em></strong></span> <span class='ocrx_word' id='word_1_115' title='bbox 3092 1101 3332 1164; x_wconf 89' lang='lat' dir='ltr'>Bonum</span> <span class='ocrx_word' id='word_1_116' title='bbox 3374 1100 3432 1163; x_wconf 88' lang='lat' dir='ltr'>ei</span> <span class='ocrx_word' id='word_1_117' title='bbox 3514 1111 3686 1156; x_wconf 73' lang='lat' dir='ltr'>Matth-</span> 
     </span>
     <span class='ocr_line' id='line_1_20' title="bbox 1947 1176 3718 1289; baseline 0.001 -28"><span class='ocrx_word' id='word_1_118' title='bbox 1947 1207 2102 1275; x_wconf 90' lang='lat' dir='ltr'>erat,</span> <span class='ocrx_word' id='word_1_119' title='bbox 2137 1199 2192 1261; x_wconf 91' lang='lat' dir='ltr'>si</span> <span class='ocrx_word' id='word_1_120' title='bbox 2222 1208 2404 1261; x_wconf 90' lang='lat' dir='ltr'>natus</span> <span class='ocrx_word' id='word_1_121' title='bbox 2436 1218 2563 1262; x_wconf 90' lang='lat' dir='ltr'>non</span> <span class='ocrx_word' id='word_1_122' title='bbox 2595 1208 2763 1263; x_wconf 90' lang='lat' dir='ltr'>esset</span> <span class='ocrx_word' id='word_1_123' title='bbox 2792 1200 2981 1263; x_wconf 90' lang='lat' dir='ltr'>homo</span> <span class='ocrx_word' id='word_1_124' title='bbox 3011 1199 3144 1263; x_wconf 90' lang='lat' dir='ltr'>ille.</span> <span class='ocrx_word' id='word_1_125' title='bbox 3462 1176 3718 1289; x_wconf 40' lang='lat' dir='ltr'>&#39;22:4²2ss</span> 
     </span>
     <span class='ocr_line' id='line_1_21' title="bbox 2028 1297 3532 1379; baseline 0.001 -20"><span class='ocrx_word' id='word_1_126' title='bbox 2028 1297 2107 1359; x_wconf 87' lang='lat' dir='ltr'>At</span> <span class='ocrx_word' id='word_1_127' title='bbox 2134 1316 2286 1361; x_wconf 88' lang='lat' dir='ltr'>vero</span> <span class='ocrx_word' id='word_1_128' title='bbox 2325 1298 2491 1361; x_wconf 86' lang='lat' dir='ltr'>circa</span> <span class='ocrx_word' id='word_1_129' title='bbox 2531 1299 2723 1376; x_wconf 89' lang='lat' dir='ltr'>istud,</span> <span class='ocrx_word' id='word_1_130' title='bbox 2757 1298 3126 1362; x_wconf 83' lang='lat' dir='ltr'>Feliciorem</span> <span class='ocrx_word' id='word_1_131' title='bbox 3166 1307 3436 1379; x_wconf 88' lang='lat' dir='ltr'>utroque</span> <span class='ocrx_word' id='word_1_132' title='bbox 3463 1304 3532 1346; x_wconf 79' lang='lat'>²¹·</span> 
     </span>
     <span class='ocr_line' id='line_1_22' title="bbox 1946 1395 3440 1478; baseline 0.001 -21"><span class='ocrx_word' id='word_1_133' title='bbox 1946 1395 2228 1476; x_wconf 81' lang='lat' dir='ltr'>judicavi</span> <span class='ocrx_word' id='word_1_134' title='bbox 2255 1396 2366 1478; x_wconf 90' lang='lat' dir='ltr'>qui</span> <span class='ocrx_word' id='word_1_135' title='bbox 2398 1397 2668 1459; x_wconf 82' lang='lat' dir='ltr'>necdum</span> <span class='ocrx_word' id='word_1_136' title='bbox 2702 1405 2886 1460; x_wconf 90' lang='lat' dir='ltr'>natus</span> <span class='ocrx_word' id='word_1_137' title='bbox 2918 1405 3034 1471; x_wconf 90' lang='lat' dir='ltr'>est,</span> <span class='ocrx_word' id='word_1_138' title='bbox 3053 1396 3270 1459; x_wconf 87' lang='lat' dir='ltr'>scribit</span> <span class='ocrx_word' id='word_1_139' title='bbox 3302 1396 3440 1478; x_wconf 91' lang='lat' dir='ltr'>qui·</span> 
     </span>
     <span class='ocr_line' id='line_1_23' title="bbox 1950 1495 3440 1577; baseline 0 -20"><span class='ocrx_word' id='word_1_140' title='bbox 1950 1495 2095 1557; x_wconf 90' lang='lat' dir='ltr'>dam</span> <span class='ocrx_word' id='word_1_141' title='bbox 2132 1512 2147 1557; x_wconf 76' lang='grc' dir='ltr'>ε</span> <span class='ocrx_word' id='word_1_142' title='bbox 2183 1495 2243 1558; x_wconf 93' lang='lat' dir='ltr'>Id</span> <span class='ocrx_word' id='word_1_143' title='bbox 2285 1504 2380 1558; x_wconf 89' lang='lat' dir='ltr'>est</span> <span class='ocrx_word' id='word_1_144' title='bbox 2424 1495 2806 1572; x_wconf 88' lang='lat' dir='ltr'>abortivum,</span> <span class='ocrx_word' id='word_1_145' title='bbox 2858 1495 2970 1577; x_wconf 91' lang='lat' dir='ltr'>qui</span> <span class='ocrx_word' id='word_1_146' title='bbox 3012 1495 3294 1558; x_wconf 90' lang='lat' dir='ltr'>nondum</span> <span class='ocrx_word' id='word_1_147' title='bbox 3329 1495 3440 1557; x_wconf 91' lang='lat' dir='ltr'>ha-</span> 
     </span>
     <span class='ocr_line' id='line_1_24' title="bbox 1950 1592 3442 1677; baseline 0.001 -22"><span class='ocrx_word' id='word_1_148' title='bbox 1950 1592 2059 1656; x_wconf 91' lang='lat' dir='ltr'>bet</span> <span class='ocrx_word' id='word_1_149' title='bbox 2092 1594 2544 1675; x_wconf 76' lang='lat' dir='ltr'>experientiam</span> <span class='ocrx_word' id='word_1_150' title='bbox 2585 1594 2867 1675; x_wconf 84' lang='lat' dir='ltr'>aliquam</span> <span class='ocrx_word' id='word_1_151' title='bbox 2906 1594 3056 1657; x_wconf 89' lang='lat' dir='ltr'>mali</span> <span class='ocrx_word' id='word_1_152' title='bbox 3098 1612 3302 1677; x_wconf 79' lang='lat' dir='ltr'>poenae</span> <span class='ocrx_word' id='word_1_153' title='bbox 3333 1601 3442 1657; x_wconf 88' lang='lat' dir='ltr'>aut</span> 
     </span>
     <span class='ocr_line' id='line_1_25' title="bbox 1951 1692 3446 1775; baseline 0.001 -21"><span class='ocrx_word' id='word_1_154' title='bbox 1951 1692 2102 1755; x_wconf 90' lang='lat' dir='ltr'>mali</span> <span class='ocrx_word' id='word_1_155' title='bbox 2154 1693 2358 1775; x_wconf 81' lang='lat' dir='ltr'>culpae</span> <span class='ocrx_word' id='word_1_156' title='bbox 2403 1693 2691 1769; x_wconf 83' lang='lat' dir='ltr'>actualiS,</span> <span class='ocrx_word' id='word_1_157' title='bbox 2744 1703 2806 1757; x_wconf 85' lang='lat' dir='ltr'>et</span> <span class='ocrx_word' id='word_1_158' title='bbox 2855 1693 2948 1757; x_wconf 90' lang='lat' dir='ltr'>sic</span> <span class='ocrx_word' id='word_1_159' title='bbox 2997 1712 3124 1757; x_wconf 90' lang='lat' dir='ltr'>non</span> <span class='ocrx_word' id='word_1_160' title='bbox 3173 1692 3446 1756; x_wconf 88' lang='lat' dir='ltr'>sustinet</span> 
     </span>
    </p>
   </div>
   <div class='ocr_carea' id='block_1_9' title="bbox 1951 1791 3446 1873">
    <p class='ocr_par' dir='ltr' id='par_1_10' title="bbox 1951 1791 3446 1873">
     <span class='ocr_line' id='line_1_26' title="bbox 1951 1791 3446 1873; baseline 0 -20"><span class='ocrx_word' id='word_1_161' title='bbox 1951 1791 2232 1872; x_wconf 86' lang='lat' dir='ltr'>aliquam</span> <span class='ocrx_word' id='word_1_162' title='bbox 2273 1810 2526 1873; x_wconf 88' lang='lat' dir='ltr'>poenam</span> <span class='ocrx_word' id='word_1_163' title='bbox 2558 1792 2952 1869; x_wconf 89' lang='lat' dir='ltr'>sensibilem,</span> <span class='ocrx_word' id='word_1_164' title='bbox 2984 1792 3092 1854; x_wconf 86' lang='lat' dir='ltr'>sed</span> <span class='ocrx_word' id='word_1_165' title='bbox 3133 1791 3323 1855; x_wconf 87' lang='lat' dir='ltr'>habet</span> <span class='ocrx_word' id='word_1_166' title='bbox 3351 1791 3446 1853; x_wconf 90' lang='lat' dir='ltr'>vi-</span> 
     </span>
    </p>
   </div>
   <div class='ocr_carea' id='block_1_10' title="bbox 337 1887 3445 1972">
    <p class='ocr_par' dir='ltr' id='par_1_11' title="bbox 337 1887 3445 1972">
     <span class='ocr_line' id='line_1_27' title="bbox 337 1887 3445 1972; baseline 0.001 -23"><span class='ocrx_word' id='word_1_167' title='bbox 337 1907 448 1952; x_wconf 86' lang='lat' dir='ltr'>nee</span> <span class='ocrx_word' id='word_1_168' title='bbox 498 1888 843 1967; x_wconf 85' lang='lat' dir='ltr'>sustinent,</span> <span class='ocrx_word' id='word_1_169' title='bbox 899 1889 1191 1971; x_wconf 88' lang='lat' dir='ltr'>reputavi</span> <span class='ocrx_word' id='word_1_170' title='bbox 1250 1887 1591 1964; x_wconf 84' lang='lat' dir='ltr'>feliciores,</span> <span class='ocrx_word' id='word_1_171' title='bbox 1642 1905 1833 1968; x_wconf 90' lang='lat' dir='ltr'>quam</span> <span class='ocrx_word' id='word_1_172' title='bbox 1878 1888 1923 1948; x_wconf 93' lang='lat' dir='ltr'><strong>B</strong></span> <span class='ocrx_word' id='word_1_173' title='bbox 1954 1898 2080 1951; x_wconf 89' lang='lat' dir='ltr'>tam</span> <span class='ocrx_word' id='word_1_174' title='bbox 2120 1889 2320 1969; x_wconf 84' lang='lat' dir='ltr'>magis</span> <span class='ocrx_word' id='word_1_175' title='bbox 2357 1889 2822 1965; x_wconf 86' lang='lat' dir='ltr'>delectabilem,</span> <span class='ocrx_word' id='word_1_176' title='bbox 2867 1909 3056 1971; x_wconf 91' lang='lat' dir='ltr'>quam</span> <span class='ocrx_word' id='word_1_177' title='bbox 3098 1890 3298 1972; x_wconf 89' lang='lat' dir='ltr'>possit</span> <span class='ocrx_word' id='word_1_178' title='bbox 3335 1890 3445 1953; x_wconf 88' lang='lat' dir='ltr'>ha-</span> 
     </span>
    </p>
   </div>
   <div class='ocr_carea' id='block_1_11' title="bbox 335 1985 1841 4241">
    <p class='ocr_par' dir='ltr' id='par_1_12' title="bbox 335 1985 1841 3156">
     <span class='ocr_line' id='line_1_28' title="bbox 336 1985 1839 2068; baseline -0.005 -15"><span class='ocrx_word' id='word_1_179' title='bbox 336 1988 624 2053; x_wconf 65' lang='lat' dir='ltr'>vire-ntes</span> <span class='ocrx_word' id='word_1_180' title='bbox 672 1987 825 2051; x_wconf 86' lang='lat' dir='ltr'>talia</span> <span class='ocrx_word' id='word_1_181' title='bbox 872 1986 1181 2050; x_wconf 82' lang='lat' dir='ltr'>facientes</span> <span class='ocrx_word' id='word_1_182' title='bbox 1222 1995 1333 2050; x_wconf 85' lang='lat' dir='ltr'>aut</span> <span class='ocrx_word' id='word_1_183' title='bbox 1382 1985 1717 2068; x_wconf 88' lang='lat' dir='ltr'>patientes.</span> <span class='ocrx_word' id='word_1_184' title='bbox 1763 1985 1839 2046; x_wconf 89' lang='lat' dir='ltr'>Et</span> 
     </span>
     <span class='ocr_line' id='line_1_29' title="bbox 336 2084 1841 2168; baseline -0.003 -18"><span class='ocrx_word' id='word_1_185' title='bbox 336 2106 553 2151; x_wconf 89' lang='lat' dir='ltr'>verum</span> <span class='ocrx_word' id='word_1_186' title='bbox 587 2095 685 2149; x_wconf 89' lang='lat' dir='ltr'>est</span> <span class='ocrx_word' id='word_1_187' title='bbox 725 2087 897 2168; x_wconf 91' lang='lat' dir='ltr'>quod</span> <span class='ocrx_word' id='word_1_188' title='bbox 936 2086 1191 2163; x_wconf 82' lang='lat' dir='ltr'>meliuS,</span> <span class='ocrx_word' id='word_1_189' title='bbox 1227 2086 1291 2148; x_wconf 89' lang='lat' dir='ltr'>id</span> <span class='ocrx_word' id='word_1_190' title='bbox 1331 2094 1427 2148; x_wconf 89' lang='lat' dir='ltr'>est</span> <span class='ocrx_word' id='word_1_191' title='bbox 1463 2084 1678 2148; x_wconf 89' lang='lat' dir='ltr'>minus</span> <span class='ocrx_word' id='word_1_192' title='bbox 1708 2103 1841 2146; x_wconf 89' lang='lat' dir='ltr'>ma-</span> 
     </span>
     <span class='ocr_line' id='line_1_30' title="bbox 335 2184 1839 2264; baseline -0.004 -16"><span class='ocrx_word' id='word_1_193' title='bbox 335 2185 463 2248; x_wconf 90' lang='lat' dir='ltr'>lum</span> <span class='ocrx_word' id='word_1_194' title='bbox 500 2184 588 2247; x_wconf 90' lang='lat' dir='ltr'>sit</span> <span class='ocrx_word' id='word_1_195' title='bbox 615 2192 941 2248; x_wconf 89' lang='lat' dir='ltr'>mortuum</span> <span class='ocrx_word' id='word_1_196' title='bbox 969 2203 1129 2261; x_wconf 89' lang='lat' dir='ltr'>esse,</span> <span class='ocrx_word' id='word_1_197' title='bbox 1164 2192 1273 2247; x_wconf 89' lang='lat' dir='ltr'>aut</span> <span class='ocrx_word' id='word_1_198' title='bbox 1302 2202 1431 2247; x_wconf 91' lang='lat' dir='ltr'>non</span> <span class='ocrx_word' id='word_1_199' title='bbox 1462 2203 1622 2261; x_wconf 87' lang='lat' dir='ltr'>esse,</span> <span class='ocrx_word' id='word_1_200' title='bbox 1645 2200 1839 2264; x_wconf 89' lang='lat' dir='ltr'>quam</span> 
     </span>
     <span class='ocr_line' id='line_1_31' title="bbox 336 2280 1837 2365; baseline -0.001 -21"><span class='ocrx_word' id='word_1_201' title='bbox 336 2282 531 2365; x_wconf 91' lang='lat' dir='ltr'>impie</span> <span class='ocrx_word' id='word_1_202' title='bbox 590 2300 799 2363; x_wconf 87' lang='lat' dir='ltr'>agere.</span> <span class='ocrx_word' id='word_1_203' title='bbox 861 2282 1166 2346; x_wconf 83' lang='lat' dir='ltr'>Absolute</span> <span class='ocrx_word' id='word_1_204' title='bbox 1222 2290 1435 2345; x_wconf 89' lang='lat' dir='ltr'>tamen</span> <span class='ocrx_word' id='word_1_205' title='bbox 1494 2280 1837 2363; x_wconf 90' lang='lat' dir='ltr'>loquendo,</span> 
     </span>
     <span class='ocr_line' id='line_1_32' title="bbox 336 2380 1838 2457; baseline -0.002 -14"><span class='ocrx_word' id='word_1_206' title='bbox 336 2400 461 2444; x_wconf 90' lang='lat' dir='ltr'>non</span> <span class='ocrx_word' id='word_1_207' title='bbox 513 2389 614 2445; x_wconf 89' lang='lat' dir='ltr'>est</span> <span class='ocrx_word' id='word_1_208' title='bbox 669 2380 901 2444; x_wconf 88' lang='lat' dir='ltr'>melius</span> <span class='ocrx_word' id='word_1_209' title='bbox 958 2389 1281 2444; x_wconf 90' lang='lat' dir='ltr'>mortuum</span> <span class='ocrx_word' id='word_1_210' title='bbox 1342 2400 1502 2457; x_wconf 86' lang='lat' dir='ltr'>esse,</span> <span class='ocrx_word' id='word_1_211' title='bbox 1552 2388 1663 2442; x_wconf 89' lang='lat' dir='ltr'>aut</span> <span class='ocrx_word' id='word_1_212' title='bbox 1710 2397 1838 2442; x_wconf 91' lang='lat' dir='ltr'>non</span> 
     </span>
     <span class='ocr_line' id='line_1_33' title="bbox 336 2479 1835 2564; baseline -0.003 -21"><span class='ocrx_word' id='word_1_213' title='bbox 336 2498 498 2557; x_wconf 84' lang='lat' dir='ltr'>esse,</span> <span class='ocrx_word' id='word_1_214' title='bbox 556 2480 781 2564; x_wconf 55' lang='lat' dir='ltr'>quams</span> <span class='ocrx_word' id='word_1_215' title='bbox 803 2480 933 2562; x_wconf 89' lang='lat' dir='ltr'>pati</span> <span class='ocrx_word' id='word_1_216' title='bbox 985 2480 1257 2562; x_wconf 88' lang='lat' dir='ltr'>injurias</span> <span class='ocrx_word' id='word_1_217' title='bbox 1304 2488 1495 2561; x_wconf 85' lang='lat' dir='ltr'>atque</span> <span class='ocrx_word' id='word_1_218' title='bbox 1551 2479 1835 2542; x_wconf 89' lang='lat' dir='ltr'>adversa.</span> 
     </span>
     <span class='ocr_line' id='line_1_34' title="bbox 338 2575 1839 2660; baseline -0.004 -19"><span class='ocrx_word' id='word_1_219' title='bbox 338 2580 489 2656; x_wconf 78' lang='lat' dir='ltr'>imo,</span> <span class='ocrx_word' id='word_1_220' title='bbox 543 2578 601 2641; x_wconf 91' lang='lat' dir='ltr'>si</span> <span class='ocrx_word' id='word_1_221' title='bbox 658 2578 1109 2660; x_wconf 70' lang='lat' dir='ltr'>aequanimiter</span> <span class='ocrx_word' id='word_1_222' title='bbox 1163 2579 1533 2653; x_wconf 88' lang='lat' dir='ltr'>tolerentur,</span> <span class='ocrx_word' id='word_1_223' title='bbox 1585 2575 1839 2639; x_wconf 88' lang='lat' dir='ltr'>beatum</span> 
     </span>
     <span class='ocr_line' id='line_1_35' title="bbox 338 2676 1841 2758; baseline -0.003 -17"><span class='ocrx_word' id='word_1_224' title='bbox 338 2686 455 2755; x_wconf 90' lang='lat' dir='ltr'>est,</span> <span class='ocrx_word' id='word_1_225' title='bbox 491 2677 661 2741; x_wconf 88' lang='lat' dir='ltr'>sicut</span> <span class='ocrx_word' id='word_1_226' title='bbox 700 2677 791 2740; x_wconf 87' lang='lat' dir='ltr'>ait</span> <span class='ocrx_word' id='word_1_227' title='bbox 832 2677 1117 2742; x_wconf 88' lang='lat' dir='ltr'>Salvator</span> <span class='ocrx_word' id='word_1_228' title='bbox 1151 2698 1165 2741; x_wconf 74' lang='grc' dir='ltr'>ε</span> <span class='ocrx_word' id='word_1_229' title='bbox 1202 2676 1371 2739; x_wconf 88' lang='lat' dir='ltr'>Beati</span> <span class='ocrx_word' id='word_1_230' title='bbox 1407 2676 1517 2758; x_wconf 91' lang='lat' dir='ltr'>qui</span> <span class='ocrx_word' id='word_1_231' title='bbox 1549 2692 1841 2757; x_wconf 88' lang='lat' dir='ltr'>persecu-</span> 
     </span>
     <span class='ocr_line' id='line_1_36' title="bbox 342 2773 1840 2859; baseline -0.003 -19"><span class='ocrx_word' id='word_1_232' title='bbox 342 2777 577 2841; x_wconf 88' lang='lat' dir='ltr'>tionem</span> <span class='ocrx_word' id='word_1_233' title='bbox 609 2778 942 2859; x_wconf 89' lang='lat' dir='ltr'>patiuntur</span> <span class='ocrx_word' id='word_1_234' title='bbox 961 2785 1223 2859; x_wconf 91' lang='lat' dir='ltr'>propter</span> <span class='ocrx_word' id='word_1_235' title='bbox 1248 2775 1575 2858; x_wconf 86' lang='lat' dir='ltr'>justitiam.</span> <span class='ocrx_word' id='word_1_236' title='bbox 1594 2773 1659 2837; x_wconf 90' lang='lat' dir='ltr'>Si</span> <span class='ocrx_word' id='word_1_237' title='bbox 1691 2792 1840 2837; x_wconf 89' lang='lat' dir='ltr'>vero</span> 
     </span>
     <span class='ocr_line' id='line_1_37' title="bbox 341 2872 1839 2957; baseline -0.004 -18"><span class='ocrx_word' id='word_1_238' title='bbox 341 2895 466 2940; x_wconf 88' lang='lat' dir='ltr'>non</span> <span class='ocrx_word' id='word_1_239' title='bbox 528 2885 699 2941; x_wconf 87' lang='lat' dir='ltr'>esset</span> <span class='ocrx_word' id='word_1_240' title='bbox 758 2875 975 2938; x_wconf 75' lang='lat' dir='ltr'>futura</span> <span class='ocrx_word' id='word_1_241' title='bbox 1020 2875 1170 2952; x_wconf 88' lang='lat' dir='ltr'>vita,</span> <span class='ocrx_word' id='word_1_242' title='bbox 1229 2874 1443 2957; x_wconf 88' lang='lat' dir='ltr'>aliquo</span> <span class='ocrx_word' id='word_1_243' title='bbox 1501 2873 1690 2936; x_wconf 92' lang='lat' dir='ltr'>modo</span> <span class='ocrx_word' id='word_1_244' title='bbox 1748 2872 1839 2934; x_wconf 87' lang='lat' dir='ltr'>sic</span> 
     </span>
     <span class='ocr_line' id='line_1_38' title="bbox 340 2970 1834 3052; baseline -0.006 -12"><span class='ocrx_word' id='word_1_245' title='bbox 340 2984 524 3040; x_wconf 89' lang='lat' dir='ltr'>esset.</span> <span class='ocrx_word' id='word_1_246' title='bbox 560 2974 860 3039; x_wconf 87' lang='lat' dir='ltr'>Salomon</span> <span class='ocrx_word' id='word_1_247' title='bbox 892 2991 1043 3037; x_wconf 88' lang='lat' dir='ltr'>vero</span> <span class='ocrx_word' id='word_1_248' title='bbox 1080 2973 1281 3035; x_wconf 90' lang='lat' dir='ltr'>multa</span> <span class='ocrx_word' id='word_1_249' title='bbox 1312 2972 1417 3036; x_wconf 89' lang='lat' dir='ltr'>hic</span> <span class='ocrx_word' id='word_1_250' title='bbox 1456 2970 1740 3052; x_wconf 89' lang='lat' dir='ltr'>loquitur</span> <span class='ocrx_word' id='word_1_251' title='bbox 1770 2970 1834 3031; x_wconf 92' lang='lat' dir='ltr'>in</span> 
     </span>
     <span class='ocr_line' id='line_1_39' title="bbox 344 3071 1562 3156; baseline -0.005 -17"><span class='ocrx_word' id='word_1_252' title='bbox 344 3075 752 3139; x_wconf 79' lang='lat' dir='ltr'>infirmorum</span> <span class='ocrx_word' id='word_1_253' title='bbox 786 3092 1079 3156; x_wconf 87' lang='lat' dir='ltr'>persona.</span> <span class='ocrx_word' id='word_1_254' title='bbox 1112 3072 1283 3135; x_wconf 76' lang='lat' dir='ltr'>Nam.</span> <span class='ocrx_word' id='word_1_255' title='bbox 1298 3071 1514 3134; x_wconf 90' lang='lat' dir='ltr'>subdit</span> <span class='ocrx_word' id='word_1_256' title='bbox 1548 3088 1562 3133; x_wconf 92' lang='lat'><strong>:</strong></span> 
     </span>
    </p>

    <p class='ocr_par' dir='ltr' id='par_1_13' title="bbox 336 3171 1839 4241">
     <span class='ocr_line' id='line_1_40' title="bbox 418 3171 1839 3253; baseline -0.006 -16"><span class='ocrx_word' id='word_1_257' title='bbox 418 3177 505 3237; x_wconf 83' lang='lat' dir='ltr'>Et</span> <span class='ocrx_word' id='word_1_258' title='bbox 531 3175 891 3253; x_wconf 82' lang='lat' dir='ltr'>feliciorem</span> <span class='ocrx_word' id='word_1_259' title='bbox 933 3182 1203 3251; x_wconf 80' lang='lat' dir='ltr'>utroque</span> <span class='ocrx_word' id='word_1_260' title='bbox 1215 3172 1530 3248; x_wconf 80' lang='lat' dir='ltr'>judicavi</span> <span class='ocrx_word' id='word_1_261' title='bbox 1558 3171 1677 3249; x_wconf 80' lang='lat' dir='ltr'>qui</span> <span class='ocrx_word' id='word_1_262' title='bbox 1703 3190 1839 3230; x_wconf 82' lang='lat' dir='ltr'>nec-</span> 
     </span>
     <span class='ocr_line' id='line_1_41' title="bbox 340 3270 1837 3350; baseline -0.005 -14"><span class='ocrx_word' id='word_1_263' title='bbox 340 3279 497 3336; x_wconf 82' lang='lat' dir='ltr'>dum</span> <span class='ocrx_word' id='word_1_264' title='bbox 535 3282 734 3334; x_wconf 72' lang='lat' dir='ltr'>natu-s</span> <span class='ocrx_word' id='word_1_265' title='bbox 772 3282 885 3344; x_wconf 75' lang='lat' dir='ltr'>est,</span> <span class='ocrx_word' id='word_1_266' title='bbox 927 3292 1043 3333; x_wconf 81' lang='lat' dir='ltr'>nec</span> <span class='ocrx_word' id='word_1_267' title='bbox 1085 3271 1257 3331; x_wconf 77' lang='lat' dir='ltr'>vidit</span> <span class='ocrx_word' id='word_1_268' title='bbox 1309 3274 1481 3331; x_wconf 85' lang='lat' dir='ltr'>mala</span> <span class='ocrx_word' id='word_1_269' title='bbox 1526 3288 1667 3350; x_wconf 79' lang='lat' dir='ltr'>quoe</span> <span class='ocrx_word' id='word_1_270' title='bbox 1720 3270 1837 3328; x_wconf 83' lang='lat' dir='ltr'>sub</span> 
     </span>
     <span class='ocr_line' id='line_1_42' title="bbox 338 3366 1839 3450; baseline -0.003 -17"><span class='ocrx_word' id='word_1_271' title='bbox 338 3377 462 3433; x_wconf 81' lang='lat' dir='ltr'>sole</span> <span class='ocrx_word' id='word_1_272' title='bbox 486 3377 685 3450; x_wconf 74' lang='lat' dir='ltr'>fiunt.</span> <span class='ocrx_word' id='word_1_273' title='bbox 717 3370 832 3433; x_wconf 89' lang='lat' dir='ltr'>Per</span> <span class='ocrx_word' id='word_1_274' title='bbox 859 3370 1141 3433; x_wconf 87' lang='lat' dir='ltr'>Necdum</span> <span class='ocrx_word' id='word_1_275' title='bbox 1173 3376 1414 3445; x_wconf 87' lang='lat' dir='ltr'>natum,</span> <span class='ocrx_word' id='word_1_276' title='bbox 1451 3376 1720 3450; x_wconf 87' lang='lat' dir='ltr'>possunt</span> <span class='ocrx_word' id='word_1_277' title='bbox 1748 3366 1839 3429; x_wconf 89' lang='lat' dir='ltr'>in·</span> 
     </span>
     <span class='ocr_line' id='line_1_43' title="bbox 341 3458 1837 3559; baseline -0.003 -26"><span class='ocrx_word' id='word_1_278' title='bbox 341 3471 537 3559; x_wconf 80' lang='lat' dir='ltr'>telligi</span> <span class='ocrx_word' id='word_1_279' title='bbox 578 3468 877 3546; x_wconf 89' lang='lat' dir='ltr'>abortivi,</span> <span class='ocrx_word' id='word_1_280' title='bbox 924 3488 1036 3532; x_wconf 90' lang='lat' dir='ltr'>seu</span> <span class='ocrx_word' id='word_1_281' title='bbox 1077 3467 1249 3531; x_wconf 78' lang='lat' dir='ltr'>fetus</span> <span class='ocrx_word' id='word_1_282' title='bbox 1286 3466 1493 3530; x_wconf 86' lang='lat' dir='ltr'>adhuc</span> <span class='ocrx_word' id='word_1_283' title='bbox 1532 3458 1837 3530; x_wconf 82' lang='lat' dir='ltr'>exsisten-</span> 
     </span>
     <span class='ocr_line' id='line_1_44' title="bbox 339 3563 1837 3647; baseline -0.004 -14"><span class='ocrx_word' id='word_1_284' title='bbox 339 3576 430 3633; x_wconf 86' lang='lat' dir='ltr'>tes</span> <span class='ocrx_word' id='word_1_285' title='bbox 474 3569 542 3631; x_wconf 89' lang='lat' dir='ltr'>in</span> <span class='ocrx_word' id='word_1_286' title='bbox 586 3575 791 3642; x_wconf 90' lang='lat' dir='ltr'>utero,</span> <span class='ocrx_word' id='word_1_287' title='bbox 825 3566 928 3630; x_wconf 88' lang='lat' dir='ltr'>vel</span> <span class='ocrx_word' id='word_1_288' title='bbox 982 3566 1095 3647; x_wconf 91' lang='lat' dir='ltr'>qui</span> <span class='ocrx_word' id='word_1_289' title='bbox 1140 3572 1350 3641; x_wconf 88' lang='lat' dir='ltr'>erunt,</span> <span class='ocrx_word' id='word_1_290' title='bbox 1384 3572 1448 3628; x_wconf 91' lang='lat' dir='ltr'>et</span> <span class='ocrx_word' id='word_1_291' title='bbox 1483 3563 1690 3629; x_wconf 88' lang='lat' dir='ltr'>adhuc</span> <span class='ocrx_word' id='word_1_292' title='bbox 1734 3582 1837 3646; x_wconf 86' lang='lat' dir='ltr'>pe-</span> 
     </span>
     <span class='ocr_line' id='line_1_45' title="bbox 338 3664 1833 3746; baseline -0.004 -15"><span class='ocrx_word' id='word_1_293' title='bbox 338 3668 507 3731; x_wconf 90' lang='lat' dir='ltr'>nitus</span> <span class='ocrx_word' id='word_1_294' title='bbox 558 3685 689 3731; x_wconf 89' lang='lat' dir='ltr'>non</span> <span class='ocrx_word' id='word_1_295' title='bbox 739 3672 910 3729; x_wconf 89' lang='lat' dir='ltr'>sunt.</span> <span class='ocrx_word' id='word_1_296' title='bbox 943 3665 1057 3728; x_wconf 87' lang='lat' dir='ltr'>Vel</span> <span class='ocrx_word' id='word_1_297' title='bbox 1102 3664 1433 3746; x_wconf 90' lang='lat' dir='ltr'>[loquitur]</span> <span class='ocrx_word' id='word_1_298' title='bbox 1484 3664 1833 3727; x_wconf 89' lang='lat' dir='ltr'>secundum</span> 
     </span>
     <span class='ocr_line' id='line_1_46' title="bbox 336 3762 1837 3849; baseline -0.005 -19"><span class='ocrx_word' id='word_1_299' title='bbox 336 3766 759 3849; x_wconf 88' lang='lat' dir='ltr'>quorumdam</span> <span class='ocrx_word' id='word_1_300' title='bbox 791 3763 1084 3827; x_wconf 82' lang='lat' dir='ltr'>haeresim</span> <span class='ocrx_word' id='word_1_301' title='bbox 1112 3782 1224 3827; x_wconf 91' lang='lat' dir='ltr'>seu</span> <span class='ocrx_word' id='word_1_302' title='bbox 1254 3780 1557 3839; x_wconf 91' lang='lat' dir='ltr'>errorem,</span> <span class='ocrx_word' id='word_1_303' title='bbox 1576 3762 1688 3843; x_wconf 89' lang='lat' dir='ltr'>qui</span> <span class='ocrx_word' id='word_1_304' title='bbox 1720 3780 1837 3843; x_wconf 90' lang='lat' dir='ltr'>pu-</span> 
     </span>
     <span class='ocr_line' id='line_1_47' title="bbox 340 3860 1838 3949; baseline -0.003 -22"><span class='ocrx_word' id='word_1_305' title='bbox 340 3873 472 3927; x_wconf 87' lang='lat' dir='ltr'>tant</span> <span class='ocrx_word' id='word_1_306' title='bbox 510 3865 763 3927; x_wconf 89' lang='lat' dir='ltr'>animas</span> <span class='ocrx_word' id='word_1_307' title='bbox 800 3881 941 3926; x_wconf 91' lang='lat' dir='ltr'>esse</span> <span class='ocrx_word' id='word_1_308' title='bbox 978 3882 1052 3925; x_wconf 91' lang='lat' dir='ltr'>ae</span> <span class='ocrx_word' id='word_1_309' title='bbox 1093 3862 1309 3949; x_wconf 81' lang='lat' dir='ltr'>vivere</span> <span class='ocrx_word' id='word_1_310' title='bbox 1350 3870 1687 3943; x_wconf 87' lang='lat' dir='ltr'>antequam</span> <span class='ocrx_word' id='word_1_311' title='bbox 1731 3860 1838 3923; x_wconf 93' lang='lat' dir='ltr'>de-</span> 
     </span>
     <span class='ocr_line' id='line_1_48' title="bbox 336 3958 1839 4044; baseline -0.005 -17"><span class='ocrx_word' id='word_1_312' title='bbox 336 3964 643 4027; x_wconf 87' lang='lat' dir='ltr'>scendant</span> <span class='ocrx_word' id='word_1_313' title='bbox 682 3962 750 4025; x_wconf 87' lang='lat' dir='ltr'>in</span> <span class='ocrx_word' id='word_1_314' title='bbox 790 3980 1079 4044; x_wconf 89' lang='lat' dir='ltr'>corpora.</span> <span class='ocrx_word' id='word_1_315' title='bbox 1123 3961 1245 4024; x_wconf 89' lang='lat' dir='ltr'>Hos</span> <span class='ocrx_word' id='word_1_316' title='bbox 1284 3959 1476 4041; x_wconf 89' lang='lat' dir='ltr'>igitur</span> <span class='ocrx_word' id='word_1_317' title='bbox 1519 3958 1839 4043; x_wconf 86' lang='lat' dir='ltr'>reputavit</span> 
     </span>
     <span class='ocr_line' id='line_1_49' title="bbox 337 4058 1839 4140; baseline -0.003 -15"><span class='ocrx_word' id='word_1_318' title='bbox 337 4062 681 4139; x_wconf 76' lang='lat' dir='ltr'>felicioreS,</span> <span class='ocrx_word' id='word_1_319' title='bbox 714 4070 825 4124; x_wconf 92' lang='lat' dir='ltr'>aut</span> <span class='ocrx_word' id='word_1_320' title='bbox 864 4061 1079 4123; x_wconf 90' lang='lat' dir='ltr'>minus</span> <span class='ocrx_word' id='word_1_321' title='bbox 1108 4060 1375 4123; x_wconf 88' lang='lat' dir='ltr'>miseros</span> <span class='ocrx_word' id='word_1_322' title='bbox 1412 4059 1541 4140; x_wconf 88' lang='lat' dir='ltr'>jam</span> <span class='ocrx_word' id='word_1_323' title='bbox 1576 4058 1741 4121; x_wconf 89' lang='lat' dir='ltr'>natis</span> <span class='ocrx_word' id='word_1_324' title='bbox 1774 4066 1839 4121; x_wconf 91' lang='lat' dir='ltr'>et</span> 
     </span>
     <span class='ocr_line' id='line_1_50' title="bbox 338 4157 1839 4241; baseline -0.003 -16"><span class='ocrx_word' id='word_1_325' title='bbox 338 4162 523 4238; x_wconf 86' lang='lat' dir='ltr'>vivis,</span> <span class='ocrx_word' id='word_1_326' title='bbox 572 4170 765 4241; x_wconf 87' lang='lat' dir='ltr'>atque</span> <span class='ocrx_word' id='word_1_327' title='bbox 814 4158 1135 4223; x_wconf 87' lang='lat' dir='ltr'>defunctis</span> <span class='ocrx_word' id='word_1_328' title='bbox 1172 4158 1373 4240; x_wconf 88' lang='lat' dir='ltr'>:quia</span> <span class='ocrx_word' id='word_1_329' title='bbox 1419 4157 1588 4222; x_wconf 88' lang='lat' dir='ltr'>mala</span> <span class='ocrx_word' id='word_1_330' title='bbox 1634 4175 1839 4239; x_wconf 81' lang='lat' dir='ltr'>poenae</span> 
     </span>
    </p>
   </div>
   <div class='ocr_carea' id='block_1_12' title="bbox 1950 1988 3448 3058">
    <p class='ocr_par' dir='ltr' id='par_1_14' title="bbox 1950 1988 3448 3058">
     <span class='ocr_line' id='line_1_51' title="bbox 1952 1988 3440 2072; baseline 0 -21"><span class='ocrx_word' id='word_1_331' title='bbox 1952 1988 2088 2052; x_wconf 89' lang='lat' dir='ltr'>beri</span> <span class='ocrx_word' id='word_1_332' title='bbox 2140 1989 2206 2050; x_wconf 91' lang='lat' dir='ltr'>in</span> <span class='ocrx_word' id='word_1_333' title='bbox 2254 1988 2386 2052; x_wconf 88' lang='lat' dir='ltr'>vita</span> <span class='ocrx_word' id='word_1_334' title='bbox 2442 1989 2761 2072; x_wconf 84' lang='lat' dir='ltr'>praesenti,</span> <span class='ocrx_word' id='word_1_335' title='bbox 2813 1990 3160 2053; x_wconf 90' lang='lat' dir='ltr'>secundum</span> <span class='ocrx_word' id='word_1_336' title='bbox 3218 2007 3440 2052; x_wconf 90' lang='lat' dir='ltr'>omnes</span> 
     </span>
     <span class='ocr_line' id='line_1_52' title="bbox 1951 2085 3440 2170; baseline -0.001 -20"><span class='ocrx_word' id='word_1_337' title='bbox 1951 2088 2241 2151; x_wconf 88' lang='lat' dir='ltr'>doctores</span> <span class='ocrx_word' id='word_1_338' title='bbox 2271 2088 2384 2168; x_wconf 93' lang='lat' dir='ltr'>qui</span> <span class='ocrx_word' id='word_1_339' title='bbox 2425 2087 2773 2170; x_wconf 89' lang='lat' dir='ltr'>loquuntur</span> <span class='ocrx_word' id='word_1_340' title='bbox 2803 2088 2883 2150; x_wconf 90' lang='lat' dir='ltr'>de</span> <span class='ocrx_word' id='word_1_341' title='bbox 2921 2085 3342 2150; x_wconf 87' lang='lat' dir='ltr'>morientibus</span> <span class='ocrx_word' id='word_1_342' title='bbox 3373 2086 3440 2148; x_wconf 91' lang='lat' dir='ltr'>in</span> 
     </span>
     <span class='ocr_line' id='line_1_53' title="bbox 1953 2184 3440 2269; baseline 0 -21"><span class='ocrx_word' id='word_1_343' title='bbox 1953 2186 2087 2249; x_wconf 92' lang='lat' dir='ltr'>solo</span> <span class='ocrx_word' id='word_1_344' title='bbox 2119 2195 2378 2267; x_wconf 84' lang='lat' dir='ltr'>peceato</span> <span class='ocrx_word' id='word_1_345' title='bbox 2408 2184 2720 2265; x_wconf 82' lang='lat' dir='ltr'>originali.</span> <span class='ocrx_word' id='word_1_346' title='bbox 2739 2185 2916 2248; x_wconf 91' lang='lat' dir='ltr'>Circa</span> <span class='ocrx_word' id='word_1_347' title='bbox 2943 2185 3063 2269; x_wconf 85' lang='lat' dir='ltr'>hoc</span> <span class='ocrx_word' id='word_1_348' title='bbox 3092 2184 3252 2263; x_wconf 91' lang='lat' dir='ltr'>dico,</span> <span class='ocrx_word' id='word_1_349' title='bbox 3270 2186 3440 2266; x_wconf 92' lang='lat' dir='ltr'>quod</span> 
     </span>
     <span class='ocr_line' id='line_1_54' title="bbox 1950 2282 3442 2365; baseline 0 -20"><span class='ocrx_word' id='word_1_350' title='bbox 1950 2284 2246 2365; x_wconf 89' lang='lat' dir='ltr'>quamvis</span> <span class='ocrx_word' id='word_1_351' title='bbox 2277 2285 2566 2347; x_wconf 88' lang='lat' dir='ltr'>doctores</span> <span class='ocrx_word' id='word_1_352' title='bbox 2598 2284 3021 2347; x_wconf 89' lang='lat' dir='ltr'>communiter</span> <span class='ocrx_word' id='word_1_353' title='bbox 3050 2284 3268 2347; x_wconf 90' lang='lat' dir='ltr'>dicant</span> <span class='ocrx_word' id='word_1_354' title='bbox 3297 2282 3442 2345; x_wconf 89' lang='lat' dir='ltr'>illos</span> 
     </span>
     <span class='ocr_line' id='line_1_55' title="bbox 1953 2381 3447 2464; baseline -0.001 -19"><span class='ocrx_word' id='word_1_355' title='bbox 1953 2402 2081 2448; x_wconf 90' lang='lat' dir='ltr'>non</span> <span class='ocrx_word' id='word_1_356' title='bbox 2127 2381 2365 2446; x_wconf 90' lang='lat' dir='ltr'>habere</span> <span class='ocrx_word' id='word_1_357' title='bbox 2422 2398 2672 2464; x_wconf 90' lang='lat' dir='ltr'>poenam</span> <span class='ocrx_word' id='word_1_358' title='bbox 2737 2382 3130 2461; x_wconf 85' lang='lat' dir='ltr'>sensibilem,</span> <span class='ocrx_word' id='word_1_359' title='bbox 3180 2402 3308 2446; x_wconf 90' lang='lat' dir='ltr'>non</span> <span class='ocrx_word' id='word_1_360' title='bbox 3359 2390 3447 2444; x_wconf 89' lang='lat' dir='ltr'>ta-</span> 
     </span>
     <span class='ocr_line' id='line_1_56' title="bbox 1951 2480 3446 2563; baseline -0.001 -17"><span class='ocrx_word' id='word_1_361' title='bbox 1951 2502 2099 2546; x_wconf 91' lang='lat' dir='ltr'>men</span> <span class='ocrx_word' id='word_1_362' title='bbox 2144 2500 2368 2546; x_wconf 89' lang='lat' dir='ltr'>omnes</span> <span class='ocrx_word' id='word_1_363' title='bbox 2415 2480 2535 2545; x_wconf 93' lang='lat' dir='ltr'>hoc</span> <span class='ocrx_word' id='word_1_364' title='bbox 2583 2480 2827 2545; x_wconf 88' lang='lat' dir='ltr'>dicunt.</span> <span class='ocrx_word' id='word_1_365' title='bbox 2863 2481 3171 2545; x_wconf 89' lang='lat' dir='ltr'>Similiter</span> <span class='ocrx_word' id='word_1_366' title='bbox 3217 2480 3285 2544; x_wconf 93' lang='lat' dir='ltr'>hi</span> <span class='ocrx_word' id='word_1_367' title='bbox 3330 2480 3446 2563; x_wconf 91' lang='lat' dir='ltr'>qui</span> 
     </span>
     <span class='ocr_line' id='line_1_57' title="bbox 1953 2579 3448 2663; baseline -0.002 -18"><span class='ocrx_word' id='word_1_368' title='bbox 1953 2582 2176 2645; x_wconf 88' lang='lat' dir='ltr'>dicunt</span> <span class='ocrx_word' id='word_1_369' title='bbox 2222 2581 2368 2643; x_wconf 92' lang='lat' dir='ltr'>illos</span> <span class='ocrx_word' id='word_1_370' title='bbox 2417 2599 2544 2643; x_wconf 91' lang='lat' dir='ltr'>non</span> <span class='ocrx_word' id='word_1_371' title='bbox 2593 2579 2828 2643; x_wconf 90' lang='lat' dir='ltr'>habere</span> <span class='ocrx_word' id='word_1_372' title='bbox 2878 2598 3130 2663; x_wconf 89' lang='lat' dir='ltr'>poenam</span> <span class='ocrx_word' id='word_1_373' title='bbox 3177 2580 3448 2644; x_wconf 89' lang='lat' dir='ltr'>sensibi-</span> 
     </span>
     <span class='ocr_line' id='line_1_58' title="bbox 1952 2678 3446 2760; baseline -0.001 -15"><span class='ocrx_word' id='word_1_374' title='bbox 1952 2678 2668 2760; x_wconf 84' lang='lat' dir='ltr'>lem,diversit&#39;icantur;</span> <span class='ocrx_word' id='word_1_375' title='bbox 2694 2698 2812 2744; x_wconf 87' lang='lat' dir='ltr'>nec</span> <span class='ocrx_word' id='word_1_376' title='bbox 2842 2698 3064 2743; x_wconf 90' lang='lat' dir='ltr'>omnes</span> <span class='ocrx_word' id='word_1_377' title='bbox 3088 2680 3310 2744; x_wconf 88' lang='lat' dir='ltr'>dicunt</span> <span class='ocrx_word' id='word_1_378' title='bbox 3338 2699 3446 2744; x_wconf 90' lang='lat' dir='ltr'>eos</span> 
     </span>
     <span class='ocr_line' id='line_1_59' title="bbox 1951 2778 3442 2860; baseline -0.002 -16"><span class='ocrx_word' id='word_1_379' title='bbox 1951 2780 2186 2844; x_wconf 89' lang='lat' dir='ltr'>hahere</span> <span class='ocrx_word' id='word_1_380' title='bbox 2231 2778 2427 2841; x_wconf 87' lang='lat' dir='ltr'>vitam</span> <span class='ocrx_word' id='word_1_381' title='bbox 2483 2778 2684 2857; x_wconf 86' lang='lat' dir='ltr'>magis</span> <span class='ocrx_word' id='word_1_382' title='bbox 2735 2778 3199 2855; x_wconf 87' lang='lat' dir='ltr'>delectabilem,</span> <span class='ocrx_word' id='word_1_383' title='bbox 3249 2797 3442 2860; x_wconf 90' lang='lat' dir='ltr'>quam</span> 
     </span>
     <span class='ocr_line' id='line_1_60' title="bbox 1950 2875 3446 2962; baseline -0.001 -20"><span class='ocrx_word' id='word_1_384' title='bbox 1950 2878 2153 2962; x_wconf 90' lang='lat' dir='ltr'>possit</span> <span class='ocrx_word' id='word_1_385' title='bbox 2182 2878 2247 2939; x_wconf 91' lang='lat' dir='ltr'>in</span> <span class='ocrx_word' id='word_1_386' title='bbox 2279 2878 2396 2940; x_wconf 87' lang='lat' dir='ltr'>hac</span> <span class='ocrx_word' id='word_1_387' title='bbox 2424 2878 2556 2938; x_wconf 86' lang='lat' dir='ltr'>vita</span> <span class='ocrx_word' id='word_1_388' title='bbox 2586 2875 2829 2939; x_wconf 91' lang='lat' dir='ltr'>haberi.</span> <span class='ocrx_word' id='word_1_389' title='bbox 2855 2876 3244 2956; x_wconf 81' lang='lat' dir='ltr'>Augustinus</span> <span class='ocrx_word' id='word_1_390' title='bbox 3275 2895 3446 2940; x_wconf 90' lang='lat' dir='ltr'>nam-</span> 
     </span>
     <span class='ocr_line' id='line_1_61' title="bbox 1950 2974 3440 3058; baseline -0.001 -19"><span class='ocrx_word' id='word_1_391' title='bbox 1950 2996 2074 3058; x_wconf 90' lang='lat' dir='ltr'>que</span> <span class='ocrx_word' id='word_1_392' title='bbox 2124 2994 2317 3057; x_wconf 87' lang='lat' dir='ltr'>super</span> <span class='ocrx_word' id='word_1_393' title='bbox 2359 2974 2688 3051; x_wconf 78' lang='lat' dir='ltr'>Ioannem,</span> <span class='ocrx_word' id='word_1_394' title='bbox 2741 2982 2804 3037; x_wconf 90' lang='lat' dir='ltr'>et</span> <span class='ocrx_word' id='word_1_395' title='bbox 2851 2974 3189 3057; x_wconf 83' lang='lat' dir='ltr'>Gregorius</span> <span class='ocrx_word' id='word_1_396' title='bbox 3247 2994 3440 3058; x_wconf 86' lang='lat' dir='ltr'>super</span> 
     </span>
    </p>
   </div>
   <div class='ocr_carea' id='block_1_13' title="bbox 1872 3071 3732 3154">
    <p class='ocr_par' dir='ltr' id='par_1_15' title="bbox 1872 3071 3732 3154">
     <span class='ocr_line' id='line_1_62' title="bbox 1872 3071 3732 3154; baseline -0.004 -10"><span class='ocrx_word' id='word_1_397' title='bbox 1872 3081 1915 3144; x_wconf 93' lang='lat' dir='ltr'>C</span> <span class='ocrx_word' id='word_1_398' title='bbox 1947 3075 2107 3139; x_wconf 89' lang='lat' dir='ltr'>illud</span> <span class='ocrx_word' id='word_1_399' title='bbox 2136 3073 2276 3151; x_wconf 83' lang='lat' dir='ltr'>Job,</span> <span class='ocrx_word' id='word_1_400' title='bbox 2297 3071 2742 3154; x_wconf 68' lang='lat' dir='ltr'>multiplicabit</span> <span class='ocrx_word' id='word_1_401' title='bbox 2770 3071 3034 3137; x_wconf 88' lang='lat' dir='ltr'>vulnera</span> <span class='ocrx_word' id='word_1_402' title='bbox 3063 3093 3225 3152; x_wconf 88' lang='lat' dir='ltr'>mea,</span> <span class='ocrx_word' id='word_1_403' title='bbox 3245 3074 3436 3137; x_wconf 90' lang='lat' dir='ltr'>etiam</span> <span class='ocrx_word' id='word_1_404' title='bbox 3491 3093 3646 3145; x_wconf 68' lang='lat' dir='ltr'>John,</span> <span class='ocrx_word' id='word_1_405' title='bbox 3666 3096 3732 3137; x_wconf 75' lang='grc' dir='ltr'>ιτ.</span> 
     </span>
    </p>
   </div>
   <div class='ocr_carea' id='block_1_14' title="bbox 1945 3170 3446 3352">
    <p class='ocr_par' dir='ltr' id='par_1_16' title="bbox 1945 3170 3446 3352">
     <span class='ocr_line' id='line_1_63' title="bbox 1946 3170 3440 3249; baseline 0 -12"><span class='ocrx_word' id='word_1_406' title='bbox 1946 3175 2085 3238; x_wconf 89' lang='lat' dir='ltr'>sine</span> <span class='ocrx_word' id='word_1_407' title='bbox 2140 3192 2352 3249; x_wconf 90' lang='lat' dir='ltr'>causa,</span> <span class='ocrx_word' id='word_1_408' title='bbox 2405 3170 2745 3235; x_wconf 77' lang='lat' dir='ltr'>manifeste</span> <span class='ocrx_word' id='word_1_409' title='bbox 2789 3171 3033 3249; x_wconf 91' lang='lat' dir='ltr'>dicunt,</span> <span class='ocrx_word' id='word_1_410' title='bbox 3087 3172 3440 3237; x_wconf 85' lang='lat' dir='ltr'>infantulos</span> 
     </span>
     <span class='ocr_line' id='line_1_64' title="bbox 1945 3270 3446 3352; baseline -0.002 -14"><span class='ocrx_word' id='word_1_411' title='bbox 1945 3275 2093 3339; x_wconf 92' lang='lat' dir='ltr'>illos</span> <span class='ocrx_word' id='word_1_412' title='bbox 2123 3273 2190 3336; x_wconf 91' lang='lat' dir='ltr'>in</span> <span class='ocrx_word' id='word_1_413' title='bbox 2222 3273 2359 3337; x_wconf 90' lang='lat' dir='ltr'>solo</span> <span class='ocrx_word' id='word_1_414' title='bbox 2389 3270 2686 3352; x_wconf 85' lang='lat' dir='ltr'>originali</span> <span class='ocrx_word' id='word_1_415' title='bbox 2709 3271 3097 3345; x_wconf 65' lang='lat' dir='ltr'>decedentes</span> <span class='ocrx_word' id='word_1_416' title='bbox 3118 3290 3246 3334; x_wconf 92' lang='lat' dir='ltr'>non</span> <span class='ocrx_word' id='word_1_417' title='bbox 3270 3273 3446 3335; x_wconf 89' lang='lat' dir='ltr'>dum-</span> 
     </span>
    </p>
   </div>
   <div class='ocr_carea' id='block_1_15' title="bbox 1944 3369 3444 3456">
    <p class='ocr_par' dir='ltr' id='par_1_17' title="bbox 1944 3369 3444 3456">
     <span class='ocr_line' id='line_1_65' title="bbox 1944 3369 3444 3456; baseline -0.003 -17"><span class='ocrx_word' id='word_1_418' title='bbox 1944 3382 2118 3439; x_wconf 85' lang='lat' dir='ltr'>taxat</span> <span class='ocrx_word' id='word_1_419' title='bbox 2149 3390 2402 3456; x_wconf 89' lang='lat' dir='ltr'>poenam</span> <span class='ocrx_word' id='word_1_420' title='bbox 2433 3369 2671 3445; x_wconf 89' lang='lat' dir='ltr'>damni,</span> <span class='ocrx_word' id='word_1_421' title='bbox 2708 3370 2815 3431; x_wconf 89' lang='lat' dir='ltr'>sed</span> <span class='ocrx_word' id='word_1_422' title='bbox 2848 3377 2912 3432; x_wconf 89' lang='lat' dir='ltr'>et</span> <span class='ocrx_word' id='word_1_423' title='bbox 2940 3386 3188 3451; x_wconf 86' lang='lat' dir='ltr'>poenam</span> <span class='ocrx_word' id='word_1_424' title='bbox 3219 3389 3444 3434; x_wconf 90' lang='lat' dir='ltr'>sensus</span> 
     </span>
    </p>
   </div>
   <div class='ocr_carea' id='block_1_16' title="bbox 1945 3466 3447 3550">
    <p class='ocr_par' dir='ltr' id='par_1_18' title="bbox 1945 3466 3447 3550">
     <span class='ocr_line' id='line_1_66' title="bbox 1945 3466 3447 3550; baseline -0.014 -12"><span class='ocrx_word' id='word_1_425' title='bbox 1945 3473 2205 3549; x_wconf 89' lang='lat' dir='ltr'>habere,</span> <span class='ocrx_word' id='word_1_426' title='bbox 2238 3478 2301 3533; x_wconf 89' lang='lat' dir='ltr'>et</span> <span class='ocrx_word' id='word_1_427' title='bbox 2347 3466 2630 3550; x_wconf 86' lang='lat' dir='ltr'>torqueri</span> <span class='ocrx_word' id='word_1_428' title='bbox 2674 3467 2755 3530; x_wconf 89' lang='lat' dir='ltr'>ab</span> <span class='ocrx_word' id='word_1_429' title='bbox 2801 3466 2968 3547; x_wconf 86' lang='lat' dir='ltr'>igne,</span> <span class='ocrx_word' id='word_1_430' title='bbox 3012 3468 3304 3549; x_wconf 89' lang='lat' dir='ltr'>quamvis</span> <span class='ocrx_word' id='word_1_431' title='bbox 3352 3470 3447 3533; x_wconf 92' lang='lat' dir='ltr'>di..</span> 
     </span>
    </p>
   </div>
   <div class='ocr_carea' id='block_1_17' title="bbox 1944 3565 3446 3650">
    <p class='ocr_par' dir='ltr' id='par_1_19' title="bbox 1944 3565 3446 3650">
     <span class='ocr_line' id='line_1_67' title="bbox 1944 3565 3446 3650; baseline -0.004 -14"><span class='ocrx_word' id='word_1_432' title='bbox 1944 3570 2299 3637; x_wconf 88' lang='lat' dir='ltr'>cantillam</span> <span class='ocrx_word' id='word_1_433' title='bbox 2344 3583 2600 3650; x_wconf 90' lang='lat' dir='ltr'>poenam</span> <span class='ocrx_word' id='word_1_434' title='bbox 2638 3584 2776 3629; x_wconf 89' lang='lat' dir='ltr'>esse</span> <span class='ocrx_word' id='word_1_435' title='bbox 2815 3565 3244 3646; x_wconf 88' lang='lat' dir='ltr'>mitissimam,</span> <span class='ocrx_word' id='word_1_436' title='bbox 3279 3587 3446 3633; x_wconf 90' lang='lat' dir='ltr'>com-</span> 
     </span>
    </p>
   </div>
   <div class='ocr_carea' id='block_1_18' title="bbox 1945 3663 3449 4241">
    <p class='ocr_par' dir='ltr' id='par_1_20' title="bbox 1945 3663 3449 4241">
     <span class='ocr_line' id='line_1_68' title="bbox 1947 3663 3445 3754; baseline -0.002 -22"><span class='ocrx_word' id='word_1_437' title='bbox 1947 3669 2278 3754; x_wconf 90' lang='lat' dir='ltr'>paratione</span> <span class='ocrx_word' id='word_1_438' title='bbox 2325 3684 2544 3729; x_wconf 90' lang='lat' dir='ltr'>eorum</span> <span class='ocrx_word' id='word_1_439' title='bbox 2589 3664 2702 3745; x_wconf 93' lang='lat' dir='ltr'>qui</span> <span class='ocrx_word' id='word_1_440' title='bbox 2747 3663 2815 3726; x_wconf 91' lang='lat' dir='ltr'>in</span> <span class='ocrx_word' id='word_1_441' title='bbox 2856 3664 3108 3727; x_wconf 90' lang='lat' dir='ltr'>mortali</span> <span class='ocrx_word' id='word_1_442' title='bbox 3159 3665 3445 3732; x_wconf 87' lang='lat' dir='ltr'>defuncti</span> 
     </span>
     <span class='ocr_line' id='line_1_69' title="bbox 1945 3762 3446 3846; baseline -0.001 -15"><span class='ocrx_word' id='word_1_443' title='bbox 1945 3776 2116 3832; x_wconf 92' lang='lat' dir='ltr'>sunt.</span> <span class='ocrx_word' id='word_1_444' title='bbox 2151 3766 2347 3841; x_wconf 92' lang='lat' dir='ltr'>Quam</span> <span class='ocrx_word' id='word_1_445' title='bbox 2379 3762 2746 3846; x_wconf 88' lang='lat' dir='ltr'>opinionem</span> <span class='ocrx_word' id='word_1_446' title='bbox 2788 3762 3078 3843; x_wconf 87' lang='lat' dir='ltr'>sequitur</span> <span class='ocrx_word' id='word_1_447' title='bbox 3105 3762 3446 3829; x_wconf 88' lang='lat' dir='ltr'>Ubertinus</span> 
     </span>
     <span class='ocr_line' id='line_1_70' title="bbox 1948 3859 3446 3929; baseline 0 0"><span class='ocrx_word' id='word_1_448' title='bbox 1948 3866 2015 3929; x_wconf 91' lang='lat' dir='ltr'>in</span> <span class='ocrx_word' id='word_1_449' title='bbox 2059 3864 2228 3928; x_wconf 90' lang='lat' dir='ltr'>libro</span> <span class='ocrx_word' id='word_1_450' title='bbox 2267 3881 2384 3926; x_wconf 92' lang='lat' dir='ltr'>suo</span> <span class='ocrx_word' id='word_1_451' title='bbox 2422 3863 2502 3925; x_wconf 87' lang='lat' dir='ltr'>de</span> <span class='ocrx_word' id='word_1_452' title='bbox 2529 3860 2672 3923; x_wconf 87' lang='lat' dir='ltr'>Vita</span> <span class='ocrx_word' id='word_1_453' title='bbox 2709 3859 3075 3924; x_wconf 90' lang='lat' dir='ltr'>Salvatoris.</span> <span class='ocrx_word' id='word_1_454' title='bbox 3108 3862 3298 3926; x_wconf 91' lang='lat' dir='ltr'>Porro</span> <span class='ocrx_word' id='word_1_455' title='bbox 3335 3864 3446 3929; x_wconf 91' lang='lat' dir='ltr'>Bo-</span> 
     </span>
     <span class='ocr_line' id='line_1_71' title="bbox 1947 3958 3449 4044; baseline -0.003 -15"><span class='ocrx_word' id='word_1_456' title='bbox 1947 3971 2302 4029; x_wconf 90' lang='lat' dir='ltr'>naventura</span> <span class='ocrx_word' id='word_1_457' title='bbox 2324 3980 2515 4044; x_wconf 88' lang='lat' dir='ltr'>super</span> <span class='ocrx_word' id='word_1_458' title='bbox 2537 3967 2836 4041; x_wconf 88' lang='lat' dir='ltr'>quartum</span> <span class='ocrx_word' id='word_1_459' title='bbox 2866 3958 3332 4023; x_wconf 90' lang='lat' dir='ltr'>Sententiarum</span> <span class='ocrx_word' id='word_1_460' title='bbox 3359 3963 3449 4025; x_wconf 91' lang='lat' dir='ltr'>di-</span> 
     </span>
     <span class='ocr_line' id='line_1_72' title="bbox 1950 4057 3449 4140; baseline -0.002 -13"><span class='ocrx_word' id='word_1_461' title='bbox 1950 4064 2060 4140; x_wconf 89' lang='lat' dir='ltr'>cit,</span> <span class='ocrx_word' id='word_1_462' title='bbox 2096 4060 2246 4125; x_wconf 90' lang='lat' dir='ltr'>illos</span> <span class='ocrx_word' id='word_1_463' title='bbox 2277 4060 2368 4123; x_wconf 89' lang='lat' dir='ltr'>sic</span> <span class='ocrx_word' id='word_1_464' title='bbox 2401 4067 2706 4134; x_wconf 80' lang='lat' dir='ltr'>mortuoS,</span> <span class='ocrx_word' id='word_1_465' title='bbox 2742 4076 2881 4120; x_wconf 87' lang='lat' dir='ltr'>esse</span> <span class='ocrx_word' id='word_1_466' title='bbox 2913 4057 2981 4120; x_wconf 92' lang='lat' dir='ltr'>in</span> <span class='ocrx_word' id='word_1_467' title='bbox 3013 4059 3286 4140; x_wconf 88' lang='lat' dir='ltr'>quodam</span> <span class='ocrx_word' id='word_1_468' title='bbox 3318 4078 3449 4124; x_wconf 89' lang='lat' dir='ltr'>me-</span> 
     </span>
     <span class='ocr_line' id='line_1_73' title="bbox 1948 4157 3448 4241; baseline -0.001 -16"><span class='ocrx_word' id='word_1_469' title='bbox 1948 4162 2054 4225; x_wconf 90' lang='lat' dir='ltr'>dio</span> <span class='ocrx_word' id='word_1_470' title='bbox 2097 4161 2267 4224; x_wconf 90' lang='lat' dir='ltr'>inter</span> <span class='ocrx_word' id='word_1_471' title='bbox 2303 4158 2606 4240; x_wconf 88' lang='lat' dir='ltr'>gaudium</span> <span class='ocrx_word' id='word_1_472' title='bbox 2643 4165 2707 4220; x_wconf 89' lang='lat' dir='ltr'>et</span> <span class='ocrx_word' id='word_1_473' title='bbox 2745 4173 3107 4235; x_wconf 89' lang='lat' dir='ltr'>moerorem,</span> <span class='ocrx_word' id='word_1_474' title='bbox 3153 4157 3240 4221; x_wconf 91' lang='lat' dir='ltr'>ita</span> <span class='ocrx_word' id='word_1_475' title='bbox 3275 4160 3448 4241; x_wconf 90' lang='lat' dir='ltr'>quod</span> 
     </span>
    </p>
   </div>
   <div class='ocr_carea' id='block_1_19' title="bbox 336 4255 3449 4341">
    <p class='ocr_par' dir='ltr' id='par_1_21' title="bbox 336 4255 3449 4341">
     <span class='ocr_line' id='line_1_74' title="bbox 336 4255 3449 4341; baseline -0.001 -18"><span class='ocrx_word' id='word_1_476' title='bbox 336 4269 397 4323; x_wconf 89' lang='lat' dir='ltr'>et</span> <span class='ocrx_word' id='word_1_477' title='bbox 424 4260 631 4341; x_wconf 81' lang='lat' dir='ltr'>culpae</span> <span class='ocrx_word' id='word_1_478' title='bbox 656 4259 851 4340; x_wconf 84' lang='lat' dir='ltr'>hujus</span> <span class='ocrx_word' id='word_1_479' title='bbox 876 4257 1025 4323; x_wconf 81' lang='lat' dir='ltr'>vitae</span> <span class='ocrx_word' id='word_1_480' title='bbox 1050 4257 1292 4339; x_wconf 85' lang='lat' dir='ltr'>experti</span> <span class='ocrx_word' id='word_1_481' title='bbox 1326 4275 1453 4320; x_wconf 88' lang='lat' dir='ltr'>non</span> <span class='ocrx_word' id='word_1_482' title='bbox 1478 4255 1835 4330; x_wconf 86' lang='lat' dir='ltr'>sunt.Qu0d</span> <span class='ocrx_word' id='word_1_483' title='bbox 1869 4262 1921 4324; x_wconf 92' lang='lat' dir='ltr'>D</span> <span class='ocrx_word' id='word_1_484' title='bbox 1951 4281 2071 4325; x_wconf 85' lang='lat' dir='ltr'>nec</span> <span class='ocrx_word' id='word_1_485' title='bbox 2128 4260 2609 4334; x_wconf 88' lang='lat' dir='ltr'>contristantur,</span> <span class='ocrx_word' id='word_1_486' title='bbox 2675 4275 2793 4320; x_wconf 89' lang='lat' dir='ltr'>nee</span> <span class='ocrx_word' id='word_1_487' title='bbox 2859 4255 3275 4335; x_wconf 88' lang='lat' dir='ltr'>delectantur,</span> <span class='ocrx_word' id='word_1_488' title='bbox 3337 4259 3449 4321; x_wconf 90' lang='lat' dir='ltr'>sed</span> 
     </span>
    </p>
   </div>
   <div class='ocr_carea' id='block_1_20' title="bbox 336 4353 1843 5426">
    <p class='ocr_par' dir='ltr' id='par_1_22' title="bbox 336 4353 1843 5426">
     <span class='ocr_line' id='line_1_75' title="bbox 340 4353 1841 4435; baseline -0.003 -14"><span class='ocrx_word' id='word_1_489' title='bbox 340 4368 549 4423; x_wconf 89' lang='lat' dir='ltr'>tamen</span> <span class='ocrx_word' id='word_1_490' title='bbox 588 4356 880 4421; x_wconf 85' lang='lat' dir='ltr'>absolute</span> <span class='ocrx_word' id='word_1_491' title='bbox 912 4356 999 4419; x_wconf 90' lang='lat' dir='ltr'>ita</span> <span class='ocrx_word' id='word_1_492' title='bbox 1038 4375 1166 4419; x_wconf 88' lang='lat' dir='ltr'>non</span> <span class='ocrx_word' id='word_1_493' title='bbox 1208 4364 1323 4433; x_wconf 89' lang='lat' dir='ltr'>est,</span> <span class='ocrx_word' id='word_1_494' title='bbox 1360 4353 1483 4418; x_wconf 91' lang='lat' dir='ltr'>nisi</span> <span class='ocrx_word' id='word_1_495' title='bbox 1527 4353 1841 4435; x_wconf 88' lang='lat' dir='ltr'>intelliga-</span> 
     </span>
     <span class='ocr_line' id='line_1_76' title="bbox 336 4452 1841 4521; baseline -0.005 0"><span class='ocrx_word' id='word_1_496' title='bbox 336 4466 435 4521; x_wconf 90' lang='lat' dir='ltr'>tur</span> <span class='ocrx_word' id='word_1_497' title='bbox 474 4458 555 4520; x_wconf 90' lang='lat' dir='ltr'>de</span> <span class='ocrx_word' id='word_1_498' title='bbox 592 4455 747 4520; x_wconf 91' lang='lat' dir='ltr'>solis</span> <span class='ocrx_word' id='word_1_499' title='bbox 788 4455 1039 4519; x_wconf 83' lang='lat' dir='ltr'>vitiosis</span> <span class='ocrx_word' id='word_1_500' title='bbox 1089 4454 1256 4518; x_wconf 88' lang='lat' dir='ltr'>vivis</span> <span class='ocrx_word' id='word_1_501' title='bbox 1295 4473 1368 4517; x_wconf 88' lang='lat' dir='ltr'>ae</span> <span class='ocrx_word' id='word_1_502' title='bbox 1411 4452 1701 4517; x_wconf 91' lang='lat' dir='ltr'>mortuis.</span> <span class='ocrx_word' id='word_1_503' title='bbox 1749 4452 1841 4514; x_wconf 90' lang='lat' dir='ltr'>Si·-</span> 
     </span>
     <span class='ocr_line' id='line_1_77' title="bbox 336 4551 1840 4641; baseline -0.005 -20"><span class='ocrx_word' id='word_1_504' title='bbox 336 4556 600 4641; x_wconf 89' lang='lat' dir='ltr'>quidem</span> <span class='ocrx_word' id='word_1_505' title='bbox 632 4555 802 4618; x_wconf 88' lang='lat' dir='ltr'>mala</span> <span class='ocrx_word' id='word_1_506' title='bbox 829 4553 1035 4635; x_wconf 85' lang='lat' dir='ltr'>culpae</span> <span class='ocrx_word' id='word_1_507' title='bbox 1067 4561 1217 4615; x_wconf 89' lang='lat' dir='ltr'>sunt</span> <span class='ocrx_word' id='word_1_508' title='bbox 1246 4552 1523 4615; x_wconf 88' lang='lat' dir='ltr'>maxima</span> <span class='ocrx_word' id='word_1_509' title='bbox 1552 4551 1742 4627; x_wconf 88' lang='lat' dir='ltr'>mala,</span> <span class='ocrx_word' id='word_1_510' title='bbox 1776 4558 1840 4614; x_wconf 90' lang='lat' dir='ltr'>et</span> 
     </span>
     <span class='ocr_line' id='line_1_78' title="bbox 338 4650 1842 4733; baseline -0.005 -13"><span class='ocrx_word' id='word_1_511' title='bbox 338 4674 587 4720; x_wconf 89' lang='lat' dir='ltr'>summe</span> <span class='ocrx_word' id='word_1_512' title='bbox 618 4651 1095 4718; x_wconf 84' lang='lat' dir='ltr'>abominabilia.</span> <span class='ocrx_word' id='word_1_513' title='bbox 1118 4651 1377 4733; x_wconf 90' lang='lat' dir='ltr'>Propter</span> <span class='ocrx_word' id='word_1_514' title='bbox 1404 4651 1575 4732; x_wconf 92' lang='lat' dir='ltr'>quod</span> <span class='ocrx_word' id='word_1_515' title='bbox 1604 4650 1842 4714; x_wconf 85' lang='lat' dir='ltr'>Seneca</span> 
     </span>
     <span class='ocr_line' id='line_1_79' title="bbox 343 4748 1841 4819; baseline -0.005 0"><span class='ocrx_word' id='word_1_516' title='bbox 343 4756 405 4819; x_wconf 88' lang='lat' dir='ltr'>in</span> <span class='ocrx_word' id='word_1_517' title='bbox 456 4755 593 4818; x_wconf 90' lang='lat' dir='ltr'>suis</span> <span class='ocrx_word' id='word_1_518' title='bbox 644 4760 912 4815; x_wconf 87' lang='lat' dir='ltr'>testatur</span> <span class='ocrx_word' id='word_1_519' title='bbox 958 4749 1317 4814; x_wconf 86' lang='lat' dir='ltr'>Proverbiis</span> <span class='ocrx_word' id='word_1_520' title='bbox 1362 4767 1376 4811; x_wconf 90' lang='lat'><strong>:</strong></span> <span class='ocrx_word' id='word_1_521' title='bbox 1425 4748 1841 4812; x_wconf 85' lang='lat' dir='ltr'>Tolerabilior</span> 
     </span>
     <span class='ocr_line' id='line_1_80' title="bbox 338 4848 1843 4937; baseline -0.004 -19"><span class='ocrx_word' id='word_1_522' title='bbox 338 4854 575 4937; x_wconf 89' lang='lat' dir='ltr'>estqui</span> <span class='ocrx_word' id='word_1_523' title='bbox 606 4852 771 4917; x_wconf 88' lang='lat' dir='ltr'>mori</span> <span class='ocrx_word' id='word_1_524' title='bbox 808 4850 1011 4934; x_wconf 87' lang='lat' dir='ltr'>jubet,</span> <span class='ocrx_word' id='word_1_525' title='bbox 1045 4868 1237 4931; x_wconf 87' lang='lat' dir='ltr'>quam</span> <span class='ocrx_word' id='word_1_526' title='bbox 1267 4848 1381 4932; x_wconf 92' lang='lat' dir='ltr'>qui</span> <span class='ocrx_word' id='word_1_527' title='bbox 1422 4850 1587 4911; x_wconf 89' lang='lat' dir='ltr'>male</span> <span class='ocrx_word' id='word_1_528' title='bbox 1626 4848 1843 4913; x_wconf 80' lang='lat' dir='ltr'>vivere·</span> 
     </span>
     <span class='ocr_line' id='line_1_81' title="bbox 341 4946 1836 5037; baseline -0.005 -20"><span class='ocrx_word' id='word_1_529' title='bbox 341 4952 667 5037; x_wconf 80' lang='lat' dir='ltr'>praecipit3</span> <span class='ocrx_word' id='word_1_530' title='bbox 709 4952 1017 5032; x_wconf 90' lang='lat' dir='ltr'>itemque,</span> <span class='ocrx_word' id='word_1_531' title='bbox 1051 4946 1467 5012; x_wconf 89' lang='lat' dir='ltr'>Tolerabilior</span> <span class='ocrx_word' id='word_1_532' title='bbox 1497 4963 1685 5029; x_wconf 88' lang='lat' dir='ltr'>poena</span> <span class='ocrx_word' id='word_1_533' title='bbox 1719 4957 1836 5026; x_wconf 87' lang='lat' dir='ltr'>est,</span> 
     </span>
     <span class='ocr_line' id='line_1_82' title="bbox 341 5046 1839 5131; baseline -0.004 -15"><span class='ocrx_word' id='word_1_534' title='bbox 341 5054 557 5116; x_wconf 86' lang='lat' dir='ltr'>vivere</span> <span class='ocrx_word' id='word_1_535' title='bbox 586 5069 715 5119; x_wconf 87' lang='lat' dir='ltr'>non</span> <span class='ocrx_word' id='word_1_536' title='bbox 744 5066 955 5131; x_wconf 89' lang='lat' dir='ltr'>posse,</span> <span class='ocrx_word' id='word_1_537' title='bbox 979 5067 1169 5130; x_wconf 91' lang='lat' dir='ltr'>quam</span> <span class='ocrx_word' id='word_1_538' title='bbox 1202 5046 1469 5124; x_wconf 89' lang='lat' dir='ltr'>nescire,</span> <span class='ocrx_word' id='word_1_539' title='bbox 1497 5046 1557 5109; x_wconf 91' lang='lat' dir='ltr'>id</span> <span class='ocrx_word' id='word_1_540' title='bbox 1589 5054 1685 5109; x_wconf 91' lang='lat' dir='ltr'>est</span> <span class='ocrx_word' id='word_1_541' title='bbox 1712 5066 1839 5112; x_wconf 91' lang='lat' dir='ltr'>non</span> 
     </span>
     <span class='ocr_line' id='line_1_83' title="bbox 343 5144 1835 5215; baseline -0.003 -2"><span class='ocrx_word' id='word_1_542' title='bbox 343 5151 503 5215; x_wconf 88' lang='lat' dir='ltr'>scire</span> <span class='ocrx_word' id='word_1_543' title='bbox 532 5149 751 5215; x_wconf 84' lang='lat' dir='ltr'>vivere</span> <span class='ocrx_word' id='word_1_544' title='bbox 782 5147 961 5210; x_wconf 86' lang='lat' dir='ltr'>bene.</span> <span class='ocrx_word' id='word_1_545' title='bbox 975 5146 1147 5209; x_wconf 89' lang='lat' dir='ltr'>Plato</span> <span class='ocrx_word' id='word_1_546' title='bbox 1178 5146 1366 5209; x_wconf 89' lang='lat' dir='ltr'>etiam</span> <span class='ocrx_word' id='word_1_547' title='bbox 1394 5145 1460 5208; x_wconf 92' lang='lat' dir='ltr'>in</span> <span class='ocrx_word' id='word_1_548' title='bbox 1491 5144 1835 5209; x_wconf 84' lang='lat' dir='ltr'>Phaedone:</span> 
     </span>
     <span class='ocr_line' id='line_1_84' title="bbox 342 5244 1840 5329; baseline -0.003 -16"><span class='ocrx_word' id='word_1_549' title='bbox 342 5250 405 5315; x_wconf 91' lang='lat' dir='ltr'>Si</span> <span class='ocrx_word' id='word_1_550' title='bbox 435 5250 675 5325; x_wconf 89' lang='lat' dir='ltr'>anima,</span> <span class='ocrx_word' id='word_1_551' title='bbox 695 5245 930 5329; x_wconf 88' lang='lat' dir='ltr'>inquit,</span> <span class='ocrx_word' id='word_1_552' title='bbox 951 5254 1305 5309; x_wconf 87' lang='lat' dir='ltr'>moreretur</span> <span class='ocrx_word' id='word_1_553' title='bbox 1335 5244 1401 5307; x_wconf 92' lang='lat' dir='ltr'>in</span> <span class='ocrx_word' id='word_1_554' title='bbox 1432 5264 1719 5328; x_wconf 87' lang='lat' dir='ltr'>corpore,</span> <span class='ocrx_word' id='word_1_555' title='bbox 1745 5246 1840 5309; x_wconf 94' lang='lat' dir='ltr'>lu-</span> 
     </span>
     <span class='ocr_line' id='line_1_85' title="bbox 342 5342 1837 5426; baseline -0.003 -13"><span class='ocrx_word' id='word_1_556' title='bbox 342 5368 519 5413; x_wconf 84' lang='lat' dir='ltr'>crum</span> <span class='ocrx_word' id='word_1_557' title='bbox 550 5346 889 5412; x_wconf 79' lang='lat' dir='ltr'>inventum</span> <span class='ocrx_word' id='word_1_558' title='bbox 930 5351 1097 5407; x_wconf 88' lang='lat' dir='ltr'>esset</span> <span class='ocrx_word' id='word_1_559' title='bbox 1134 5342 1377 5426; x_wconf 89' lang='lat' dir='ltr'>iniquis</span> <span class='ocrx_word' id='word_1_560' title='bbox 1418 5344 1837 5408; x_wconf 90' lang='lat' dir='ltr'>morientibus</span> 
     </span>
    </p>
   </div>
   <div class='ocr_carea' id='block_1_21' title="bbox 1949 4354 3620 5437">
    <p class='ocr_par' dir='ltr' id='par_1_23' title="bbox 1949 4354 3447 5014">
     <span class='ocr_line' id='line_1_86' title="bbox 1950 4354 3444 4439; baseline -0.002 -17"><span class='ocrx_word' id='word_1_561' title='bbox 1950 4366 2212 4422; x_wconf 89' lang='lat' dir='ltr'>manent</span> <span class='ocrx_word' id='word_1_562' title='bbox 2241 4356 2424 4439; x_wconf 88' lang='lat' dir='ltr'>quasi</span> <span class='ocrx_word' id='word_1_563' title='bbox 2467 4356 2532 4418; x_wconf 93' lang='lat' dir='ltr'>in</span> <span class='ocrx_word' id='word_1_564' title='bbox 2573 4354 2908 4436; x_wconf 82' lang='lat' dir='ltr'>aequilibra</span> <span class='ocrx_word' id='word_1_565' title='bbox 2939 4355 3210 4437; x_wconf 90' lang='lat' dir='ltr'>quadam</span> <span class='ocrx_word' id='word_1_566' title='bbox 3247 4374 3262 4418; x_wconf 89' lang='lat'><strong>:</strong></span> <span class='ocrx_word' id='word_1_567' title='bbox 3293 4358 3444 4419; x_wconf 90' lang='lat' dir='ltr'>dum</span> 
     </span>
     <span class='ocr_line' id='line_1_87' title="bbox 1949 4452 3444 4537; baseline -0.001 -18"><span class='ocrx_word' id='word_1_568' title='bbox 1949 4476 2025 4520; x_wconf 85' lang='lat' dir='ltr'>ex</span> <span class='ocrx_word' id='word_1_569' title='bbox 2068 4475 2198 4518; x_wconf 89' lang='lat' dir='ltr'>una</span> <span class='ocrx_word' id='word_1_570' title='bbox 2239 4462 2420 4537; x_wconf 88' lang='lat' dir='ltr'>parte</span> <span class='ocrx_word' id='word_1_571' title='bbox 2465 4471 2592 4517; x_wconf 90' lang='lat' dir='ltr'>non</span> <span class='ocrx_word' id='word_1_572' title='bbox 2640 4452 3120 4531; x_wconf 88' lang='lat' dir='ltr'>contristantur,</span> <span class='ocrx_word' id='word_1_573' title='bbox 3164 4473 3240 4518; x_wconf 90' lang='lat' dir='ltr'>eo</span> <span class='ocrx_word' id='word_1_574' title='bbox 3276 4457 3444 4536; x_wconf 92' lang='lat' dir='ltr'>quod</span> 
     </span>
     <span class='ocr_line' id='line_1_88' title="bbox 1951 4553 3446 4636; baseline -0.001 -17"><span class='ocrx_word' id='word_1_575' title='bbox 1951 4554 2423 4619; x_wconf 88' lang='lat' dir='ltr'>damnationem</span> <span class='ocrx_word' id='word_1_576' title='bbox 2469 4561 2841 4634; x_wconf 85' lang='lat' dir='ltr'>evaserunt3</span> <span class='ocrx_word' id='word_1_577' title='bbox 2875 4562 2938 4616; x_wconf 90' lang='lat' dir='ltr'>et</span> <span class='ocrx_word' id='word_1_578' title='bbox 2981 4574 3058 4617; x_wconf 80' lang='lat' dir='ltr'>ex</span> <span class='ocrx_word' id='word_1_579' title='bbox 3097 4553 3221 4617; x_wconf 88' lang='lat' dir='ltr'>alia</span> <span class='ocrx_word' id='word_1_580' title='bbox 3268 4562 3446 4636; x_wconf 86' lang='lat' dir='ltr'>parte</span> 
     </span>
     <span class='ocr_line' id='line_1_89' title="bbox 1951 4650 3447 4735; baseline -0.003 -16"><span class='ocrx_word' id='word_1_581' title='bbox 1951 4674 2079 4719; x_wconf 91' lang='lat' dir='ltr'>non</span> <span class='ocrx_word' id='word_1_582' title='bbox 2135 4654 2434 4733; x_wconf 88' lang='lat' dir='ltr'>gaudent,</span> <span class='ocrx_word' id='word_1_583' title='bbox 2489 4652 2641 4735; x_wconf 91' lang='lat' dir='ltr'>quia</span> <span class='ocrx_word' id='word_1_584' title='bbox 2699 4650 3158 4716; x_wconf 86' lang='lat' dir='ltr'>beatitudinem</span> <span class='ocrx_word' id='word_1_585' title='bbox 3218 4652 3447 4717; x_wconf 85' lang='lat' dir='ltr'>amise-</span> 
     </span>
     <span class='ocr_line' id='line_1_90' title="bbox 1950 4751 3438 4833; baseline 0 -18"><span class='ocrx_word' id='word_1_586' title='bbox 1950 4761 2121 4816; x_wconf 90' lang='lat' dir='ltr'>runt.</span> <span class='ocrx_word' id='word_1_587' title='bbox 2157 4753 2607 4815; x_wconf 85' lang='lat' dir='ltr'>Verumtamen</span> <span class='ocrx_word' id='word_1_588' title='bbox 2653 4751 2718 4813; x_wconf 90' lang='lat' dir='ltr'>in</span> <span class='ocrx_word' id='word_1_589' title='bbox 2765 4760 3038 4833; x_wconf 86' lang='lat' dir='ltr'>utroque</span> <span class='ocrx_word' id='word_1_590' title='bbox 3080 4752 3199 4815; x_wconf 88' lang='lat' dir='ltr'>hoc</span> <span class='ocrx_word' id='word_1_591' title='bbox 3245 4751 3438 4829; x_wconf 89' lang='lat' dir='ltr'>dicto,</span> 
     </span>
     <span class='ocr_line' id='line_1_91' title="bbox 1950 4849 3444 4931; baseline -0.003 -15"><span class='ocrx_word' id='word_1_592' title='bbox 1950 4851 2276 4916; x_wconf 89' lang='lat' dir='ltr'>communi</span> <span class='ocrx_word' id='word_1_593' title='bbox 2314 4851 2644 4914; x_wconf 89' lang='lat' dir='ltr'>doctorum</span> <span class='ocrx_word' id='word_1_594' title='bbox 2683 4850 3014 4913; x_wconf 61' lang='lat' dir='ltr'>sententias</span> <span class='ocrx_word' id='word_1_595' title='bbox 3052 4849 3251 4931; x_wconf 87' lang='lat' dir='ltr'>magis</span> <span class='ocrx_word' id='word_1_596' title='bbox 3294 4868 3444 4914; x_wconf 90' lang='lat' dir='ltr'>eon-</span> 
     </span>
     <span class='ocr_line' id='line_1_92' title="bbox 1950 4950 2176 5014; baseline -0.009 0"><span class='ocrx_word' id='word_1_597' title='bbox 1950 4950 2176 5014; x_wconf 90' lang='lat' dir='ltr'>sentio.</span> 
     </span>
    </p>

    <p class='ocr_par' dir='ltr' id='par_1_24' title="bbox 1949 5050 3620 5437">
     <span class='ocr_line' id='line_1_93' title="bbox 2017 5050 3620 5126; baseline 0.001 -14"><span class='ocrx_word' id='word_1_598' title='bbox 2017 5054 2270 5112; x_wconf 77' lang='lat' dir='ltr'>Rursus</span> <span class='ocrx_word' id='word_1_599' title='bbox 2297 5052 2761 5126; x_wconf 74' lang='lat' dir='ltr'>contemplatus</span> <span class='ocrx_word' id='word_1_600' title='bbox 2787 5068 2930 5109; x_wconf 82' lang='lat' dir='ltr'>sum</span> <span class='ocrx_word' id='word_1_601' title='bbox 2959 5067 3173 5109; x_wconf 80' lang='lat' dir='ltr'>omnes</span> <span class='ocrx_word' id='word_1_602' title='bbox 3203 5050 3441 5109; x_wconf 57' lang='lat' dir='ltr'>labores</span> <span class='ocrx_word' id='word_1_603' title='bbox 3583 5056 3620 5113; x_wconf 66' lang='lat'>4</span> 
     </span>
     <span class='ocr_line' id='line_1_94' title="bbox 1949 5143 3436 5226; baseline -0.001 -17"><span class='ocrx_word' id='word_1_604' title='bbox 1949 5149 2312 5217; x_wconf 75' lang='lat' dir='ltr'>homimem,</span> <span class='ocrx_word' id='word_1_605' title='bbox 2362 5144 2426 5207; x_wconf 92' lang='lat' dir='ltr'>id</span> <span class='ocrx_word' id='word_1_606' title='bbox 2486 5154 2581 5208; x_wconf 91' lang='lat' dir='ltr'>est</span> <span class='ocrx_word' id='word_1_607' title='bbox 2626 5145 2930 5226; x_wconf 89' lang='lat' dir='ltr'>quosdam</span> <span class='ocrx_word' id='word_1_608' title='bbox 2993 5146 3072 5207; x_wconf 90' lang='lat' dir='ltr'>de</span> <span class='ocrx_word' id='word_1_609' title='bbox 3118 5143 3436 5217; x_wconf 81' lang='lat' dir='ltr'>omnibuS‚</span> 
     </span>
     <span class='ocr_line' id='line_1_95' title="bbox 1950 5243 3440 5325; baseline -0.003 -16"><span class='ocrx_word' id='word_1_610' title='bbox 1950 5266 2059 5309; x_wconf 91' lang='lat' dir='ltr'>seu</span> <span class='ocrx_word' id='word_1_611' title='bbox 2104 5263 2325 5309; x_wconf 90' lang='lat' dir='ltr'>omnes</span> <span class='ocrx_word' id='word_1_612' title='bbox 2371 5243 2436 5305; x_wconf 91' lang='lat' dir='ltr'>in</span> <span class='ocrx_word' id='word_1_613' title='bbox 2478 5260 2748 5323; x_wconf 79' lang='lat' dir='ltr'>gener03</span> <span class='ocrx_word' id='word_1_614' title='bbox 2791 5252 2851 5303; x_wconf 77' lang='lat' dir='ltr'>et</span> <span class='ocrx_word' id='word_1_615' title='bbox 2895 5244 3281 5312; x_wconf 76' lang='lat' dir='ltr'>industrias,</span> <span class='ocrx_word' id='word_1_616' title='bbox 3326 5262 3440 5325; x_wconf 91' lang='lat' dir='ltr'>per</span> 
     </span>
     <span class='ocr_line' id='line_1_96' title="bbox 1950 5340 3433 5437; baseline -0.002 -29"><span class='ocrx_word' id='word_1_617' title='bbox 1950 5364 2108 5437; x_wconf 79' lang='lat' dir='ltr'>quas</span> <span class='ocrx_word' id='word_1_618' title='bbox 2157 5342 2499 5407; x_wconf 88' lang='lat' dir='ltr'>intendunt</span> <span class='ocrx_word' id='word_1_619' title='bbox 2540 5360 2612 5405; x_wconf 87' lang='lat' dir='ltr'>ac</span> <span class='ocrx_word' id='word_1_620' title='bbox 2655 5340 2988 5405; x_wconf 90' lang='lat' dir='ltr'>enituntur</span> <span class='ocrx_word' id='word_1_621' title='bbox 3028 5342 3105 5406; x_wconf 89' lang='lat' dir='ltr'>ad</span> <span class='ocrx_word' id='word_1_622' title='bbox 3156 5340 3433 5421; x_wconf 79' lang='lat' dir='ltr'>divitiaS,</span> 
     </span>
    </p>
   </div>
  </div>
 </body>
</html>
