4284 6267
586 790 749 834 lom.
766 803 791 831 x

558 856 629 904 ⁴7,
646 855 717 897 68.

607 2763 776 2809 Mami.

560 2840 685 2879 xxm,
707 2829 777 2871 ts.

578 2890 689 2934 Luc.
705 2902 821 2941 uin,

554 2954 622 2998 35.

606 3256 772 3301 natta.

611 3335 636 3363 V

580 3647 700 3693 thid.
721 3650 789 3692 2³.

566 3847 667 3890 Aet.
689 3859 732 3903 v,
748 3847 817 3889 28.

655 4512 723 4571 19

652 5300 725 5358 20

854 482 975 547 466
1542 501 1895 549 ιιιΑιιιυιτιο
1936 502 2001 549 m
2040 502 2180 551 mr.
2227 502 2272 549 ιι
2313 502 2471 549 uam
2512 502 2872 551 sarram-m.
2917 523 3000 535 —
3037 506 3180 551 m.
3223 504 3270 551 ιι

851 670 937 733 ab
964 669 1105 754 ipso
1132 670 1585 755 principatum,
1605 674 1684 737 ad
1712 692 1907 756 quem
1936 673 2214 737 maxime
2239 680 2346 737 a‘n·
2375 673 2427 736 A
2449 676 2726 751 pissima
2753 678 3247 737 condemnemus
3271 696 3443 747 eum,
3473 674 3539 737 id
3569 682 3688 749 est,
3721 692 3945 756 procu-

794 802 825 840 ι,
850 768 1173 846 halabant,
1212 770 1475 834 auferri.
1510 772 1655 835 Ideo
1692 772 2088 852 collegerunt
2130 772 2344 835 conci-

852 867 1009 931 lium
1050 867 1393 952 pontifices
1432 878 1494 932 et
1538 870 1857 948 Pharisaei,
1889 878 1953 933 et
1984 870 2290 933 dicebant
2323 888 2340 933 ε

852 966 1013 1042 Quid
1048 966 1340 1043 facimus,
1369 968 1527 1051 quia
1552 968 1657 1032 hic
1696 968 1890 1034 homo
1927 970 2129 1033 multa
2161 970 2348 1051 signa

856 1064 1053 1129 facit?
1080 1066 1146 1129 Si
1189 1067 1573 1131 dimittimus
1608 1086 1755 1131 eum
1798 1068 1912 1143 sic,
1946 1086 2170 1133 omnes
2209 1088 2347 1132 cre-

849 1164 1003 1228 dent
1050 1164 1115 1227 in
1162 1184 1309 1228 eum
1335 1184 1353 1247 ;
1384 1174 1451 1231 et
1486 1166 1747 1230 venient
1792 1168 2081 1243 Romani,
2114 1176 2181 1231 et
2227 1168 2346 1233 tol-

850 1262 987 1327 lent
1016 1263 1225 1329 locum
1260 1272 1546 1329 nostrum
1587 1274 1651 1328 ct
1684 1274 1965 1347 gentem.
1999 1265 2232 1348 Sicque
2267 1285 2346 1330 ex

850 1380 978 1425 una
1008 1371 1189 1445 parte
1218 1363 1589 1427 metuebant
1615 1382 1763 1427 eum
1796 1365 1885 1428 ita
1911 1365 2254 1441 dimittere,
2269 1383 2347 1429 ex

849 1461 978 1524 alia
1003 1480 1261 1543 quoque
1292 1471 1471 1545 parte
1508 1463 1895 1527 verebantur
1922 1483 2071 1527 eum
2102 1464 2348 1528 occide·

850 1577 941 1636 re,
976 1567 1069 1624 tot
1096 1569 1161 1623 et
1188 1568 1360 1623 tanta
1389 1570 1684 1641 agentem
1724 1562 2037 1644 prodigia.
2070 1563 2216 1626 ldeo
2251 1562 2348 1625 in-

850 1668 1167 1722 venerunt
1195 1659 1475 1723 medium
1507 1660 1700 1737 istud,
1736 1670 1807 1723 ut
1834 1680 1950 1744 per
1986 1662 2256 1726 adversa
2283 1670 2346 1726 et

848 1756 1250 1821 amarissima
1278 1758 1599 1840 supplicia
1632 1759 2038 1842 explorarent
2075 1779 2157 1823 an
2197 1780 2346 1825 vere

2453 790 2669 835 remus
2697 791 2843 835 eum
2873 772 3224 855 adJ‘udicari
3267 772 3555 854 patibulo
3587 790 3604 835 τ
3635 791 3778 855 quae
3815 772 3946 835 suit

2457 870 2828 953 turpissima
2853 889 3026 935 mors
3055 871 3124 933 in
3149 871 3316 952 lege,
3331 872 3512 953 juxta
3539 870 3700 933 illud
3729 871 3946 934 Deute-

2459 970 2730 1032 ronomii
2763 987 2780 1031 :
2815 970 3182 1033 Maledictus
3220 969 3334 1052 qui
3371 970 3606 1052 pendet
3645 969 3710 1031 in
3741 969 3940 1051 ligno.
4007 990 4132 1033 out.
4146 1003 4220 1039 m,

2455 1067 2644 1141 Quasi
2701 1068 2916 1133 dicant
2977 1084 2993 1130 :
3053 1069 3204 1131 Tam
3273 1067 3944 1149 ignominiosissimam
3975 1055 4044 1097 ²³·

2455 1176 2722 1231 mortem
2761 1168 2926 1231 Deus
2963 1167 3143 1231 Pater
3189 1186 3592 1249 nequaquam
3629 1166 3790 1230 Filio
3827 1185 3946 1230 suo

2456 1265 2672 1345 infligi
2701 1266 3048 1348 permittet.
3079 1264 3228 1329 Ideo
3257 1264 3540 1329 subdunt
3573 1282 3588 1327 :
3617 1268 3744 1327 erit
3769 1268 3948 1326 mim

2453 1366 2519 1425 ei
2544 1375 2860 1443 respectus
2898 1385 2980 1425 em
3017 1366 3416 1425 sermonibus
3452 1366 3638 1425 illius
3666 1362 3786 1425 :id
3825 1372 3944 1440 oet,

2455 1481 2534 1525 ex
2560 1461 2776 1527 verbis
2803 1463 2944 1543 ejus
2985 1461 3455 1545 conspiciemus
3490 1470 3684 1543 atque
3719 1479 3948 1543 pensa-

2457 1560 2670 1623 bimus
2712 1559 2873 1642 quid
2915 1559 3146 1623 habeat
3186 1560 3422 1624 veritas
3458 1576 3473 1620 ε
3503 1558 3656 1642 quia
3689 1559 3744 1622 si
3771 1568 3950 1641 pote·

2455 1659 2654 1722 rimus
2683 1678 2832 1722 eum
2861 1658 3278 1739 exstinguere,
3295 1675 3744 1739 cognoscemus
3773 1659 3944 1740 quod

2455 1757 2850 1821 mendaciter
2891 1757 3144 1821 vocavit
3185 1776 3254 1820 se
3295 1756 3528 1819 Filium
3569 1754 3702 1819 Dei.

850 1862 1019 1917 esset
1046 1854 1245 1917 Filius
1286 1855 1415 1932 Dei,
1444 1856 1730 1919 dicentes
1766 1874 1781 1919 ε
1815 1855 1879 1919 Si
1916 1876 2105 1921 verus
2142 1858 2343 1922 Filius
2381 1864 2428 1925 Β
2537 1860 2690 1919 Hoec
2717 1857 3162 1933 coyitavemnt
3200 1854 3408 1937 iniqui
3450 1853 3720 1936 praefati,
3751 1864 3812 1914 et
3847 1875 3946 1915 ets
4069 1862 4132 1917 21

850 1952 957 2015 Dei
1007 1961 1127 2029 est,
1170 1969 1299 2016 non
1347 1954 1675 2036 permittet
1710 1974 1856 2018 eum
1901 1955 2081 2018 Pater
2112 1956 2339 2035 occidi,

850 2050 961 2113 sed
1002 2059 1183 2114 eruet
1219 2069 1368 2114 eum
1410 2053 1489 2115 de
1532 2052 1829 2116 manibus
1880 2054 2135 2118 nostris,
2170 2054 2344 2129 Quod

850 2148 903 2211 si
937 2147 1183 2227 fecerit,
1214 2168 1633 2231 agnoscemus
1661 2152 1835 2233 quod
1865 2152 1949 2215 sit
1976 2152 2176 2215 Filius
2207 2153 2341 2229 Dei,

847 2257 913 2312 et
959 2248 1289 2311 credemus
1335 2248 1401 2311 in
1450 2267 1621 2311 eum.
1668 2248 1732 2312 Si
1780 2268 1937 2313 vero
1982 2251 2346 2333 permiserit

848 2364 995 2408 eum
1022 2345 1249 2421 occidi,
1265 2346 1511 2428 patebit
1538 2348 1709 2429 quod
1742 2364 1869 2411 non
1900 2348 1983 2411 sit
2012 2350 2139 2413 nisi
2171 2350 2344 2433 quod

846 2443 1066 2520 ceteri,
1100 2462 1217 2506 nec
1260 2444 1343 2507 sit
1386 2462 1575 2507 verus
1620 2445 1817 2509 Filius
1850 2445 2051 2509 Patris
2094 2448 2340 2512 aeterni.

851 2540 1009 2605 Huic
1066 2543 1323 2605 demum
1379 2542 1875 2609 considerationi
1928 2546 1992 2608 B.
2043 2546 2344 2627 Augusti-

852 2638 920 2701 ni
964 2640 1306 2705 concordat
1346 2640 1713 2721 evangelica
1750 2642 2005 2717 veritaS,
2038 2644 2342 2726 quoniam

850 2735 1101 2804 Christo
1150 2737 1215 2800 in
1263 2757 1452 2802 cruce
1498 2758 1831 2820 suspenso,
1880 2742 2178 2805 dixerunt
2221 2760 2236 2807 :
2277 2743 2343 2806 Si

850 2854 963 2899 rex
990 2836 1179 2901 lsrael
1214 2845 1311 2899 est
1344 2837 1499 2919 (vel,
1534 2836 1599 2900 Si
1645 2838 1749 2903 hic
1790 2848 1887 2902 est
1914 2840 2203 2904 Christus
2233 2842 2343 2904 Dei

848 2934 1137 3015 electus),
1168 2936 1511 2999 descendat
1539 2954 1711 2999 nunc
1751 2938 1831 2999 de
1868 2956 2079 3016 cruce,
2112 2947 2176 3003 et
2205 2958 2344 3003 crc-

2456 1966 2794 2023 raverunt,
2825 1972 3023 2035 quum
3068 1953 3136 2016 in
3172 1952 3501 2035 Prophetis
3545 1952 3944 2035 apertissime

2457 2052 2882 2136 praenuntiata
2905 2051 2990 2114 sit
3019 2051 3233 2135 passio
3259 2050 3513 2114 Christi.
3529 2050 3672 2114 Ideo
3699 2050 3938 2113 nullam

2455 2170 2714 2234 prorsus
2753 2148 3280 2232 consequentiam
3319 2148 3540 2211 habuit
3573 2167 3588 2211 :
3621 2148 3685 2211 Si
3713 2148 3820 2211 hic
3845 2157 3944 2211 est
4025 2166 4180 2209 uana

2451 2249 2762 2326 Christus,
2796 2248 3140 2313 descendat
3177 2248 3260 2311 de
3296 2266 3522 2327 cruce3
3551 2254 3636 2322 ct,
3667 2247 3730 2309 Si
3765 2246 3942 2310 filius
3971 2230 4208 2343 ἳζξῗξ

2452 2348 2560 2411 Dei
2591 2355 2711 2424 est,
2741 2346 3042 2411 liberabit
3079 2365 3227 2409 eum
3259 2346 3338 2409 de
3377 2364 3572 2407 manu
3599 2346 3942 2409 contrario·
3971 2358 4042 2401 ³2·

2457 2464 2618 2508 rum.
2663 2446 2818 2523 lm0,
2863 2444 2918 2507 si
2967 2463 3094 2508 non
3145 2443 3538 2527 permisisset
3579 2462 3727 2507 eum
3765 2443 3945 2507 Pater

2453 2543 2680 2621 occidi,
2713 2561 3113 2624 consequens
3147 2540 3376 2605 fuisset
3407 2542 3580 2624 quod
3621 2560 3750 2605 non
3789 2540 3948 2606 fuis-

2455 2650 2553 2705 set
2577 2641 2864 2705 Christus
2895 2640 3096 2703 Filius
3127 2640 3258 2718 Dei,
3293 2640 3372 2703 de
3399 2658 3533 2722 quo
3557 2649 3694 2703 erat
3723 2640 3950 2723 praedi·

2453 2748 2628 2804 ctum
2687 2740 2854 2822 quod
2908 2738 3326 2815 occideretur,
3377 2746 3442 2803 et
3489 2758 3606 2801 sua
3653 2739 3950 2822 passione

2455 2838 2794 2902 redimeret
2819 2838 3154 2901 mundum.
3189 2839 3562 2899 Excaecavic
3597 2839 3777 2898 enim
3803 2838 3948 2898 illos

2453 2940 2716 2999 malitia
2739 2956 2987 3003 eorum,
3019 2934 3084 2999 id
3113 2944 3210 2999 est
3238 2935 3500 3011 invidia,
3525 2934 3942 3017 impatientia,

849 3032 1061 3095 dimus
1108 3033 1192 3097 ei.
1236 3034 1522 3116 Insuper,
1566 3042 1727 3099 teste
1755 3036 2133 3117 Augustino,
2175 3038 2346 3103 vole-
2377 3044 2421 3108 C
2456 3036 2568 3108 ira,
2604 3035 2984 3113 amaritudo,
3017 3033 3392 3115 indignatio,
3427 3033 3748 3116 superbia,
3787 3051 3946 3115 quas

848 3130 1001 3194 bant
1032 3152 1067 3195 a
1097 3141 1300 3196 morte
1327 3132 1559 3197 Christi
1592 3133 1908 3197 immunes
1938 3135 2178 3199 videri:
2204 3157 2345 3220 pro-

845 3238 987 3313 pter
1014 3232 1186 3313 quod
1218 3231 1615 3294 tradiderunt
1642 3251 1789 3295 eum
1815 3232 2027 3307 Pilato,
2050 3244 2121 3297 ut
2151 3236 2340 3299 morti

845 3328 1320 3410 adJudicare-tur
1346 3329 1427 3392 ab
1457 3330 1591 3406 illo,
1610 3330 1703 3393 eis
1732 3333 2182 3397 accusantibus
2214 3344 2344 3398 tan-

846 3435 1005 3491 tum.
1059 3427 1510 3491 Verumtamen
1565 3428 1763 3492 Pilato
1819 3429 1941 3494 hoc
1988 3429 2201 3495 facere
2247 3453 2343 3497 re-

848 3532 1106 3603 nuente,
1138 3545 1175 3587 a
1217 3526 1479 3608 propria
1519 3526 1764 3591 invidia
1802 3528 2047 3592 incitati
2086 3539 2238 3593 sunt
2279 3541 2342 3595 et

846 3624 1062 3699 coacti,
1085 3624 1448 3705 importune
1474 3624 1960 3689 crucifixionem
1990 3628 2131 3710 ejus
2161 3629 2344 3693 effla-

844 3723 1068 3803 gitare.
1112 3723 1271 3785 Hinc
1320 3723 1512 3786 etiam
1564 3723 1860 3805 leguntur
1907 3726 2143 3790 dixisse
2181 3728 2343 3811 Apo-

846 3820 1029 3883 stolis
1048 3836 1063 3881 τ
1082 3820 1393 3903 Replestis
1421 3823 1767 3885 Jerusalem
1798 3824 2082 3887 doctrina
2112 3834 2340 3905 vestra,

847 3926 911 3983 et
957 3918 1152 3983 vultis
1200 3938 1393 4002 super
1445 3939 1561 3984 nos
1611 3920 1914 3985 inducere
1962 3924 2340 4003 sanguinem

847 4016 1126 4081 hominis
1168 4017 1375 4082 istius.
1410 4017 1598 4092 Quasi
1642 4019 1861 4082 dicant
1896 4038 1910 4082 :
1945 4021 2068 4084 Nos
2118 4041 2340 4086 sumus

848 4114 1166 4179 immunes
1212 4134 1250 4180 a
1294 4116 1605 4197 sanguine
1647 4118 1811 4199 ejuS,
1863 4138 2057 4201 quem
2108 4139 2340 4202 praeses

2451 3142 2672 3198 contra
2718 3133 3038 3195 Christum
3095 3140 3519 3214 conceperant
3571 3148 3586 3194 :
3641 3133 3730 3194 ita
3771 3131 3944 3214 quod

2451 3241 2691 3316 quanto
2719 3232 2906 3313 plura
2931 3240 2996 3294 ot
3020 3230 3262 3313 maiora
3291 3230 3443 3294 fecit
3473 3230 3798 3306 miracula,
3815 3247 3942 3312 quo

2449 3330 2790 3412 gloriosius
2819 3328 3210 3412 praedicavit,
3243 3338 3310 3392 et
3334 3329 3656 3393 Christum
3695 3348 3766 3392 se
3803 3346 3941 3391 esse

2449 3429 2849 3506 monstravit,
2887 3446 2964 3492 eo
3001 3428 3147 3511 plus
3185 3427 3663 3509 torquebantur,
3707 3434 3772 3490 et
3805 3445 3938 3490 om-

2451 3530 2560 3590 nia
2605 3527 3188 3610 interpretabantur
3233 3526 3300 3587 in
3349 3526 3555 3608 pejuS,
3593 3544 3668 3589 ac
3711 3526 3936 3589 daemo—
3979 3545 4208 3593 nattam.

2451 3646 2606 3689 num
2635 3625 2912 3708 principi
2951 3624 3448 3706 adscripserunt.
3481 3622 3560 3686 Et
3586 3623 3936 3706 probabilis
3967 3611 4032 3653 ²⁴·

2452 3726 2585 3802 illa,
2617 3743 2809 3806 quam
2855 3732 3006 3786 ante
3048 3722 3411 3787 habuerunt
3451 3724 3531 3785 ad
3573 3730 3824 3806 tempus
3859 3724 3940 3787 de

2449 3822 2722 3900 Christ0,
2774 3820 3020 3898 notitia,
3072 3829 3220 3903 post
3262 3820 3592 3903 passiones
3631 3820 3784 3884 istas
3831 3839 3940 3883 ne-

2449 3920 2792 4004 quissimas
2831 3919 2957 3982 fuit
2997 3919 3308 3983 exstincta
3341 3928 3404 3982 et
3441 3917 3780 3984 offuscata.

2543 4024 2628 4083 Ec
2673 4022 3037 4083 nescievunt
3082 4028 3486 4080 sacramenta
3531 4020 3678 4089 Dei,
3725 4016 3789 4079 id
3837 4022 3933 4079 est
4051 4024 4120 4077 22

2449 4125 2692 4181 secreta
2745 4119 2885 4199 eJus
2942 4116 3240 4199 mysteria
3295 4125 3489 4199 atque
3534 4114 3802 4179 consilia
3857 4113 3934 4177 dc

848 4230 961 4295 per
989 4230 1137 4275 suos
1168 4213 1493 4277 crucifixit
1524 4214 1872 4294 ministroS,
1908 4224 1971 4279 et
1999 4236 2192 4299 quem
2223 4226 2342 4281 tra·
2371 4224 2420 4287 D
2449 4216 2637 4280 modo
2677 4215 2964 4280 salvandi
3000 4232 3203 4295 genus
3239 4214 3589 4277 humanum
3623 4231 3738 4296 per
3763 4210 3938 4276 Chri-

850 4310 1011 4375 didit
1048 4330 1201 4375 suus
1248 4312 1624 4395 discipulus.
1658 4313 1767 4375 His
1816 4317 2207 4379 concordant
2245 4334 2343 4380 se-

848 4408 1130 4490 quentia.

960 4510 1360 4569 Contumelia
1407 4518 1467 4569 et
1517 4518 1828 4570 tormento
1874 4512 2341 4589 interroqemus

847 4624 994 4665 eum
1038 4624 1063 4667 .·
1108 4604 1171 4667 id
1216 4613 1336 4683 est,
1388 4606 1725 4669 inferendo
1776 4607 1834 4670 ci
1884 4608 2232 4690 opprobria
2278 4618 2340 4672 et

850 4710 1183 4777 tormenta,
1217 4703 1619 4785 inquiramus
1659 4712 1721 4767 et
1759 4716 2231 4787 perscrutemur
2258 4726 2340 4769 an

845 4800 929 4862 sit
957 4799 1153 4863 Filius
1182 4800 1315 4877 Dei,
1349 4809 1412 4864 et
1442 4803 1758 4865 eruendus
1790 4821 1867 4866 cx
1897 4804 2194 4867 manibus
2230 4824 2342 4870 no-

848 4897 1031 4978 stris;
1067 4909 1139 4960 uc
1165 4901 1448 4960 sciamus
1476 4903 1907 4962 reverentiam
1936 4905 2102 4979 ejuS,
2126 4902 2191 4966 id
2219 4912 2336 4982 est,

848 5014 930 5058 an
978 5014 1126 5059 vere
1174 4996 1259 5058 sit
1304 4996 1713 5061 honorandus
1763 5006 1836 5060 ut
1881 4998 2079 5062 Filius
2120 5001 2230 5064 Dei
2280 5009 2345 5064 et

850 5111 957 5156 rex
994 5092 1281 5173 Messias3
1331 5104 1392 5155 ec
1438 5098 1777 5173 probemus
1816 5100 2211 5174 patientiam
2263 5102 2344 5159 il-

850 5193 1004 5260 lius,
1034 5210 1115 5252 an
1164 5190 1407 5255 scilicet
1452 5192 1716 5274 impleat
1754 5212 1965 5276 opere,
2001 5214 2143 5276 quae
2183 5196 2344 5260 alios

850 5289 1065 5353 docuit
1093 5290 1172 5351 de
1203 5290 1523 5371 patientiae
1552 5291 1968 5355 exhibitione.
1987 5296 2194 5355 Morte
2213 5305 2342 5356 tur·

2450 4314 2532 4376 sti
2573 4313 2997 4394 oblationem3
3028 4333 3232 4392 neque
3269 4316 3620 4374 mercedem
3651 4330 3938 4390 sperave-

2449 4414 2930 4491 runtjustitioe,
2962 4410 3026 4474 id
3075 4420 3174 4475 est
3220 4410 3593 4474 felicitatem
3639 4418 3938 4473 aeternam

2450 4527 2566 4592 pro
2594 4510 2841 4573 actibus
2869 4509 3135 4592 justitiae
3163 4509 3660 4572 retribuendam.
3685 4507 3938 4571 Certum

2450 4616 2546 4671 est
2575 4608 2746 4671 enim
2779 4608 2950 4689 quod
2980 4608 3168 4691 impii
3198 4608 3304 4671 isti
3324 4607 3522 4671 Judaei
3555 4625 3680 4672 non
3715 4606 3940 4669 habue-

2449 4714 2600 4768 runt
2627 4726 2804 4787 spem
2831 4706 3189 4782 formatam,
3226 4724 3366 4787 quae
3396 4724 3473 4768 ex
3501 4706 3707 4787 gratia
3735 4705 3843 4768 Dei
3880 4713 3938 4768 et

2450 4804 2696 4868 actibus
2734 4803 2920 4868 bonis
2963 4805 3275 4887 procedit.
3308 4806 3442 4865 Nec
3461 4805 3938 4881 judicaverunt

2450 4906 2752 4963 honorem
2798 4904 3176 4964 animarum
3218 4912 3596 4964 sanctarum
3643 4923 3668 4962 .·
3713 4901 3778 4963 id
3819 4909 3932 4977 est,

2451 5019 2579 5064 non
2609 5008 3043 5081 cognoverunt
3070 5018 3185 5082 per
3211 5000 3409 5063 fidem
3441 4997 3802 5076 formatam,
3823 5017 3933 5061 nec

2451 5098 2918 5175 discreverunt,
2978 5117 3172 5180 quam
3230 5097 3507 5181 gloriose
3562 5097 3932 5161 coronandae

2453 5197 2582 5259 sint
2613 5216 2650 5259 a
2681 5198 2802 5260 Deo
2840 5196 3072 5261 animae
3109 5206 3382 5277 sanctae3'
3411 5197 3522 5260 sed
3567 5195 3931 5279 temporalia

2453 5295 2590 5359 sola
2630 5296 3005 5377 pensabant.
