4284 6267
689 690 726 744 9

559 2073 824 2129 Δροιπιῃί.

571 3463 719 3507 ‘alian
729 3462 820 3507 Sal-

553 3526 689 3569 vati-ix

651 4236 719 4293 10

873 480 994 543 416

1471 498 1824 545 ENARRATIO
1869 498 1934 545 m
1979 498 2118 546 GAP.
2156 497 2219 542 VI
2260 496 2503 543 camel
2544 496 2948 543 cmlconmt.
2992 516 3075 526 -—
3114 496 3254 543 Am.
3300 497 3385 543 XX

950 672 1104 738 Quae
1130 679 1220 730 est
1249 672 1388 739 ista,
1413 691 1556 750 quoe
1577 672 2004 747 proqreditur
2029 672 2224 751 quasi
2252 690 2365 730 au·
2392 670 2441 732 Α
2474 670 3075 747 considerationem,
3108 670 3461 733 custodiam
3490 677 3553 732 et
3584 668 3965 751 profectum,

867 786 1018 828 rora
1053 788 1460 845 consuryem,
1499 768 1562 829 id
1605 776 1724 845 est,
1767 768 1848 831 ab
1895 768 2187 845 infantia,
2232 786 2361 850 qua

869 866 962 927 uti
1007 867 1252 930 ratione
1293 867 1552 949 incepit,
1596 867 1930 930 celerrime
1971 867 2365 949 incompara-

869 964 1214 1046 biliterque
1247 964 1618 1047 proficienS,
1655 974 1716 1027 et
1743 964 2066 1027 Christum
2093 966 2237 1047 (qui
2268 972 2365 1027 est

869 1083 1056 1127 verus
1104 1064 1240 1126 dies
1293 1063 1652 1127 animarum
1699 1066 2094 1143 sanctarum)
2130 1083 2365 1146 praece-

865 1161 1044 1237 denS,
1069 1169 1261 1243 atque
1289 1163 1368 1225 ad
1399 1162 1610 1243 ipsum
1642 1148 2040 1243 perducens?
2069 1164 2362 1223 Pulchra

865 1269 938 1319 ut
981 1264 1142 1321 lana
1171 1282 1194 1319 .·
1235 1260 1542 1342 quoniam
1583 1260 1742 1323 sicut
1781 1267 1926 1342 post
1971 1259 2173 1323 solem
2213 1259 2365 1321 luna

863 1358 1100 1420 clarius
1143 1359 1436 1441 splendet
1486 1359 1552 1420 in
1589 1357 1752 1421 coelo
1789 1367 1854 1421 et
1895 1366 2122 1441 praeest
2164 1357 2357 1431 nocti,

863 1456 956 1519 sic
1003 1456 1502 1520 illustratissima
1551 1457 1813 1519 Domina
1855 1465 2000 1539 post
2035 1456 2361 1519 Christum

859 1555 1060 1618 solem
1107 1556 1392 1637 justitiae,
1439 1555 1505 1618 in
1555 1564 1686 1619 tota
1731 1555 1967 1619 clarius
2009 1555 2201 1617 micat
2248 1554 2363 1617 Ec-

857 1653 1055 1715 clesia
1111 1653 1414 1716 militanti
1467 1672 1539 1715 ac
1591 1652 2034 1735 triumphanti,
2078 1660 2143 1715 et
2190 1650 2361 1713 mili-

861 1751 1020 1813 tanti
1052 1751 1346 1815 Ecclesiae
1373 1752 1546 1833 (quae
1578 1759 1868 1833 respectu
1899 1750 2354 1832 triumphantis

2474 768 2737 831 intravit
2788 769 3043 831 assidue
3102 769 3357 832 hortum
3412 767 3644 831 animae
3698 786 3849 841 suae,
3900 774 3969 828 et

2472 867 2743 930 virtutes
2782 886 2857 930 ac
2900 886 3095 949 opera
3136 886 3249 929 sua
3296 866 3608 949 pensavit.
3648 867 3905 927 Nescivi
3940 886 3967 923 .-

2476 966 2627 1047 quia
2658 966 3025 1028 beatissima
3054 964 3319 1029 Domina
3346 963 3619 1047 profecit
3648 964 3715 1025 in
3744 962 3967 1025 multis

2476 1063 2743 1139 notitiiS,
2780 1084 2896 1127 nec
2942 1085 2981 1127 a
3008 1064 3329 1146 principio
3366 1082 3479 1144 per
3506 1061 3963 1144 experientiam

2473 1163 2663 1227 scivit
2706 1162 2985 1226 fructum
3018 1162 3333 1245 passionis
3364 1161 3509 1223 Filii
3542 1160 3663 1236 sui,
3698 1170 3767 1222 ut
3798 1168 3967 1243 post-

2472 1281 2567 1325 ea.
2612 1262 2755 1325 Ideo
2796 1263 3011 1325 subdit
3046 1279 3061 1323 :
3094 1264 3339 1323 Anima
3380 1282 3521 1321 mea
3558 1261 3966 1321 conturbavit

2470 1382 2570 1421 me
2604 1372 2869 1439 propter
2902 1362 3258 1443 quadriqas
3288 1361 3663 1422 Aminadab
3690 1380 3714 1419 .·
3746 1358 3807 1419 id
3838 1365 3957 1433 est,

2470 1458 2734 1523 affectio
2776 1460 2987 1523 cordis
3031 1458 3154 1522 mei
3200 1478 3303 1521 me
3342 1458 3751 1521 vehementer
3785 1455 3965 1517 affli-

2470 1559 2575 1634 xit,
2594 1576 2669 1621 eo
2698 1559 2871 1640 quod
2901 1557 3317 1638 Evangelium
3346 1556 3493 1619 Filii
3523 1556 3646 1619 mei
3676 1556 3955 1618 viderem

2470 1675 2595 1720 non
2644 1657 2839 1739 recipi
2882 1676 2919 1719 a
2955 1656 3209 1732 Judaeis,
3244 1656 3478 1738 quibus
3517 1654 3859 1737 quadrigae,
3892 1654 3959 1716 id

2466 1764 2565 1817 est
2598 1755 2904 1837 Apostoli,
2934 1753 3253 1817 Christum
3293 1752 3693 1835 praedicando
3726 1753 3961 1816 vehen-

857 1851 1033 1913 sedet
1063 1850 1130 1912 in
1164 1849 1470 1929 tenebris)
1499 1848 1864 1932 specialiter
1895 1848 2213 1931 praesidet.
2240 1848 2357 1910 Ve-
2394 1856 2439 1918 Β
2472 1862 2562 1916 tes
2606 1856 2680 1917 ad
2724 1854 3119 1917 audientium
3168 1853 3383 1929 corda,
3416 1852 3526 1914 diu
3576 1851 3958 1934 praedieave-

857 1958 1213 2011 rumtamen
1247 1947 1833 2029 incomparabiliter
1875 1946 2217 2010 formosior
2259 1955 2355 2009 est

856 2066 1049 2129 quam
1093 2048 1280 2127 luna3
1321 2047 1450 2110 imo
1491 2046 1642 2108 luna
1685 2046 1804 2108 sub
1849 2045 2121 2128 pedibus
2161 2045 2347 2125 ejus:

853 2148 963 2209 sed
993 2148 1261 2229 pulchra
1288 2156 1386 2210 est
1413 2154 1483 2208 ut
1513 2146 1680 2222 luna,
1717 2145 1781 2207 id
1823 2153 1920 2207 est
1948 2144 2112 2208 sicut
2144 2145 2356 2208 Eccle-

852 2246 968 2323 sia,
1001 2246 1154 2328 quia
1202 2246 1472 2311 diversae
1514 2245 1784 2307 virtutes
1823 2251 1888 2307 et
1933 2243 2175 2323 gratiae,
2209 2262 2351 2325 quae

851 2344 1002 2407 hinc
1035 2344 1184 2407 inde
1215 2344 1282 2405 in
1311 2344 1505 2407 variis
1545 2341 1854 2405 membris
1887 2342 2185 2405 Ecclesiae
2218 2341 2352 2405 fue-

850 2451 1001 2506 runt
1027 2451 1091 2505 et
1127 2450 1278 2505 sunt
1304 2443 1610 2524 dispersae
1651 2448 1714 2503 et
1753 2439 2167 2523 imperfectae,
2202 2439 2350 2504 fue·

852 2549 1002 2604 runt
1043 2551 1106 2604 et
1145 2549 1295 2604 sunt
1331 2540 1398 2603 in
1436 2560 1508 2603 ea
1550 2540 1832 2604 collectae
1877 2558 1950 2602 ac
1989 2540 2174 2603 valde-
2214 2558 2352 2622 per·

852 2637 1054 2702 fectae.
1099 2642 1320 2702 Electa
1363 2648 1436 2699 uc
1478 2643 1572 2699 sol
1599 2638 1798 2720 :quia
1842 2646 1984 2719 post
2026 2636 2349 2699 Christum

849 2738 1176 2801 hominem
1203 2737 1674 2817 elegantissima
1705 2744 1770 2798 et
1795 2735 2181 2798 electissima
2210 2755 2351 2798 esse

849 2837 1274 2917 cognoscitur.
1323 2837 1399 2898 Et
1435 2835 1602 2898 sicut
1650 2835 1742 2899 sol
1795 2835 2026 2898 ceteris
2073 2835 2348 2917 planetis

849 2954 922 2998 ac
981 2935 1186 2999 stellis
1243 2943 1338 2998 est
1397 2935 1623 3016 major,
1695 2933 2095 3009 luminosior,
2158 2941 2348 3014 atque

2468 1960 2637 2014 runt.
2672 1952 2735 2015 Si
2774 1953 2945 2015 enim
2978 1951 3305 2035 apostolus
3334 1950 3563 2013 Paulus
3603 1950 3681 2012 de
3710 1949 3957 2012 Judaeo-

2466 2070 2607 2113 rum
2653 2051 3071 2114 excaecatione
3108 2049 3313 2113 doluit
3350 2058 3479 2112 tam
3520 2049 3949 2123 vehementer,

4094 864 4148 917 11

2464 2159 2533 2212 ut
2580 2150 2841 2227 diceret,
2890 2149 3173 2211 Tristitia
3228 2148 3391 2211 mihi
3438 2166 3669 2229 magna
3714 2154 3829 2223 est,
3890 2155 3957 2208 et
4008 2166 4217 2217 amus,

2462 2248 2644 2312 dolor
2682 2249 3028 2312 continuus
3076 2248 3253 2312 cordi
3302 2266 3443 2310 meo
3480 2265 3596 2329 pro
3639 2244 3951 2308 fratribus
3980 2232 4021 2272 ³·

2460 2347 2621 2410 meis
2648 2346 2877 2409 Judaeis
2913 2364 2927 2408 :
2961 2355 3199 2429 quanto
3228 2345 3432 2427 magis
3460 2345 3701 2428 optima
3732 2344 3946 2424 Virgo,

2459 2465 2603 2528 quae
2630 2446 2697 2507 in
2728 2446 2991 2509 caritate
3018 2446 3125 2508 Dei
3158 2453 3223 2508 et
3258 2444 3687 2527 proximorum
3720 2442 3951 2505 ineffa-

2460 2544 2677 2607 biliter
2713 2543 2833 2607 fuit
2873 2543 3221 2625 perfectior
3246 2543 3482 2606 Paulo?
3510 2541 3725 2607 Oravit
3756 2541 3951 2623 igitur

2462 2644 2752 2726 piissima
2794 2643 2984 2707 Mater
3028 2661 3141 2726 pro
3186 2642 3315 2705 illis
3360 2642 3633 2705 assidue.

2539 2742 2655 2805 Sed
2690 2742 2919 2805 animae
2947 2742 3367 2816 credentium,
3391 2740 3680 2803 videntes
3708 2740 3953 2801 Judaeo-

2458 2860 2599 2904 rum
2632 2840 3125 2904 obstinationem
3154 2848 3521 2913 extremam,
3563 2838 3843 2901 clamant
3870 2838 3948 2899 ad

2458 2958 2636 3001 suam
2694 2938 3047 3020 piissimam
3095 2937 3479 3003 Advocatam
3532 2954 3548 2998 :
3590 2940 3945 3007 Revercere‚

850 3034 1199 3112 causalior3
1241 3033 1333 3096 sic
1385 3032 1759 3095 felicissima
1804 3031 1996 3093 Mater
2034 3031 2343 3111 virginea,
2375 3040 2419 3103 C
2458 3048 2794 3107 revertere,
2840 3039 3254 3107 Sunamitis,·
3300 3045 3633 3103 revertere,
3684 3045 3950 3096 reverte-

849 3142 994 3215 post
1039 3132 1359 3196 Christum
1413 3140 1511 3194 est
1561 3130 1788 3194 ceteris
1845 3130 2092 3193 cunctis
2143 3130 2350 3211 major

849 3230 1261 3314 perfectione,
1287 3230 1670 3293 luminosior
1703 3228 2039 3310 sapientia,
2062 3236 2124 3291 et
2156 3228 2350 3290 virtu-

849 3338 911 3391 te
941 3328 1275 3406 causalior,
1313 3336 1530 3410 utpote
1562 3326 1847 3391 Genitrix
1884 3326 2019 3388 veri
2051 3326 2183 3405 Dei,
2220 3326 2347 3389 Sal-

848 3428 1130 3492 vatoris‘
1176 3427 1424 3503 mundi,
1471 3435 1534 3489 et
1582 3424 2152 3488 innumerabilium
2206 3444 2348 3508 pec-

847 3536 1134 3590 catorum
1173 3525 1488 3589 reduetrix
1525 3525 1604 3587 ad
1636 3524 1902 3605 gratiam
1937 3543 2008 3586 ac
2045 3524 2342 3588 salutem.

854 3628 1189 3689 Terribilis
1235 3636 1309 3687 ut
1355 3636 1716 3686 castrorum
1766 3625 1933 3683 acies
1981 3626 2287 3684 ordinata
2320 3644 2345 3684 .·

848 3725 1000 3807 quia
1059 3725 1125 3787 in
1184 3744 1256 3788 ea
1320 3723 1445 3786 fuit
1500 3722 1976 3787 ordinatissima
2034 3721 2343 3784 virtutum

845 3823 1178 3899 connexio,
1215 3821 1700 3906 praeclarissima
1739 3819 2157 3902 perfectionis
2194 3838 2346 3884 con-

843 3924 1093 3998 stantia,
1113 3931 1176 3986 et
1199 3921 1572 3984 auctoritate
1600 3918 2024 3981 maternitatis
2057 3919 2165 3981 Dei
2198 3936 2344 3982 con-

845 4022 1066 4084 stituta
1095 4031 1189 4084 est
1218 4020 1588 4102 imperatrix
1617 4017 2090 4095 universorum,
2109 4036 2185 4081 ac
2214 4017 2344 4100 ple-

847 4140 929 4183 na
958 4119 1342 4183 dominatrix
1369 4116 1841 4184 adversantium
1871 4124 2279 4199 potestatum.

2456 3157 2526 3196 re
2564 3158 2587 3195 .·
2631 3136 2695 3198 id
2744 3143 2862 3212 est,
2925 3136 3003 3198 ad
3059 3134 3403 3199 Ecclesiam
3462 3153 3539 3197 ex
3593 3132 3953 3213 gentilitate

2456 3253 2849 3308 conversam,
2902 3242 3025 3297 tuae
3072 3233 3325 3316 pietatis
3382 3240 3681 3296 converte
3740 3250 3953 3313 respe-

2454 3342 2665 3413 ctum3
2699 3333 2833 3395 redi
2865 3334 2943 3395 ad
2986 3332 3298 3415 praelatos,
3334 3332 3467 3394 redi
3507 3331 3587 3393 ad
3627 3329 3943 3405 subditoS,

2454 3432 2590 3494 redi
2620 3432 2699 3494 ad
2736 3439 3136 3513 peccatores3
3168 3430 3305 3492 redi
3334 3429 3798 3509 indulgentiam
3828 3428 3947 3489 im-

2454 3531 2786 3612 petrando,
2816 3530 3087 3609 gratiam
3115 3528 3485 3605 obtinendo,
3521 3526 3943 3591 conservatio·

2454 3647 2597 3691 nem
2632 3628 3079 3710 impendend0‚
3104 3628 3183 3689 ad
3210 3626 3480 3706 gloriam
3512 3626 3936 3708 perducendo.

2468 3730 2542 3789 Ue
2573 3728 2948 3788 intueamur
2980 3735 3056 3799 te,
3092 3725 3153 3787 id
3192 3732 3311 3800 est,
3345 3733 3417 3786 ut
3450 3723 3851 3806 experiamur
3882 3732 3941 3785 te

2454 3824 2636 3887 nobis
2682 3824 3029 3888 clementer
3068 3822 3398 3900 adsistere,
3434 3830 3495 3885 et
3537 3831 3709 3884 tuam
3744 3821 3942 3885 beati-

2453 3924 2737 3985 tudinem
2784 3921 3116 3986 sinceriter
3154 3920 3679 4003 contemplemur,
3722 3940 3795 3984 ac
3836 3921 3945 3983 de-

2450 4042 2627 4084 mum
2657 4022 2723 4083 in
2754 4020 2959 4103 patria
2990 4030 3050 4083 te
3092 4018 3479 4083 internaliter
3506 4018 3861 4082 videamus,

2529 4120 2701 4184 Hanc
2739 4120 3109 4202 petitionem
3150 4117 3460 4200 approbat
3506 4135 3801 4199 sponsuS‚
3848 4116 3942 4179 di-

925 4219 1240 4281 Descendi
1266 4220 1340 4278 in
1369 4220 1626 4279 hortum
1657 4236 1920 4285 nucum,
1955 4226 2027 4276 ut
2055 4217 2340 4277 viderem
2368 4230 2417 4291 D
2451 4219 2652 4281 cendo
2694 4236 2708 4279 :
2753 4220 2925 4288 Quid
2974 4216 3217 4277 videbis
3264 4217 3335 4275 in
3391 4216 3759 4283 Sunamite,
3808 4216 3942 4275 nisi

835 4337 1034 4397 poma
1063 4317 1485 4377 convallium.
1510 4316 1694 4377 Juxta
1721 4313 2151 4395 expositiones
2184 4333 2342 4395 prae-

845 4414 1116 4493 habitaS,
1151 4412 1552 4478 sanctissima
1593 4413 1787 4492 Virgo
1830 4421 2134 4493 tanquam
2182 4412 2341 4493 vigi·

844 4513 1202 4577 lantissima
1245 4532 1319 4575 ac
1353 4510 1734 4575 fidelissima
1764 4510 2072 4575 advocata
2101 4518 2165 4573 et
2196 4528 2340 4591 pro—

840 4614 1070 4677 tectrix
1133 4610 1431 4675 Ecclesiae
1496 4609 1859 4684 militantiS‚
1923 4608 1990 4670 in
2049 4609 2337 4673 eamdem

840 4710 1168 4775 descendit
1196 4708 1506 4792 quotidie,
1539 4725 1796 4771 omnem
1841 4715 2074 4769 statum
2113 4726 2187 4769 ac
2215 4708 2340 4770 dis-

841 4809 1224 4892 positionem
1265 4806 1562 4871 Ecclesiae
1609 4804 2092 4883 considerando,
2117 4825 2337 4887 preces

839 4927 956 4993 pro
984 4927 1058 4971 ea
1089 4907 1438 4982 fundendo,
1463 4907 1631 4968 dona
1661 4903 1879 4986 gratiae
1909 4904 2330 4985 impetrando.

839 5006 1146 5073 Similiter
1194 5006 1387 5087 Virgo
1426 5002 1696 5077 Deifera,
1739 5003 2034 5084 quamvis
2075 5023 2335 5083 peccare

841 5127 968 5171 non
999 5114 1268 5189 poterat,
1305 5113 1514 5167 tamen
1545 5101 1922 5165 interiorum
1958 5118 2219 5164 suorum
2251 5104 2337 5164 di-

837 5205 1257 5286 ligentissima
1300 5211 1514 5267 eustos
1553 5199 2147 5282 consideratrixque
2186 5199 2329 5279 fuit,

835 5306 913 5368 ad
946 5301 1386 5369 vehementius
1417 5298 1888 5383 proficiendum
1917 5315 1930 5359 :
1967 5298 2191 5379 sicque
2221 5319 2333 5382 per

2448 4321 2666 4378 choros
2704 4326 3061 4377 castrorum
3082 4316 3112 4374 Ρ
3144 4313 3207 4375 id
3250 4321 3366 4387 est,
3409 4320 3499 4389 tu,
3532 4313 3939 4394 congregatio
3992 4308 4170 4359 (ar-*¹¹¹
4269 4304 4270 4319 ¹

2450 4414 2743 4478 fidelium
2770 4413 3144 4486 animarum,
3166 4410 3395 4474 merito
3420 4410 3730 4473 invocatis
3760 4428 3943 4492 spon·

2449 4532 2584 4576 sam
2615 4513 2779 4575 hanc
2816 4510 3217 4591 singularem,
3252 4508 3555 4590 quoniam
3586 4518 3811 4590 potens
3844 4519 3939 4572 oet

2449 4629 2563 4675 vos
2600 4611 2923 4692 adjuvare,
2960 4608 3146 4684 tueri,
3188 4607 3537 4688 perducere
3568 4625 3583 4670 ε
3618 4606 3772 4687 quia
3816 4625 3939 4670 non

2448 4710 2715 4793 potestis
2749 4707 3153 4771 considerare
3192 4706 3257 4768 in
3299 4724 3374 4768 ea
3411 4704 3536 4766 nisi
3576 4704 3777 4767 aciem
3818 4704 3940 4767 vir-

2447 4816 2655 4872 tutum
2701 4805 3161 4879 firmissimam,
3210 4814 3273 4867 et
3318 4804 3606 4868 omnium
3649 4803 3937 4885 spiritua-

2446 4908 2604 4971 lium
2650 4904 3145 4988 insuperabilem
3188 4904 3319 4966 vim
3360 4920 3682 4965 armorum
3737 4920 3751 4964 ε
3798 4920 3934 4984 quie

2444 5009 2637 5071 etiam
2686 5007 2876 5069 habet
2920 5006 2998 5067 ad
3039 5021 3299 5066 manum
3338 5000 3695 5065 coelestium
3752 5000 3935 5083 spiri-

2444 5114 2622 5166 tuum
2680 5102 3085 5167 victoriosam
3143 5100 3440 5163 militiam
3496 5117 3611 5162 suo
3667 5098 3930 5180 imperio

2442 5201 2701 5265 obedire
2749 5198 3315 5283 promptissimam,
3362 5217 3473 5281 per
3522 5216 3682 5278 quos
3725 5203 3929 5281 potest

2438 5301 2684 5383 juvare,
2717 5298 3178 5381 victoriamque
3206 5296 3521 5362 conferre.

4072 2938 4133 2992 {2

4066 4224 4093 4277 1
