4284 6267
956 504 1310 553 ENARRATIO
1354 505 1417 552 m
1460 505 1599 553 cAP.
1646 505 1819 552 xxvn
1861 507 2347 554 Pnovnnmomm.
2393 527 2474 538 --
2513 507 2654 553 An'r.
2701 507 2872 553 XXVII

3342 487 3458 552 169

359 675 563 740 ximus
594 675 864 740 caritate
888 677 1293 758 conjunctuS,
1312 676 1861 758 amicabiliterque
1888 677 1940 738 A
1975 678 2027 738 ci
2060 678 2300 738 similis
2328 680 2454 738 erit
2481 699 2504 738 .·
2533 677 2835 759 quoniam
2878 685 3116 760 peccat,
3149 684 3213 740 et
3251 675 3462 759 potius

362 774 731 852 convivenS,
766 794 959 857 quam
1008 775 1205 839 frater
1244 776 1492 858 procul,
1526 776 1591 838 id
1630 784 1727 838 est
1760 794 1860 840 co-.

360 881 583 955 gnatus
622 880 739 936 aut
774 872 937 936 alter
974 873 1387 956 quicumque,
1432 883 1647 937 mente
1683 893 1861 938 aver-

360 991 483 1048 sus,
532 991 605 1035 ac
652 971 1185 1036 dissimilitudine
1226 972 1631 1036 infidelitatis
1674 974 1860 1038 vitio-

358 1089 628 1151 rumque
655 1071 941 1133 distans:
969 1071 1139 1153 quod
1169 1073 1512 1135 concordat
1542 1071 1857 1154 parabolae

119 1189 337 1238 μωμε-
358 1187 547 1250 quam
574 1169 866 1232 Christus
894 1169 960 1231 in
982 1169 1329 1250 Evangelio
1359 1170 1439 1232 de
1464 1169 1857 1233 Samaritano

103 1255 157 1302 ³³²
176 1254 237 1295 ³²·
357 1279 418 1332 et
446 1269 671 1333 Levita
698 1269 871 1332 circa
898 1269 1304 1334 vulneratum
1335 1270 1603 1333 inducit.

185 1371 243 1424 ss
433 1371 643 1430 Stude
689 1370 1053 1448 sapientioe,
1080 1371 1189 1447 fili
1218 1370 1333 1442 mi,
1357 1380 1417 1430 et
1450 1372 1711 1447 laetifica
1748 1389 1856 1429 cor

355 1487 595 1536 meum,
628 1466 743 1548 qui
782 1467 863 1529 de
892 1476 998 1530 tuo
1040 1466 1329 1549 profectu
1371 1467 1555 1549 quasi
1594 1469 1674 1531 de
1711 1486 1855 1550 pro-

354 1564 493 1645 prio
543 1584 621 1627 ex
674 1565 937 1628 caritate
978 1565 1245 1641 exsulto,
1282 1577 1355 1627 ut
1386 1569 1591 1644 possis
1631 1587 1857 1644 empro-

353 1664 594 1734 branti,
650 1662 713 1724 id
765 1671 861 1725 cst
912 1663 1240 1726 veritatem
1294 1664 1453 1744 legis
1500 1664 1735 1728 divinae
1780 1685 1853 1727 ac

356 1759 533 1836 fidei,
556 1779 671 1823 seu
701 1760 1017 1841 justitiam
1050 1762 1857 1841 contemnenti,responde-

1967 775 2198 857 quaerit
2226 776 2519 859 decipere
2549 775 2908 859 proximum
2941 795 3134 859 quam
3165 775 3464 858 prodesse

1967 875 2197 938 eidem.

2054 977 2234 1035 Tecta
2257 976 2704 1052 perstillantia
2733 976 2803 1034 in
2833 976 2941 1036 die
2966 974 3266 1052 friyoriS,
3293 983 3352 1034 et
3385 975 3459 1034 li·
3585 991 3654 1048 15

1970 1071 2200 1147 tiqiosa
2232 1073 2485 1142 mulier,
2508 1081 2970 1150 comparantur
2991 1091 3013 1131 .·
3037 1071 3188 1152 quia
3220 1078 3458 1133 utrum-

1967 1186 2091 1249 que
2135 1168 2524 1232 afflictivum
2567 1177 2662 1232 est
2701 1178 2763 1231 et
2804 1170 3166 1232 molestum.
3199 1169 3460 1252 Propter

1965 1268 2139 1350 quod
2170 1268 2479 1352 scriptum
2511 1277 2608 1332 est
2635 1286 2828 1351 supra
2863 1287 2877 1331 :
2911 1267 3130 1332 Melius
3160 1277 3256 1331 est
3280 1268 3458 1331 habi·
3503 1285 3639 1328 Pron.
3661 1298 3746 1336 m.

1965 1377 2101 1431 tare
2141 1368 2208 1430 in
2253 1377 2420 1431 terra
2460 1369 2732 1446 deserta,
2767 1387 2950 1449 quam
2993 1387 3138 1430 cum
3189 1368 3458 1433 muliere
3487 1349 3556 1393 ¹⁹·

1966 1467 2265 1548 litigiosa,
2319 1468 2529 1530 rixosa
2571 1476 2636 1530 et
2683 1466 3006 1529 iracunda.
3061 1469 3189 1539 Qui
3228 1471 3459 1530 retinet
3587 1473 3654 1528 16

1962 1587 2129 1634 eam,
2161 1569 2352 1646 quasi
2383 1557 2501 1646 qui
2534 1577 2794 1628 ventum
2831 1576 3059 1634 teneat,
3097 1566 3157 1629 id
3195 1576 3311 1644 est,
3346 1569 3459 1650 qui

1964 1684 2103 1727 eam
2134 1666 2303 1746 apud
2335 1684 2402 1728 se
2440 1665 2653 1742 habet,
2686 1665 3068 1728 verbositate
3107 1667 3245 1747 ejus
3274 1667 3458 1748 quasi

1963 1772 2155 1827 vento
2185 1765 2343 1826 duro
2373 1763 2711 1844 affligitur,
2731 1775 2790 1826 et
2817 1769 3024 1826 oleum
3055 1769 3300 1828 deoecroe-
3326 1787 3460 1828 suae

352 1878 817 1926 resermonem,
835 1859 897 1921 id
918 1867 1014 1924 est
1038 1859 1275 1923 efficax
1296 1861 1447 1924 dare
1480 1879 1854 1943 responsum
1893 1865 1938 1925 B
1964 1872 2247 1930 evacuet,
2291 1863 2354 1924 id
2405 1871 2521 1939 est,
2571 1863 2867 1946 pietatem
2919 1863 3042 1925 sibi
3092 1882 3458 1927 concessam

352 1965 414 2018 et
436 1959 651 2038 ipsum
674 1958 1143 2021 rationabiliter
1160 1959 1507 2022 confutare.
1527 1960 1699 2022 Unde
1720 1968 1857 2023 orat

258 2054 789 2137 ‹11.Prophcta:Et
818 2056 1033 2120 veniat
1063 2076 1257 2139 super
1286 2076 1389 2120 me
1420 2057 1857 2121 misericordia

359 2162 483 2228 tua,
529 2153 838 2234 Domine3
880 2164 945 2218 et
979 2157 1379 2237 respondebo
1425 2156 1858 2238 exprobranti-

358 2249 472 2312 bus
526 2251 689 2314 mihi
750 2252 1041 2315 verbum.
1096 2253 1256 2315 Hinc
1308 2252 1398 2316 ait
1454 2253 1791 2334 Apostolus
1836 2273 1849 2316 :

145 2360 255 2410 Tit-¹,
273 2364 331 2412 ιο,
358 2348 513 2412 Sunt
536 2351 725 2412 multi
752 2351 1194 2414 inobedientes
1219 2360 1281 2415 ct
1312 2352 1660 2434 vaniloqui,
1695 2371 1855 2434 quos

108 2425 319 2538 ’fg-dm,
356 2457 605 2529 oportet
650 2449 971 2531 redargui.
1004 2451 1083 2512 Et
1129 2469 1347 2512 rursus
1383 2468 1397 2513 ε
1432 2450 1711 2533 Oportet,
1759 2452 1857 2513 in-

354 2553 511 2633 quit,
546 2551 925 2633 episcopum
957 2549 1098 2614 sine
1126 2549 1397 2613 crimine
1424 2570 1584 2628 esse,
1617 2552 1857 2634 ample-

355 2659 630 2713 ctentem
690 2667 861 2726 eum,
918 2648 1029 2729 qui
1092 2649 1440 2711 secundum
1500 2649 1854 2713 doctrinam

355 2757 467 2826 est,
504 2747 772 2811 fidelem
820 2765 1204 2824 sermonem,
1240 2755 1309 2810 ut
1352 2755 1579 2830 potens
1625 2748 1707 2810 sit
1753 2768 1857 2811 ex-

352 2847 591 2911 hortari
624 2846 693 2909 in
726 2846 1017 2909 doctrina
1045 2864 1219 2924 sana,
1240 2855 1303 2908 et
1332 2865 1438 2910 eos
1469 2846 1575 2928 qui
1608 2855 1857 2910 contra-

352 2947 592 3022 dicunt,
626 2963 917 3027 arguere.

1966 1961 2148 2023 tollat
2183 1980 2219 2022 a
2261 1981 2348 2036 se,
2386 1968 2623 2023 tantam
2665 1960 3140 2024 tribulationem
3187 1963 3355 2044 apud
3391 1982 3460 2026 se

1966 2059 2300 2122 retinendo
2353 2077 2366 2120 :
2421 2078 2612 2140 quam
2665 2068 2874 2123 tamen
2926 2069 3282 2142 opportune
3329 2079 3458 2124 non

1966 2166 2174 2240 potest
2213 2158 2414 2220 vitare
2455 2157 2522 2220 in
2564 2167 2716 2221 toto.
2750 2158 2864 2222 Vel
2907 2159 2999 2221 sic
3036 2177 3050 2220 ε
3082 2158 3198 2233 Ουί
3231 2159 3461 2222 retinet

1966 2275 2129 2334 cam,
2165 2257 2229 2318 id
2261 2265 2377 2334 est,
2407 2275 2546 2320 cam
2580 2257 2899 2321 retrahere
2928 2277 2967 2320 a
2997 2277 3111 2320 sua
3142 2258 3461 2340 inquietu-

1965 2356 2115 2418 dine
2148 2355 2395 2432 nititur,
2428 2355 2608 2436 quasi
2650 2355 2760 2437 qui
2802 2365 3058 2419 ventum
3103 2365 3314 2420 teneat
3347 2375 3360 2419 :
3395 2357 3459 2418 id

1966 2463 2082 2530 est,
2136 2453 2534 2535 impossibile
2582 2454 2738 2535 quid
2786 2463 3075 2533 attentat,
3127 2457 3294 2519 sicut
3348 2458 3460 2538 qui

1966 2561 2232 2616 conatur
2280 2561 2538 2617 ventum
2581 2571 2618 2615 a
2657 2571 2770 2616 suo
2815 2553 2974 2616 flatu
3022 2573 3456 2638 compescerc;

1965 2660 2027 2715 et
2058 2651 2268 2715 oleum
2300 2653 2533 2714 dextrae
2565 2671 2694 2715 suae
2723 2653 3085 2728 evacuet,id
3116 2654 3458 2731 est,oleum

1966 2749 2033 2813 iu
2072 2751 2293 2813 dextra
2331 2769 2444 2812 sua
2483 2759 2726 2813 tentum
2768 2751 2922 2816 velit
2963 2753 3333 2834 stringendo
3377 2761 3462 2816 te-

1965 2867 2166 2912 nere-t
2202 2850 2370 2931 quod
2411 2857 2651 2932 quanto
2685 2851 2844 2931 ‘plus
2894 2851 3248 2932 stringitur,
3282 2860 3460 2916 tanto

1962 2947 2168 3029 magis
2205 2946 2498 3022 elabitur,
2533 2947 2621 3009 ita
2660 2949 2830 3028 quod
2872 2966 3100 3010 manus
3139 2949 3278 3030 ejus
3318 2969 3461 3012 eva-

182 3049 239 3104 12
426 3051 702 3108 Astacus
732 3047 961 3106 videns
991 3048 1265 3115 malum,
1296 3042 1359 3106 id
1392 3053 1486 3106 est
1519 3044 1854 3108 imminere
1888 3048 1932 3111 C
1964 3054 2216 3110 cuatur:
2238 3045 2330 3108 sic
2359 3064 2488 3127 quo
2519 3045 2750 3108 mulier
2780 3046 3083 3110 iracunda
3114 3055 3222 3110 aut
3252 3046 3460 3111 rixosa

352 3143 731 3225 periculum,
748 3145 1158 3204 absconditus
1186 3151 1293 3214 est,
1312 3142 1375 3204 id
1407 3150 1523 3218 est,
1544 3162 1613 3205 se
1643 3143 1852 3225 ipsum

352 3242 666 3304 subtraxit
714 3249 777 3304 ει
824 3241 973 3303 inde
1021 3240 1285 3321 celavit3
1317 3244 1596 3320 parvuli
1645 3251 1854 3303 trans—

348 3351 585 3410 euntes,
637 3340 703 3401 id
755 3347 853 3402 est
899 3339 1297 3416 innocenteS,
1351 3339 1687 3422 inexperti,
1738 3340 1853 3402 im-

349 3438 625 3521 providi,
686 3437 839 3500 inde
898 3456 1025 3501 non
1085 3435 1434 3518 fugienteS‚
1487 3441 1852 3500 sustinuere

346 3540 723 3616 dispendia,
756 3537 820 3599 id
853 3545 949 3600 est
987 3537 1239 3599 damna.
1276 3536 1406 3600 Hoc
1447 3547 1755 3601 consonat
1789 3540 1847 3602 ei

232 3672 255 3700 ι
295 3674 321 3710 ι,
346 3639 513 3718 quod
544 3635 793 3700 dictum
825 3645 923 3699 est
952 3655 1143 3719 supra
1170 3635 1491 3698 :Callidus
1523 3636 1695 3701 videt
1724 3657 1851 3701 ma-

346 3737 498 3813 lum,
524 3745 591 3799 et
615 3734 956 3798 abscondit
984 3753 1084 3814 se3
1114 3735 1423 3798 innocens
1454 3736 1843 3817 pertransiit,

346 3844 407 3898 et
449 3833 749 3898 afflictus
796 3842 894 3896 est
940 3834 1175 3896 damno
1212 3851 1225 3894 :
1270 3834 1381 3897 ubi
1433 3833 1600 3898 istud
1645 3836 1848 3918 magis

180 3946 235 4000 {3
346 3934 705 4015 expositum
760 3940 879 3994 est.
917 3968 995 3978 -
1028 3936 1223 4002 Tolle,
1278 3932 1343 3993 id
1388 3941 1507 4010 εει,
1559 3933 1849 4016 accipere

346 4039 545 4114 ροιεε,
586 4033 1043 4092 vestimentum
1072 4032 1212 4106 ejus
1240 4033 1359 4110 qui
1382 4034 1751 4109 spopondit,
1784 4032 1846 4096 id

346 4138 459 4206 εει,
492 4127 869 4192 satisfacere
898 4128 1017 4190 tibi
1050 4128 1362 4209 promisit,
1389 4149 1514 4207 pro
1543 4140 1849 4192 extraneo

1963 3143 2164 3223 magis
2195 3143 2502 3225 quaeritur
2533 3142 2954 3220 refrenari,eo
2987 3144 3132 3227 plus
3161 3145 3294 3207 suis
3323 3165 3460 3228 pas-

1964 3242 2255 3305 sionibus
2303 3241 2744 3303 inflammatur
2793 3250 2854 3305 et
2901 3243 3196 3322 agitatur.
3248 3243 3458 3307 Potest

1964 3349 2177 3404 autem
2217 3359 2330 3424 per
2368 3338 2699 3402 mulierem
2747 3340 3112 3422 litigiosam,
3141 3343 3459 3407 baeretico-

1964 3460 2103 3502 rum
2138 3439 2428 3503 doctrina
2457 3446 2648 3521 atq‘ue
2680 3439 3052 3520 loquacitaS,
3085 3441 3326 3504 nullam
3359 3461 3460 3507 ve-

1964 3538 2333 3600 recundiam
2379 3537 3011 3618 corrigibilitatemvc
3057 3539 3321 3616 bahem,
3375 3540 3458 3602 si-

1962 3637 2167 3717 gnari.

2030 3740 2308 3796 Ferrum
2329 3737 2504 3812 ferro
2524 3734 2985 3817 acuitur.·quia
3012 3753 3125 3818 per
3155 3737 3452 3799 malleum
3586 3760 3652 3815 ῃ

1964 3833 2244 3896 ferreum
2293 3834 2458 3898 clavi
2509 3833 2866 3896 formantur
2909 3842 2972 3896 ει
3018 3843 3366 3915 acuuntur3
3397 3847 3456 3898 et

1959 3935 2143 3994 homo
2189 3935 2449 3993 emacuit
2497 3935 2736 4012 faciem
2783 3935 2984 3994 amici
3029 3937 3190 3995 sui:
3221 3933 3286 3996 id
3336 3941 3451 4011 est,

1958 4050 2124 4092 unus
2168 4031 2358 4094 homo
2391 4049 2506 4094 suo
2537 4038 2866 4114 apparatu,
2899 4031 3191 4095 discursu
3222 4052 3294 4096 ac
3323 4053 3460 4116 per-

1960 4130 2278 4208 suasione,
2315 4130 2564 4193 vultum
2598 4138 2789 4213 atque
2829 4130 3153 4210 ingenium
3195 4132 3456 4196 alterius

345 4228 460 4292 tibi
508 4227 833 4307 obligato3
876 4237 937 4288 et
972 4247 1096 4306 pro
1144 4229 1405 4298 alienae,
1442 4247 1559 4311 pro
1609 4229 1846 4311 quibus
1878 4239 1927 4300 D
1960 4229 2084 4291 sibi
2117 4228 2360 4306 dilecti,
2396 4229 2546 4291 facit
2576 4228 2915 4310 diligenter
2945 4231 3293 4313 adspicere,
3319 4252 3457 4315 pro-

126 4337 321 4406 flantes-en·
346 4326 715 4410 spopondit,
757 4328 954 4404 aufer
982 4328 1231 4405 piqnus
1270 4330 1350 4387 ab
1388 4349 1455 4389 eo
1476 4327 1522 4390 *.
1564 4327 1847 4402 Qualiter

102 4413 229 4453 ’ΨΜ
344 4434 579 4503 autem,
614 4433 679 4488 et
729 4425 799 4488 in
847 4444 978 4507 quo
1019 4445 1171 4488 casu
1221 4426 1451 4508 pignus
1501 4446 1613 4489 seu
1655 4427 1848 4489 vesti-

345 4533 631 4587 mentum
668 4522 795 4586 fuit
835 4523 1205 4606 fidejussori
1244 4524 1731 4604 restituendum,
1766 4526 1845 4589 dc

342 4642 529 4685 mane
569 4622 709 4685 sive
754 4623 831 4685 ad
874 4641 1228 4705 vesperam,
1269 4624 1449 4704 juxta
1487 4624 1711 4708 Moysis
1758 4624 1846 4690 le-

109 4725 320 4784 Mam.
342 4739 507 4801 gem,
560 4720 807 4784 dictum
854 4730 953 4784 est
1002 4739 1213 4804 supra.
1245 4757 1325 4767 -
1360 4725 1486 4792 Qui
1532 4727 1845 4786 benedicit

182 4798 235 4852 Η
338 4823 641 4898 proximo
674 4841 793 4881 suo
826 4841 969 4881 voce
995 4822 1246 4897 ,orandi
1272 4825 1352 4882 de
1380 4833 1559 4884 nocte
1584 4843 1845 4885 consur-

334 4941 515 4998 ¹qens,
568 4919 636 4982 id
686 4927 783 4982 est
834 4927 1121 5002 tempore
1173 4919 1671 4999 inconvenienti,
1725 4923 1845 4987 hoc

342 5029 459 5098 est,
480 5040 559 5085 ex
586 5019 977 5097 adulatione,
1001 5019 1104 5082 vel
1135 5019 1371 5083 intuitu
1407 5022 1647 5103 proprii
1680 5042 1846 5088 com-

340 5120 509 5182 modi
568 5127 681 5182 aut
738 5117 1043 5201 praeconii
1112 5119 1569 5201 consequendi,
1633 5121 1845 5186 laudat

340 5217 705 5300 proximum
744 5235 933 5279 suum
977 5217 1135 5280 hora
1181 5217 1421 5301 inepta,
1453 5219 1554 5282 vel
1606 5227 1845 5302 tempo-

342 5335 411 5378 re
455 5315 536 5378 ad
582 5313 705 5380 hoc
753 5313 1027 5378 sollicite
1074 5315 1415 5399 exquisito,
1463 5321 1845 5380 maledicen-

1961 4325 2353 4408 fundiusque
2396 4346 2664 4409 pensare
2699 4347 2774 4390 ea
2809 4347 2950 4410 quae
2983 4340 3449 4413 proponuntur.

1956 4461 2037 4471 —
2072 4428 2200 4496 Qui
2229 4436 2439 4487 servat
2465 4431 2688 4504 ficum,
2712 4425 2773 4488 id
2805 4435 2922 4503 est,
2956 4447 2993 4489 a
3022 4431 3454 4511 praetereunti-
3587 4456 3652 4511 18
3691 4493 3701 4498 -

1958 4524 2078 4588 bus
2110 4526 2398 4589 arborem
2436 4524 2544 4588 fici
2575 4527 2872 4602 custodit,
2898 4532 3173 4589 comedet
3200 4530 3454 4605 fruetus

1955 4627 2097 4703 ejus
2126 4646 2149 4684 .·
2180 4624 2329 4706 quia
2369 4642 2498 4687 non
2537 4623 2938 4702 auferuntur,
2974 4626 3083 4688 sed
3124 4637 3454 4692 remanent

1956 4724 2105 4789 sibi.
2141 4723 2243 4788 Sic
2275 4723 2711 4807 spiritualiter,
2747 4725 2859 4805 qui
2899 4744 3137 4788 sacram
3174 4726 3453 4808 Scriptu-

1956 4845 2088 4888 ram
2123 4824 2192 4886 in
2233 4841 2348 4886 suo
2388 4830 2721 4886 conservat
2753 4825 2964 4901 corde,
3002 4823 3318 4888 fructibus
3357 4825 3452 4906 (id

1955 4933 2051 4988 est
2098 4922 2721 4988 considerationibus
2769 4931 2833 4986 et
2879 4924 3452 5006 consolationibus)

1954 5022 2093 5104 ejus
2147 5021 2495 5098 reficietur,
2545 5022 2726 5103 juxta
2773 5020 2930 5084 illud
2981 5022 3170 5104 primi
3211 5023 3451 5087 Macha-

1955 5121 2235 5185 baeorum
2274 5141 2287 5185 :
2322 5120 2444 5184 Nos
2475 5120 2654 5183 nullo
2683 5119 2909 5184 horum
2944 5119 3324 5201 indigemuS,
3358 5142 3449 5186 so-
3479 5145 3743 5198 ramam,

1954 5220 2106 5282 latio
2137 5219 2444 5283 habentes
2483 5227 2734 5282 sanctos
2774 5218 2971 5282 libros
3009 5219 3122 5301 qui
3155 5220 3221 5282 in
3252 5223 3449 5284 mani·
3477 5213 3518 5252 ⁹·

1953 5319 2071 5383 bus
2110 5318 2344 5383 nostris
2383 5327 2550 5382 sunt.
2587 5322 2672 5382 Et
2701 5321 2819 5398 qui
2844 5329 3048 5380 custos
3075 5329 3165 5381 esc
3193 5324 3448 5385 domini
