4284 6267
874 484 991 548 180
1484 496 1838 545 mammo
1878 496 1942 543 m
1983 496 2123 543 car.
2171 494 2322 541 xxix
2363 494 2846 543 rnovanmcnnu.
2891 515 2972 525 —
3011 496 3155 543 ΛΒΤ.
3201 497 3349 543 xxix

869 670 1161 754 superbis
1192 680 1287 735 est
1318 671 1672 754 proprium,
1704 688 1781 732 eo
1808 668 1980 751 quod
2020 668 2182 731 alios
2218 685 2359 748 par-
2388 665 2439 728 Α
2467 684 2616 747 ergo
2654 668 2746 730 sic
2788 669 3014 731 metuit
3051 668 3400 745 hominem,
3435 667 3561 731 cito
3597 674 3847 731 corruet
3884 666 3952 729 in

868 770 929 833 vi
972 771 1270 851 pendant,
1307 770 1657 853 praesertim
1701 769 1853 829 dum
1906 767 1999 829 eis
2041 766 2199 847 quid
2240 764 2361 827 dis·

870 868 1113 949 plicens
1160 868 1423 945 faciunt,
1455 878 1517 930 et
1560 886 1627 930 se
1669 868 1841 948 ipsos
1884 863 2306 946 magnificant
2341 882 2354 926 :

871 966 1166 1029 similiter
1214 964 1608 1047 sapientibus
1645 965 1711 1026 in
1760 963 1963 1026 oculis
2012 962 2184 1041 suis;
2219 979 2362 1042 pro-

576 1086 846 1139 Ecclesia.
874 1074 1014 1148 pter
1038 1066 1209 1147 quod
1243 1065 1306 1126 in
1328 1062 1705 1126 Ecclesiaste
1735 1062 2039 1125 habetur:
2062 1060 2129 1123 In
2161 1058 2360 1121 multa

872 1164 1208 1246 sapientia,
1260 1162 1463 1225 multa
1506 1171 1603 1225 est
1651 1160 2052 1241 indignatio),
2103 1160 2227 1218 erit
2274 1160 2362 1219 ad

620 1275 641 1297 ·
661 1286 844 1330 peccan-
862 1264 1162 1341 peccata*
1184 1263 1545 1339 proclivior
1572 1281 1595 1320 .·
1627 1259 1777 1340 quia
1804 1276 1883 1321 ex
1921 1256 2361 1336 indignatione

577 1336 681 1381 dm
870 1361 1070 1423 multa
1116 1379 1190 1423 ac
1238 1378 1468 1440 magna
1517 1358 1812 1421 oriuntur
1860 1354 2363 1437 peccata.1nter-

869 1460 1021 1521 dum
1066 1467 1279 1521 tamen
1318 1455 1673 1537 indignatio
1709 1456 1987 1516 sumitur
2028 1472 2143 1535 pro
2184 1460 2360 1513 motu

868 1556 1334 1639 aspernationis
1392 1564 1611 1618 contra
1672 1553 2100 1633 iniquitatem.
2149 1548 2363 1631 Repri-

870 1674 1116 1717 mamus
1155 1672 1305 1735 ergo
1338 1654 1605 1735 impiam
1646 1650 2179 1731 indignationem,
2213 1666 2362 1711 con-

871 1754 1218 1816 siderantes
1244 1751 1561 1836 propriam
1586 1748 2359 1827 defectuositatem‚quum

580 1922 649 1961 Μ’
870 1959 933 2013 ει
962 1950 1337 2032 indignatiO,
1364 1958 1425 2011 et
1454 1947 1693 2011 clamor
1720 1947 1975 2009 tollatur
2003 1965 2040 2007 a
2060 1943 2359 2009 vobis,—

675 2046 746 2102 23
868 2051 1234 2128 Superbum
1262 2050 1555 2127 sequitur
1583 2046 1925 2107 humilitas
1949 2043 2060 2105 :id
2096 2050 2214 2119 est,
2239 2041 2354 2123 qui

866 2166 935 2210 se
965 2146 1231 2221 extollit,
1267 2143 1750 2223 humiliabitur3
1786 2152 1845 2203 el
1876 2144 2192 2203 humilem
2231 2143 2358 2216 spi-

862 2246 1029 2315 ritu,
1062 2245 1126 2306 id
1170 2252 1267 2307 est
1314 2262 1463 2307 vere
1506 2250 1568 2305 ει
1604 2242 1971 2305 cordialiter
2015 2239 2350 2315 humilem,

860 2344 1163 2419 suscipiet
1183 2342 1424 2419 gloria,
1459 2341 1521 2403 id
1554 2348 1669 2416 εει,
1706 2339 1773 2401 in
1814 2336 2156 2421 praesentia
2195 2336 2355 2399 exal-

864 2440 1101 2503 tabitur
1130 2458 1241 2522 per
1268 2438 1612 2519 gratiarum
1653 2437 2034 2500 charismata
2069 2434 2349 2517 copiosa,

863 2546 927 2600 ει
956 2538 1022 2599 in
1052 2536 1269 2601 futuro
1300 2555 1414 2619 per
1441 2536 1660 2616 gloriae
1690 2536 1888 2614 dona3
1923 2534 2067 2596 talis
2096 2551 2356 2615 quoque

870 2633 1235 2718 frequenter
1264 2636 1341 2697 ad
1372 2634 1680 2697 honorem
1709 2641 1771 2696 ει
1800 2632 2232 2715 praelationem
2265 2650 2357 2693 as-

868 2734 1161 2811 sumitur,
1216 2732 1517 2816 quoniam
1577 2732 1779 2795 honor
1837 2731 2127 2813 sequitur
2187 2728 2356 2809 fugi-

867 2840 1104 2895 entem.

670 2933 743 2989 24
951 2933 1078 3000 Qui
1104 2952 1251 2992 cum
1288 2934 1442 3011 fure
1459 2930 1841 3007 participat,
1872 2927 2351 3004 consentiendO,

2468 776 2743 849 peccata,
2794 769 2946 849 quia
2999 788 3076 831 ex
3131 769 3360 831 timore
3420 766 3812 848 hujusmodi,
3873 784 3956 828 ne

2467 865 2792 929 hominem
2836 865 3148 943 offendat,
3183 875 3292 928 aut
3333 867 3666 930 adversum
3711 865 3954 947 aliquid

2469 964 2767 1047 patiatur,
2804 966 3050 1028 recedet
3089 985 3126 1027 a
3165 964 3268 1027 via
3296 965 3593 1046 justitiae3
3628 973 3690 1027 et
3719 962 3833 1045 qui
3862 964 3959 1026 vi-

2471 1072 2558 1125 tat
2588 1072 2846 1146 peccata
2875 1065 3101 1127 timore
3143 1064 3445 1141 humano,
3479 1070 3630 1126 tunc
3669 1062 3958 1145 peccabit

2469 1164 2723 1242 quando
2754 1181 2882 1226 non
2919 1161 3169 1225 timebit
3201 1162 3280 1224 ab
3313 1161 3594 1239 homine,
3629 1181 3666 1223 a
3694 1180 3820 1242 quo
3849 1180 3958 1225 ve-

2471 1269 2638 1323 retur
2667 1261 2868 1325 videri
2900 1270 3008 1323 aut
3047 1260 3462 1343 deprehendi.
3502 1260 3691 1323 Porro
3731 1259 3956 1322 timere

2470 1358 2818 1437 hominem,
2840 1360 2906 1421 in
2938 1368 3246 1441 quantum
3277 1366 3374 1421 est
3401 1359 3510 1421 Dei
3539 1356 3952 1434 vicariuS‚vel

2472 1466 2672 1539 pater,
2705 1458 2841 1520 sive
2871 1458 3182 1539 superior,
3219 1456 3316 1519 vel
3352 1456 3437 1519 ob
3465 1456 3654 1519 aliam
3685 1457 3956 1519 rationa-

2472 1555 2664 1618 bilem
2697 1574 2967 1630 causam,
2997 1556 3222 1618 timore
3257 1553 3799 1632 filiali,laudabile
3831 1563 3950 1617 est.

2470 1654 2729 1736 Propter
2757 1654 2928 1736 quod
2963 1654 3054 1717 ait
3083 1652 3420 1735 Apostolus
3457 1670 3470 1714 :
3507 1652 3706 1731 Servi,
3739 1651 3955 1715 obedi·
4009 1672 4242 1727 ιρι-κω.

2473 1760 2532 1813 ιε
2565 1753 2630 1814 in
2669 1754 2840 1815 omni
2883 1752 3110 1816 timore
3148 1752 3448 1815 dominis.
3486 1753 3611 1820 Qui
3637 1761 3847 1829 sperat
3878 1753 3947 1810 in

600 1856 839 1911 &phet-w·
870 1852 1039 1915 dicat
1066 1850 1444 1934 Apostolus:
1478 1849 1697 1913 Omnis
1736 1847 2110 1922 amaritudo,
2144 1853 2209 1907 ει
2239 1845 2355 1921 ira,
2395 1850 2443 1911 Β
2473 1854 2770 1923 Domino,
2810 1853 3275 1919 sublevabitur,
3318 1850 3382 1912 id
3426 1857 3542 1924 est,
3579 1868 3692 1931 per
3733 1850 3952 1929 gratiae

2469 1967 2654 2031 opem
2701 1949 2980 2029 erige-tur
3027 1949 3093 2010 in
3129 1949 3346 2025 Deum,
3372 1956 3435 2012 ει
3483 1946 3838 2010 stabilietur
3883 1947 3950 2009 in

2470 2048 2630 2130 ipso,
2666 2056 2735 2109 ut
2777 2065 2902 2110 non
2947 2047 3164 2111 timeat
3211 2047 3557 2123 hominem,
3593 2046 3703 2109 sed
3754 2046 3951 2109 Deum

2465 2146 2808 2221 dumtaxat,
2843 2146 2968 2209 alia
2998 2164 3148 2210 vero
3179 2163 3305 2208 non
3349 2144 3475 2207 nisi
3515 2146 3580 2207 in
3617 2144 3765 2207 Dec.
3807 2144 3950 2208 Ideo

2466 2245 2555 2306 ait
2581 2244 2909 2307 Psalmista
2941 2264 2955 2309 :
2987 2244 3054 2307 In
3087 2244 3353 2307 Domino
3383 2261 3666 2325 speranS,
3699 2260 3827 2305 non
3859 2242 3952 2304 in-
3991 2263 4081 2306 Ρ..
4102 2267 4240 2311 mn.

2469 2342 2798 2407 firmabor.

2557 2445 2760 2505 Mulli
2805 2444 3151 2521 requirunt
3197 2442 3436 2521 faciem
3481 2440 3827 2519 principis,
3883 2440 3947 2501 id
4085 2454 4156 2507 26

2466 2551 2580 2619 εει,
2607 2540 3071 2623 potentioribus
3106 2547 3296 2620 atque
3329 2538 3653 2620 judicibus
3683 2538 3951 2620 cupiunt

2465 2638 2860 2721 complacere
2893 2658 2907 2701 :
2942 2636 3112 2717 quod
3145 2637 3198 2699 si
3233 2634 3349 2698 fiat
3377 2634 3624 2698 sincera
3653 2636 3953 2698 intentio-

2467 2756 2569 2813 ne,
2607 2755 2734 2799 non
2773 2744 2868 2798 εει
2911 2732 3362 2816 vituperabile3
3409 2734 3461 2795 si
3505 2740 3718 2796 autem
3761 2733 3956 2795 intui-

2468 2844 2533 2897 tu
2575 2834 2816 2916 proprii
2856 2832 3173 2896 commodi
3219 2840 3284 2895 ct
3327 2832 3609 2908 honoriS,
3644 2840 3708 2894 et
3745 2840 3816 2893 ut
3850 2851 3956 2894 au-

2466 2932 2719 2995 dentius
2757 2930 3007 3015 possint
3039 2949 3322 3013 peccare,
3359 2949 3436 2993 ac
3477 2930 3648 3010 justa
3684 2930 3954 2994 evadant

866 3029 1249 3110 instigando,
1300 3027 1714 3103 consulend0‚
1768 3026 2170 3108 hospitando,
2226 3044 2354 3087 non
2392 3033 2435 3096 C
2467 3029 2782 3113 supplicia
2824 3029 3080 3112 quando
3115 3029 3520 3105 excesserint,
3559 3027 3797 3089 malum
3834 3036 3950 3089 est.

863 3128 1273 3209 increpando,
1311 3145 1438 3189 non
1489 3125 1917 3208 impediendo,
1953 3132 2063 3186 aut
2112 3132 2352 3205 partem

862 3226 955 3289 rei
986 3224 1210 3289 furatae
1239 3224 1630 3308 accipiendo,
1653 3225 1789 3283 odit
1810 3226 2107 3283 animam
2126 3243 2316 3283 sua-m
2333 3244 2354 3282 .-

863 3324 1017 3406 quia
1052 3324 1372 3407 peccando
1416 3323 1552 3385 vult
1590 3321 1819 3385 animae
1862 3340 1993 3384 suae
2033 3321 2206 3401 quod
2251 3321 2356 3382 ad·

864 3432 1152 3488 versatur
1190 3442 1320 3486 suae
1367 3421 1578 3484 saluti.
1616 3420 1757 3483 Ideo
1804 3419 1929 3483 sert
1970 3419 2302 3481 Psalmista
2335 3439 2348 3484 :

611 3533 690 3575 Pu.
708 3536 807 3585 m.
864 3520 980 3595 Qui
1010 3530 1219 3584 autem
1240 3520 1450 3601 diligit
1479 3518 1899 3600 iniquitatem,
1913 3518 2046 3580 odit
2073 3518 2352 3580 animam

848 3638 1065 3683 suam.
1098 3621 1559 3697 Adjurancem,
1604 3617 1667 3679 id
1714 3625 1810 3680 est
1856 3636 2003 3679 eum
2044 3616 2158 3699 qui
2205 3635 2349 3678 cum

859 3718 1260 3801 adjuratione
1308 3716 1579 3799 inquirit
1624 3736 1659 3778 a
1708 3736 1835 3797 quo
1886 3715 2127 3777 furtum
2179 3734 2350 3778 com—

862 3819 1129 3880 missum
1172 3818 1275 3893 sit,
1313 3819 1504 3877 audit
1535 3815 1922 3898 participans
1968 3813 2099 3890 ille,
2131 3825 2349 3875 cinon

860 3919 1113 3978 indicat
1143 3936 1181 3977 a
1210 3934 1336 3997 quo
1367 3923 1683 3996 patratum
1725 3915 1808 3976 sit
1841 3911 2103 3987 furtum,
2149 3933 2347 3994 quum

862 4017 1021 4079 sciat
1050 4016 1172 4079 hoc
1206 4034 1219 4079 :
1256 4015 1425 4096 quod
1464 4023 1559 4076 est
1588 4033 1716 4076 uno
1750 4014 1935 4076 modo
1967 4013 2349 4096 participare

568 4136 831 4189 remmus.
862 4133 1007 4179 cum
1042 4112 1206 4175 fure.
1239 4112 1415 4174 Unde
1447 4113 1514 4173 in
1543 4111 1788 4174 Psalmo
1816 4129 1829 4173 :
1866 4112 1928 4174 Si
1959 4111 2224 4175 videbas
2258 4110 2350 4173 fu-

863 4230 1019 4289 rem,
1043 4209 1341 4275 currebas
1371 4230 1514 4272 cum
1546 4228 1645 4273 eo.

664 4320 735 4374 25
945 4312 1073 4379 Qui
1095 4311 1270 4371 limet
1299 4311 1649 4379 hominem,
1680 4311 1804 4369 cito
1834 4317 2107 4369 corruel.
2142 4307 2349 4370 Time-

860 4426 928 4471 re
973 4406 1295 4470 hominem
1343 4408 1569 4470 timore
1618 4406 1881 4483 carnali,
1918 4406 2242 4469 mundano
2283 4413 2346 4469 et

857 4506 1293 4583 immoderato,
1326 4514 1421 4568 est
1464 4505 1787 4581 vitiosum,
1824 4504 1987 4567 sicut
2028 4512 2092 4567 ει
2132 4522 2346 4567 amare

854 4604 1214 4682 carnaliter,
1248 4604 1399 4686 quia
1437 4622 1550 4686 per
1583 4610 1923 4683 utrumque
1954 4621 2074 4684 pax
2106 4602 2339 4680 cordis,

854 4712 915 4767 et
944 4702 1203 4767 libertas
1233 4704 1373 4785 ejus
1404 4702 1469 4763 in
1500 4701 1789 4777 Domino,
1810 4701 2179 4783 impeditur.
2199 4700 2342 4764 Ideo

594 4822 823 4877 uuum,
855 4802 1156 4884 praecepit
1199 4800 1484 4863 Christus
1520 4818 1534 4861 :
1568 4800 1771 4862 Nolite
1815 4800 2039 4862 timere
2078 4818 2186 4862 eos
2231 4800 2342 4882 qui

560 4886 629 4929 ²⁸·
853 4918 1084 4982 corpus
1127 4899 1447 4962 occidunt.
1481 4899 1556 4960 Et
1604 4916 1715 4980 per
1764 4897 1986 4960 lsaiam
2030 4896 2336 4979 jubetur:

561 5016 824 5071 [ιω-μη.
852 4997 1056 5061 Nolite
1090 4996 1311 5059 timere
1342 4994 1685 5078 opprobria
1722 4996 2079 5073 hominum,
2113 5004 2176 5058 et
2209 4996 2342 5059 bla-

854 5095 1173 5177 sphemias
1202 5112 1423 5158 eorum
1465 5114 1545 5157 ne
1583 5094 1901 5157 metuatis.
1944 5093 2094 5168 Quis
2133 5113 2202 5156 es
2245 5102 2333 5172 tu,

851 5203 922 5256 ut
971 5194 1192 5256 timeas
1241 5192 1317 5255 ab
1358 5194 1618 5257 homine
1665 5193 1942 5270 mortali,
1996 5200 2060 5256 et
2104 5212 2141 5254 a
2193 5191 2336 5255 silio

850 5292 1152 5369 hominiS‚
1204 5292 1317 5373 qui
1365 5291 1545 5372 quasi
1598 5290 1841 5355 foenum
1884 5294 2164 5354 arescet?
2217 5291 2336 5366 Qui

2466 3130 2696 3211 Sicque
2742 3148 2779 3192 a
2825 3126 3044 3190 multis
3097 3126 3174 3188 fit
3216 3143 3230 3188 :
3272 3126 3442 3208 quod
3497 3135 3706 3191 tamen
3755 3127 3954 3189 vitare

2465 3226 2788 3301 deberent,
2842 3245 2921 3289 ne
2971 3225 3255 3289 incidant
3302 3224 3370 3286 in
3418 3224 3622 3288 divini
3679 3225 3950 3305 rigorem

2460 3325 2708 3408 judicii.
2750 3325 2926 3388 Unde
2970 3323 3383 3406 subjungitur
3415 3342 3428 3387 :
3463 3333 3524 3383 ei
3537 3325 3880 3401 judicium
3909 3344 3950 3383 a

2461 3427 2740 3487 Domino
2790 3426 3124 3502 eqredilur
3177 3425 3590 3499 singulorum
3640 3442 3664 3482 .·
3714 3421 3778 3483 id
3832 3430 3952 3499 est,

2461 3523 2626 3587 Deus
2660 3524 2991 3588 universos
3020 3540 3094 3583 ac
3125 3520 3410 3600 singulos
3442 3539 3592 3583 vero
3626 3528 3688 3583 et
3718 3519 3952 3583 infalli-

2461 3622 2574 3684 bili
2614 3620 2927 3704 judicabit
2971 3618 3236 3701 judicio.
3261 3618 3404 3681 Ideo
3449 3619 3662 3701 potius
3705 3626 3800 3681 est
3839 3638 3950 3701 op-

2462 3722 2723 3784 tandum
2765 3721 2831 3782 in
2862 3717 3158 3801 praesenti
3188 3718 3320 3781 vita
3347 3718 3642 3799 judicari,
3681 3719 3942 3799 purgari

2459 3828 2521 3882 et
2567 3818 2885 3900 castigari,
2935 3836 3126 3898 quam
3177 3815 3397 3879 divino
3444 3815 3689 3897 judicio
3747 3835 3947 3879 reser—

2459 3918 2592 3981 vari
2629 3935 2642 3978 :
2677 3916 2831 3998 quia
2861 3914 3245 3978 horrendum
3277 3922 3374 3976 est
3403 3913 3684 3977 incidere
3713 3914 3779 3976 in
3809 3934 3946 3978 ma·
3975 3939 4234 3987 netum.

2459 4036 2579 4079 nus
2609 4015 2717 4078 Dei
2759 4015 3057 4091 viventis,
3090 4012 3202 4095 qui
3245 4031 3373 4075 non
3402 4011 3715 4094 judicabit
3742 4012 3842 4076 bis
3874 4014 3942 4077 in
3997 4038 4084 4081 ποι,
4099 4052 4236 4089 ιιι-ιι,

2461 4116 2523 4178 id
2561 4115 2792 4196 ipsum.
3975 4102 4044 4143 ¹⁴·

2379 4218 2427 4279 D
2537 4215 3017 4275 Abominanlur
3043 4211 3222 4288 justi
3264 4210 3485 4270 virum
3531 4212 3835 4288 impium,
3874 4210 3940 4273 id
4069 4228 4144 4281 27

2456 4321 2552 4375 est
2579 4327 3049 4393 quemcumque
3073 4306 3381 4389 iniquum,
3399 4309 3744 4370 secundum
3769 4310 3940 4391 quod

2457 4410 2670 4487 talem,
2720 4409 2870 4490 quia
2921 4407 3013 4470 s'ic
3063 4406 3197 4468 luto
3245 4404 3436 4470 vilior
3481 4413 3598 4483 est,
3649 4414 3713 4469 et
3761 4408 3936 4470 omni

2456 4507 2642 4571 bruto
2690 4506 2985 4569 deterior.
3029 4504 3287 4586 Propter
3334 4504 3504 4584 quod
3553 4504 3642 4566 ait
3688 4504 3942 4567 Psalmi·

2455 4616 2583 4671 sta:
2610 4606 2700 4669 Ad
2730 4604 3004 4668 nihilum
3035 4603 3342 4666 deductus
3369 4610 3465 4665 εει
3496 4602 3562 4664 in
3591 4614 3937 4685 conspectu
3993 4626 4074 4671 Ρ».
4096 4630 4238 4677 ma.

2455 4707 2594 4788 ejus
2632 4705 2972 4785 malignus.
3000 4702 3155 4766 Hinc
3194 4702 3400 4786 primo
3441 4701 3936 4766 Machabaeorum

2452 4804 2686 4867 dicitur
2719 4820 2733 4864 ε
2766 4802 2817 4864 A
2865 4800 3076 4864 verbis
3121 4798 3470 4882 peccatoris
3519 4818 3601 4862 ne
3657 4800 3938 4865 timueri-
3993 4822 4234 4872 lucem,

2453 4903 2556 4979 tis,
2590 4902 2742 4983 quia
2765 4900 2968 4981 gloria
2997 4898 3136 4981 ejus
3168 4907 3410 4961 stercus
3439 4906 3502 4961 et.
3535 4898 3769 4960 vermis
3801 4908 3932 4981 est;
3964 4887 4034 4937 ⁶²¹
4057 4888 4128 4929 ⁶³·

2451 4996 2640 5059 hodie
2688 4994 3033 5070 extollitur,
3073 5001 3137 5055 ει
3184 5012 3322 5055 cras
3371 5010 3499 5055 non
3546 4991 3931 5056 invenietur.

2449 5096 2622 5157 Unus
2673 5112 2929 5175 quoque
2975 5092 3328 5154 amicorum
3373 5090 3512 5167 Job,
3547 5090 3615 5152 in
3664 5108 3933 5173 persona

2449 5212 2563 5255 sua
2592 5199 2656 5255 et
2685 5190 3002 5255 sociorum
3033 5208 3314 5265 suorum,
3349 5188 3438 5251 ait
3465 5187 3543 5250 ad
3573 5188 3689 5252 Job
3725 5206 3740 5251 τ
3772 5188 3931 5263 Qua-
3964 5212 4048 5257 ιώ
4063 5217 4228 5266 ινιιῃ.

2449 5310 2516 5355 re
2559 5289 2906 5373 computati
2947 5307 3166 5351 sumus
3210 5295 3281 5349 ut
3323 5295 3598 5350 stercora
3617 5288 3663 5364 *‚
3697 5294 3761 5349 et
3809 5304 3934 5350 sor·
3989 5313 4007 5331 ·
4027 5313 4228 5367 Jumenu
