4284 6267
856 486 977 549 212

1620 508 1975 555 malumno
2019 507 2083 554 m
2126 508 2266 555 cAP.
2315 509 2334 553 1
2376 506 2809 556 EccmsutsrAE.
2855 529 2936 539 —-
2976 510 3118 556 ΛΒΤ.
3165 510 3186 555 1

855 673 1067 756 potius
1099 673 1380 753 fratrem,
1416 682 1488 738 ut
1525 675 1616 738 ait
1649 675 2091 759 HieronymuS,
2122 675 2236 759 qui
2280 673 2351 736 li·
2380 677 2427 738 A
2456 674 2634 740 Unde
2664 676 2788 740 alia
2819 685 2968 740 sunt
2994 697 3138 760 quae
3161 678 3229 741 in
3258 678 3425 742 libro
3457 678 3575 743 isto
3605 699 3716 763 per
3745 679 3960 762 inqui-

856 771 1042 835 brum
1074 773 1265 837 istum
1305 775 1615 857 exposuit.
1649 774 1845 858 Cujus
1884 775 2345 858 expositionem

854 870 1123 934 Albinus
1164 872 1231 935 in
1278 892 1391 937 suo
1431 893 1622 956 super
1661 874 1894 937 librum
1937 874 2131 936 istum
2175 892 2350 938 com-

854 978 1090 1046 mento,
1126 990 1239 1053 pro
1279 972 1506 1054 majori
1546 982 1724 1055 parte
1767 972 2039 1049 induxit,
2076 971 2352 1035 elucida-

851 1070 944 1133 vit
974 1089 1046 1133 ac
1075 1070 1386 1134 dilatavit.

930 1167 1035 1229 Ait
1078 1169 1318 1251 quippe
1361 1170 1779 1252 Hieronymus
1832 1171 1899 1232 in
1948 1170 2346 1252 expositione

850 1286 1185 1348 sua,quam
1214 1269 1295 1330 ad
1324 1268 1377 1331 S.
1399 1269 1655 1331 Paulam
1688 1269 2232 1350 Eustochiumque
2256 1268 2348 1331 di-

851 1365 1013 1427 rexit
1046 1386 1060 1430 :
1095 1366 1299 1439 Quum
1340 1367 1552 1429 Romae
1589 1386 1816 1444 essem,
1852 1375 1917 1429 et
1947 1375 2182 1430 sanctae
2211 1366 2347 1430 Ble-

849 1463 1011 1526 sillae
1049 1464 1323 1543 legerem
1352 1465 1799 1541 Ecclesiasten,
1837 1474 1907 1527 ut
1946 1485 2085 1529 eam
2118 1466 2198 1528 ad
2229 1465 2346 1527 hu-

848 1561 951 1642 jus
985 1562 1205 1624 mundi
1229 1582 1637 1644 provocarem
1668 1572 2207 1646 contemptum,et
2235 1563 2347 1625 illa

850 1679 1041 1724 omne
1068 1661 1238 1743 quod
1269 1661 1333 1723 in
1366 1663 1603 1725 mundo
1634 1662 1953 1739 cernebat,
1992 1681 2107 1744 pro
2138 1661 2344 1724 nihilo

852 1769 1192 1841 reputaret,
1226 1760 1307 1823 ab
1351 1779 1424 1823 ea
1470 1769 1723 1839 rogatus
1760 1770 1923 1832 sum,
1962 1768 2031 1823 ut
2073 1760 2344 1824 obscura

2457 773 2754 838 sitionem
2780 776 3094 853 dicuntur,
3110 785 3172 839 et
3195 776 3321 839 alia
3340 797 3484 859 quae
3506 796 3621 859 per
3645 778 3959 843 rationem

2458 873 2536 935 ad
2569 874 3087 938 satisfaciendum
3118 884 3530 958 promuntur;
3552 877 3677 940 alia
3704 897 3848 959 quae
3877 897 3960 941 ex

2457 990 2730 1053 persona
2777 972 3056 1037 hominis
3105 973 3378 1037 carnalis
3428 983 3493 1036 et
3540 975 3758 1038 tentati
3809 996 3962 1058 pro-

2460 1070 2855 1147 nuntiantur,
2907 1071 3032 1134 alia
3079 1091 3222 1153 quae
3276 1091 3354 1135 ex
3401 1072 3664 1136 rationis
3711 1072 3957 1154 judicio

2460 1167 2891 1249 proferuntur,
2929 1179 3000 1231 ut
3042 1170 3294 1232 animus
3342 1190 3379 1232 a
3423 1170 3954 1235 delectationibus

2457 1274 2916 1350 compescatur.
2968 1268 3122 1330 Nam
3161 1268 3330 1330 infra
3381 1269 3472 1331 ait
3505 1286 3520 1330 :
3553 1270 3681 1333 Hoc
3730 1270 3954 1352 itaque
3981 1290 4230 1343 ειειωῃτ.

2457 1364 2617 1426 mihi
2646 1365 2854 1428 visum
2887 1374 2982 1427 est
3007 1365 3261 1441 bonum,
3299 1374 3368 1428 ut
3397 1368 3686 1431 comedat
3709 1367 3854 1449 quis
3885 1376 3954 1431 et

2456 1462 2654 1541 bibat,
2687 1472 2750 1526 et
2782 1462 3029 1526 fruatur
3071 1463 3290 1527 laetitia
3329 1484 3408 1527 ex
3445 1484 3560 1528 suo
3601 1466 3836 1529 labore.
3871 1466 3950 1529 Et

2458 1568 2668 1626 tamen
2719 1571 2938 1644 postea
2985 1562 3203 1625 subdit
3251 1579 3266 1624 :
3319 1563 3538 1626 Melius
3586 1572 3684 1628 est
3731 1565 3820 1627 ire
3865 1566 3950 1627 ad
3983 1588 4228 1639 mama

2455 1660 2713 1723 domum
2747 1661 2974 1731 luctus,
3010 1681 3202 1742 quam
3233 1661 3312 1723 ad
3351 1662 3608 1724 domum
3641 1663 3948 1728 convivii.

2457 1758 2518 1820 Si
2560 1759 2732 1822 enim
2772 1759 3010 1822 bonum
3049 1768 3145 1823 est
3186 1761 3566 1824 manducare
3607 1770 3670 1823 et
3706 1761 3950 1839 bibere,

847 1877 1117 1939 quaeque
1161 1858 1309 1921 libri
1353 1859 1543 1941 hujus
1594 1859 1993 1937 dissererem,
2029 1867 2342 1940 quatenus
2379 1850 2427 1911 B
2455 1858 3000 1939 delectationeque
3037 1857 3187 1935 frui,
3217 1858 3450 1921 melius
3479 1866 3576 1922 est
3615 1860 3705 1923 ire
3732 1860 3808 1923 ad
3839 1861 3957 1923 do-

846 1956 1090 2039 absque
1136 1976 1274 2021 mea
1329 1958 1666 2039 praesentia
1715 1966 1929 2039 posset
1984 1958 2344 2038 intelligere

848 2074 992 2135 quae
1022 2055 1291 2136 legebat.
1328 2056 1560 2137 ltaque,
1595 2056 1899 2137 quoniam
1931 2055 2072 2138 ipsa
2106 2057 2174 2118 in
2205 2075 2346 2138 pro-

850 2152 1066 2215 cinctu
1120 2154 1533 2235 expositionis
1592 2164 1822 2217 nostrae
1872 2156 2081 2217 subita
2140 2163 2344 2218 morte

852 2250 1171 2315 subtracta
1218 2260 1334 2329 est,
1369 2261 1434 2315 et
1476 2271 1602 2316 non
1653 2254 2025 2331 meruimuS,
2072 2272 2110 2316 o
2155 2254 2345 2316 Paula

850 2358 916 2411 et
954 2349 1387 2428 Eustochium,
1422 2352 1610 2414 talem
1653 2352 1799 2414 vitae
1838 2360 2067 2415 nostrae
2111 2352 2346 2414 habere

850 2456 1229 2524 consortem,
1292 2457 1467 2512 tanto
1524 2448 1790 2512 vulnere
1856 2450 2130 2513 tristitiae
2193 2458 2345 2513 tunc

850 2565 1189 2627 percussus
1212 2547 1502 2610 obmutui
1518 2566 1535 2627 ;
1560 2567 1727 2611 nunc
1760 2548 1825 2610 in
1850 2548 2172 2611 Bethleem
2199 2567 2348 2612 con·

849 2645 1131 2721 stitutuS,
1165 2646 1488 2709 memoriae
1530 2656 1763 2711 sanctae
1808 2646 1981 2710 illius
2030 2656 2091 2711 et
2136 2648 2341 2723 vobis,

849 2745 1022 2825 quod
1051 2743 1273 2821 debeo,
1310 2745 1520 2809 reddo,

965 2843 1270 2907 Praeterea
1325 2844 1403 2906 ad
1460 2844 1953 2925 intelligendum
2014 2845 2344 2927 limpidius

853 2940 1152 3005 universa
1211 2942 1277 3004 in
1335 2942 1500 3006 libro
1559 2944 1683 3006 isto
1737 2952 2055 3019 contenta,
2120 2945 2345 3008 adver-
2399 2977 2404 2986 ·

2455 1976 2629 2018 mum
2681 1957 2984 2033 convivii,
3036 1976 3226 2038 quam
3275 1957 3355 2019 ad
3398 1958 3659 2021 domum
3717 1959 3951 2022 luctus,

2453 2054 2630 2117 Unde
2659 2054 2931 2131 elicitur,
2964 2057 3138 2137 quod
3178 2055 3337 2117 illud
3367 2075 3444 2118 ex
3478 2055 3954 2120 infirmantium

2453 2162 2646 2234 atque
2675 2153 3024 2216 carnalium
3056 2172 3327 2235 persona
3356 2154 3771 2230 intulitistud
3801 2174 3956 2219 vero

2455 2270 2531 2313 ex
2578 2252 2838 2314 rationis
2879 2250 3260 2315 definitione
3297 2253 3654 2334 subjunxit.
3686 2254 3836 2316 Nam
3885 2264 3954 2318 et

2455 2369 2709 2412 causam
2753 2370 2867 2413 cur
2911 2350 3076 2413 istud
3123 2351 3207 2413 sit
3249 2351 3498 2427 meliuS,
3542 2351 3807 2429 addidit,
3853 2354 3954 2415 di-

2456 2468 2608 2512 cens
2649 2467 2664 2512 ε
2708 2449 2774 2511 In
2826 2448 2936 2511 illa
2975 2450 3172 2527 enim,
3207 2450 3454 2513 scilicet
3501 2450 3568 2512 in
3616 2452 3807 2515 domo
3855 2452 3956 2513 lu-

2455 2556 2616 2625 ctus,
2670 2546 2824 2610 finis
2879 2556 3254 2611 cunctorum
3311 2548 3688 2611 admonetur
3745 2548 3956 2613 homi-

2454 2664 2630 2721 num,
2672 2654 2736 2709 et
2772 2646 2996 2709 vivens
3040 2646 3274 2725 cogitat
3315 2646 3472 2727 quid
3514 2645 3798 2710 futurum
3835 2649 3948 2711 sit.

2455 2745 2684 2808 Iterum
2713 2744 3106 2819 aitzLaetare,
3130 2745 3409 2826 juvenis,
3431 2745 3496 2806 in
3526 2746 3954 2810 adolescentia
3997 2762 4222 2810 lamus.

2455 2852 2584 2905 tua.
2634 2843 2708 2905 Et
2752 2852 2962 2906 tamen
3007 2843 3198 2925 paulo
3241 2852 3386 2925 post
3427 2844 3643 2907 subdit
3678 2862 3693 2906 :
3729 2845 3955 2909 Adole-
4013 2860 4200 2903 maio.

2455 2940 2697 3004 scentia
2727 2949 2789 3005 et
2818 2943 3109 3024 voluptas
3138 2960 3302 3005 vana
3329 2950 3500 3005 sunt.
3520 2941 3956 3007 Consimiliter

4013 2466 4187 2510 Ibida-1.

856 3040 1045 3102 tenda
1087 3048 1237 3102 sunt
1276 3040 1469 3104 verba
1518 3041 1722 3105 sancti
1764 3041 2071 3122 Gregorii,
2115 3052 2344 3125 quarto
2375 3036 2422 3101 G
2456 3040 2864 3104 concionator
2906 3040 3024 3103 iste
3063 3040 3344 3103 diversas
3383 3041 3801 3105 tentationum
3843 3062 3957 3107 co-

855 3137 1256 3219 Dialogorum
1311 3139 1580 3202 dicentis
1630 3141 1849 3222 (cujus
1903 3140 2097 3204 etiam
2150 3142 2345 3204 verba

852 3234 1069 3298 Glossa
1108 3244 1171 3299 et
1206 3235 1475 3299 Albinus
1514 3240 2042 3319 commemorant)
2076 3256 2090 3300 :
2129 3239 2346 3302 Eccle-

852 3332 1099 3413 siasteS,
1133 3334 1363 3415 inquit,
1387 3334 1618 3411 Graece,
1644 3336 2055 3400 concionator
2084 3338 2343 3420 proprie

851 3432 1108 3497 dicitur.
1138 3433 1209 3495 ln
1240 3434 1547 3497 concione
1578 3453 1729 3500 vero
1762 3436 2078 3498 sententia
2112 3436 2346 3517 promi-

853 3538 977 3609 tur,
1030 3550 1143 3613 per
1184 3551 1372 3613 quam
1416 3534 1819 3596 tumultuosas
1862 3534 2063 3597 turbae
2114 3534 2342 3598 seditio

851 3630 1339 3712 comprimatur;
1380 3638 1622 3694 etcum
1668 3631 1853 3694 multi
1903 3632 2154 3695 diversa
2204 3653 2345 3696 sen-

854 3728 1039 3803 tiunt,
1073 3748 1188 3810 per
1225 3729 1660 3793 concionantis
1702 3730 2007 3793 rationem
2040 3731 2117 3793 ad
2151 3750 2342 3794 unam

852 3826 1230 3888 sententiam
1281 3828 1737 3909 perducuntur.
1782 3828 1893 3911 llic
1940 3829 2133 3909 igitur
2183 3829 2346 3892 liber

850 3922 1089 3986 idcirco
1118 3925 1526 3988 concionator
1553 3926 1807 4003 dicitur,
1841 3927 2143 4008 quoniam
2177 3927 2348 3990 Salo-

852 4040 1001 4085 mon
1046 4022 1113 4085 in
1156 4042 1230 4087 eo
1273 4024 1455 4105 quasi
1500 4024 1948 4087 tumultuantis
1998 4025 2204 4089 turbae
2250 4046 2348 4088 as-

851 4121 1124 4201 sumpsit
1158 4141 1437 4199 sensum,
1483 4132 1551 4185 ut
1590 4142 1664 4187 ea
1702 4142 1816 4205 per
1858 4122 2343 4205 inquisitionem

2455 3137 2794 3217 gitationes
2837 3137 3223 3219 exprimenS,
3261 3138 3350 3199 ait
3385 3156 3398 3199 ε
3433 3136 3607 3199 Unus
3650 3146 3745 3201 est
3789 3140 3956 3203 inte-
3983 3155 4219 3204 namsi».

2455 3236 2613 3297 ritus
2661 3236 2995 3298 hominum
3043 3244 3106 3298 et
3159 3235 3616 3317 jumentorum,
3671 3245 3736 3301 et
3785 3238 3952 3301 nihil

2452 3334 2646 3398 habet
2688 3333 2878 3397 homo
2914 3335 3203 3416 jumento
3244 3335 3544 3416 amplius,
3581 3336 3699 3399 Sed
3737 3356 3814 3400 ex
3851 3356 3956 3400 ra-

2457 3433 2646 3496 tionis
2696 3432 3076 3496 definitione
3120 3441 3340 3515 postea
3381 3433 3536 3497 dicit
3569 3451 3583 3495 :
3617 3433 3776 3509 Quid
3816 3455 3955 3498 am·
3997 3450 4208 3499 means.

2455 3532 2623 3614 plius
2661 3531 2852 3594 habet
2892 3530 3144 3613 sapiens
3175 3550 3212 3593 a
3241 3531 3472 3594 stulto?
3503 3540 3566 3594 et
3603 3533 3759 3615 quid
3801 3554 3957 3616 pau-

2456 3650 2590 3712 per,
2636 3631 2761 3692 nisi
2805 3638 2873 3692 ut
2915 3638 3131 3712 pergat
3176 3630 3333 3693 illuc
3373 3630 3485 3693 ubi
3531 3639 3628 3694 est
3667 3632 3840 3696 vita?
3879 3634 3954 3697 ln

2454 3728 2686 3810 quibus
2731 3728 2944 3792 verbis
2989 3728 3268 3791 declarat
3311 3729 3481 3809 quod
3533 3728 3638 3793 hic
3687 3749 3816 3794 non
3866 3732 3953 3794 sit

2459 3846 2608 3890 vera
2635 3826 2966 3890 bominum
3005 3826 3159 3901 vita,
3190 3826 3269 3888 ad
3301 3845 3496 3907 quam
3533 3826 3948 3892 obtinendam

2459 3926 2662 4007 pergit
2689 3925 2940 4007 sapiens
2974 3932 3117 4007 post
3147 3924 3312 3987 hanc
3340 3925 3561 3988 vitam.
3598 3926 3942 4005 Postrem0‚

2458 4024 2867 4088 concionator
2911 4025 3028 4086 iste
3067 4022 3254 4102 longe
3295 4022 3568 4086 inferius
3613 4024 3894 4107 loquitur
3927 4046 3943 4089 :

2455 4123 2908 4203 Quodcumque
2947 4128 3156 4203 potest
3197 4139 3421 4183 manus
3464 4130 3591 4200 tua,
3635 4122 3948 4189 instanter
3979 4142 4216 4193 meduno.

853 4218 1111 4295 diceret,
1144 4239 1287 4301 quae
1322 4219 1587 4284 sortasse
1629 4241 1742 4304 per
1775 4222 2186 4285 tentationem
2230 4222 2347 4286 im·
2378 4222 2426 4283 D
2456 4240 2720 4303 operare
2767 4238 2781 4282 :
2834 4220 2988 4302 quia
3033 4239 3152 4283 nec
3201 4238 3383 4302 opuS,
3437 4239 3553 4284 nec
3599 4222 3780 4299 ratio,
3829 4242 3948 4287 nec

856 4316 1062 4398 perita
1103 4336 1259 4399 gens
1304 4320 1518 4383 sentit.
1565 4319 1726 4395 Quot
1776 4320 1946 4383 enim
1996 4320 2346 4384 sententias

852 4434 967 4497 per
1011 4416 1490 4498 inquisitionem
1535 4427 1781 4495 movet,
1809 4420 1991 4500 quasi
2037 4427 2129 4482 tot
2168 4420 2236 4481 in
2280 4438 2348 4483 se

851 4532 1155 4596 personas
1194 4516 1591 4579 diversorum
1629 4517 1895 4599 accepit.
1930 4517 2051 4580 Sed
2094 4518 2348 4582 concio-

852 4620 1037 4675 nator
1064 4632 1254 4677 verax
1288 4615 1473 4695 quasi
1510 4624 1764 4678 extenta
1804 4635 1998 4678 manu
2032 4618 2345 4679 tumultus

850 4711 1141 4775 omnium
1169 4712 1366 4789 sedat,
1381 4732 1615 4794 eosque
1637 4714 1716 4776 ad
1750 4734 1941 4777 unam
1967 4716 2347 4778 sententiam

852 4818 1124 4887 revocat,
1172 4829 1370 4892 quum
1422 4810 1487 4873 in
1539 4812 1824 4893 ejusdem
1873 4812 2021 4874 libri
2073 4816 2347 4878 termino

851 4908 937 4969 ait
975 4928 989 4970 :
1024 4908 1244 4969 Finem
1272 4908 1572 4990 loquendi
1614 4928 1835 4973 omnes
1866 4912 2103 4994 pariter
2130 4913 2348 4975 audia-

850 5022 1027 5067 mus:
1056 5005 1252 5069 Deum
1284 5006 1457 5082 time,
1484 5016 1601 5070 etc.
1630 5006 1692 5069 Si
1724 5007 1898 5070 enim
1930 5010 1996 5070 in
2027 5009 2193 5073 libro
2226 5012 2347 5073 isto

850 5120 963 5184 per
1011 5103 1399 5168 locutionem
1460 5125 1638 5169 suam
1687 5125 1992 5188 personas
2041 5108 2349 5190 plurimo-

850 5219 991 5262 rum
1043 5221 1170 5266 non
1219 5203 1484 5286 accepit,
1534 5224 1648 5267 cur
1690 5207 1768 5269 ad
1818 5206 2204 5270 audiendum
2257 5206 2348 5270 lo-

851 5300 1094 5379 quendi
1150 5300 1373 5377 finem,
1426 5321 1647 5366 omnes
1706 5324 1920 5369 secum
1978 5305 2343 5369 admonuit?

2457 4320 2791 4402 sapientia,
2845 4338 2961 4382 nec
3009 4318 3275 4381 scientia
3320 4328 3511 4382 erunt
3564 4321 3731 4402 apud
3783 4321 3950 4386 infe-

2459 4438 2582 4495 ros,
2614 4436 2743 4501 quo
2773 4426 2842 4479 tu
2880 4435 3202 4499 properas.
3236 4416 3560 4489 Quomodo
3589 4436 3738 4500 ergo
3779 4439 3946 4483 unus

2458 4517 2752 4579 interitus
2782 4525 2877 4579 est
2915 4515 3193 4578 hominis
3222 4524 3285 4578 et
3311 4516 3620 4596 jumenti?
3649 4526 3760 4579 aut
3789 4537 3948 4600 quo-

2457 4615 2644 4679 modo
2684 4613 2848 4676 nihil
2877 4613 3068 4677 habet
3097 4614 3287 4677 homo
3321 4614 3613 4695 jumento
3639 4616 3940 4698 ampliuS,

2456 4732 2652 4795 quum
2679 4714 2966 4794 jumenta
2997 4720 3142 4794 post
3169 4721 3435 4775 mortem
3465 4712 3672 4777 carnis
3701 4732 3828 4777 non
3855 4715 3947 4780 vi-

2455 4820 2630 4889 vant,
2663 4810 2926 4892 spiritus
2958 4821 3166 4873 autem
3207 4811 3536 4874 hominum
3570 4811 3942 4893 iniquorum

2457 4918 2600 4992 post
2645 4918 2910 4971 mortem
2960 4910 3169 4972 carnis
3216 4909 3294 4971 ad
3343 4908 3583 4973 inferos
3631 4910 3944 4973 deducan-

2461 5011 2598 5070 tur?
2632 5008 2754 5069 Has
2790 5026 2940 5088 ergo
2973 5016 3100 5069 tam
3134 5007 3416 5071 diversas
3450 5007 3687 5069 mentis
3721 5007 3942 5072 huma·

2458 5126 2554 5169 nae
2587 5106 2943 5188 opinioneS,
2977 5106 3314 5187 diligenter
3345 5106 3493 5169 libri
3525 5106 3717 5187 hujus
3747 5108 3942 5172 lector

2455 5206 2831 5283 consideret,
2856 5205 3097 5287 etquid
3127 5205 3230 5267 cui
3260 5223 3548 5286 personae
3581 5207 3936 5283 conveniat,

2454 5312 2697 5387 penset,
2735 5323 2815 5368 ne
2844 5304 2912 5367 in
2944 5303 3201 5386 Epicuri
3229 5322 3510 5368 errorem
3541 5305 3807 5383 labatur,
3827 5306 3941 5389 qui
