4284 6267
1195 482 1545 530 numano
1589 481 1651 529 m
1693 482 1830 529 cAr.
1869 482 1953 528 vu
1991 480 2473 529 rnovsnmonuu.
2520 502 2600 511 ——
2642 478 2783 529 ΛΒΤ.
2820 478 2903 528 vn
3514 458 3587 528 51

191 669 338 721 ιιυ.
360 672 432 713 ιε.
485 651 722 715 iterum
759 653 1050 736 loquitur
1086 654 1275 717 lsaias
1311 673 1325 717 ε
1358 654 1508 729 Quis
1545 664 1632 729 tu,
1667 663 1737 717 ut
1769 656 1992 717 timeas
2021 654 2070 715 A
2101 673 2243 717 sum
2276 654 2499 719 formae
2530 654 2725 717 illius.
2762 660 2840 720 Ut
2867 658 3187 717 custodiat
3218 666 3273 717 te
3300 677 3340 717 a
3372 657 3592 716 mulie·
3734 672 3771 728 5

483 749 569 811 ab
599 751 868 815 homine
897 752 1176 827 mortali,
1211 762 1271 815 et
1302 772 1338 815 a
1367 752 1508 816 silio
1539 753 1844 829 hominiS‚
1878 752 1991 833 qui
2100 775 2168 814 re
2186 765 2510 817 extranea.
2524 755 2717 818 Judaei
2746 764 2957 817 autem
2981 756 3054 817 ad
3079 753 3390 817 adulteria
3410 761 3589 815 erant

483 849 673 929 quasi
707 848 956 913 foenum
979 854 1258 914 arescet?
1283 851 1800 933 Denique,quum
1829 852 1991 912 Deus
2099 852 2308 935 proni,
2352 854 2516 916 sicut.
2544 853 2844 917 Ieremias
2886 862 3149 916 testatur
3182 872 3196 916 z
3232 852 3587 933 Unusquis-
3648 870 3801 920 aem,
3826 872 3866 913 s.

484 947 572 1009 sit
599 949 955 1030 majestatis
988 950 1334 1027 immensae‘,
1359 970 1396 1012 a
1428 968 1554 1032 quo
1591 949 1870 1013 finaliter
1900 968 1992 1011 se·
2097 970 2224 1032 que
2252 953 2330 1014 ad
2361 970 2621 1015 uxorem
2654 951 2923 1034 proximi
2962 951 3061 1013 sui
3093 950 3448 1015 hinniebat.

485 1046 701 1127 parari
752 1058 848 1111 est
907 1048 1408 1132 incomparabile
1458 1049 1721 1126 malum,
1775 1057 1838 1110 et
1884 1046 1988 1110 cui
2175 1053 2271 1111 De
2298 1050 2600 1133 senes-irai
2618 1054 2793 1112 enim
2826 1054 3057 1111 domus
3098 1071 3249 1113 meae
3282 1070 3399 1129 per
3437 1070 3589 1112 can-
3732 1060 3767 1113 6

487 1144 745 1226 placere
771 1155 870 1209 est
900 1148 1004 1209 via
1042 1148 1266 1210 salutis
1295 1155 1548 1212 aeternae
1572 1166 1589 1227 3
1625 1146 1863 1209 idcirco
1894 1146 1992 1208 in-
2095 1152 2281 1209 cellos
2292 1151 2599 1227 prospexi
2601 1150 2936 1225 juvenem,
2960 1160 3019 1210 et
3040 1152 3223 1209 video
3248 1153 3582 1229 parvulos.
3732 1158 3765 1213 7
3824 1144 3829 1149 ⁸

486 1244 1016 1325 comparabiliter
1053 1255 1148 1309 est
1195 1246 1516 1309 timendus
1559 1246 1750 1309 etiam
1799 1244 1987 1307 filiali
2097 1247 2305 1310 Potest
2354 1247 2475 1310 hoc
2521 1246 2725 1328 accipi
2782 1247 2861 1309 de
2915 1246 3231 1329 corporali
3282 1244 3581 1321 fenestra,

161 1353 456 1401 maram-
489 1342 737 1406 timore.
757 1343 1021 1425 Propter
1046 1346 1220 1426 quod
1251 1345 1411 1407 dixit
1442 1344 1782 1427 Apostolus
1804 1362 1818 1405 :
1839 1344 1989 1406 Hor·
2095 1364 2532 1427 corporeoque
2570 1354 2943 1428 prospectu3
2977 1355 3039 1408 et
3082 1346 3231 1408 item
3263 1344 3586 1427 spirituali

489 1442 764 1503 rendum
801 1452 898 1505 est
935 1442 1220 1507 incidere
1259 1444 1324 1505 in
1367 1462 1595 1507 manus
1624 1442 1735 1505 Dei
1777 1442 1990 1504 viven-
2099 1442 2377 1507 fenestra
2405 1453 2469 1507 et
2496 1446 2637 1526 ejus
2664 1444 2987 1522 cancellis,
3012 1444 3076 1507 id
3109 1453 3205 1508 est
3233 1445 3311 1507 de
3343 1444 3588 1506 lumine

207 1552 300 1596 1⁰1³
327 1566 456 1602 xm.
489 1541 595 1603 tis.
647 1542 726 1603 Et
775 1552 1034 1605 sanctus
1086 1543 1201 1605 Job
1254 1541 1464 1605 fassus
1511 1550 1608 1605 est
1661 1558 1675 1602 :
1729 1542 1989 1622 Semper
2100 1542 2363 1605 rationis
2394 1551 2455 1605 et
2496 1542 2829 1605 industriis
2860 1543 2997 1623 ejus
3037 1562 3109 1604 ac
3141 1540 3457 1623 spirituali
3492 1542 3589 1603 in-

487 1640 676 1721 quasi
730 1648 1048 1703 tumentes
1097 1660 1290 1723 super
1337 1660 1438 1703 me
1488 1640 1748 1717 fluctuS,
1798 1638 1988 1701 timui
2099 1640 2287 1703 tuitu.
2326 1644 2665 1704 Considero
2696 1645 3018 1723 vecordem
3030 1642 3367 1718 juvenem,
3404 1640 3464 1702 id
3495 1647 3592 1702 est

487 1739 712 1813 Deum,
767 1748 832 1803 et
879 1740 1126 1821 pondus
1174 1740 1316 1821 ejus
1366 1738 1532 1802 ferre
1585 1757 1712 1802 non
1761 1738 1985 1819 potui3
2099 1739 2518 1817 insensatum,
2562 1749 2625 1804 et
2659 1738 3195 1821 concupiscentiis
3234 1739 3584 1815 subditum,

183 1850 456 1900 thid-mn.
487 1837 776 1919 itemque
811 1855 826 1900 ε
865 1838 1030 1901 Deus
1068 1837 1242 1902 solus
1279 1846 1492 1915 est,·et
1535 1836 1984 1917 cogitationem
2025 1838 2070 1899 B
2097 1839 2281 1920 quasi
2331 1838 2469 1902 sine
2516 1841 2705 1903 corde
2754 1839 3183 1902 exsistentem.
3227 1838 3587 1901 Fornicatio
3618 1852 3865 1905 anewm.

168 1916 240 1964 ¹³·
265 1916 337 1955 ¹⁵·
483 1938 625 2017 ejus
659 1956 854 2001 nemo
889 1946 1176 2001 avertere
1217 1946 1446 2019 potest.
1480 1937 1721 2000 ldcireo
1753 1955 1790 1998 a
1821 1934 1986 1998 facie
2097 1939 2293 2013 enim,
2323 1946 2388 2001 et
2425 1937 2719 2013 ebrietaS‚
2754 1946 2819 2000 et
2856 1937 3079 1999 vinum
3110 1935 3413 2000 auferunt
3452 1955 3581 1999 eor.

483 2035 625 2116 ejus
657 2034 953 2097 turbatus
985 2055 1152 2113 sum,
1176 2044 1239 2099 et
1267 2034 1676 2098 considerans
1706 2053 1878 2109 eum,
1903 2032 1982 2095 ti·
2099 2039 2228 2106 Qui
2258 2040 2493 2098 transit
2518 2056 2633 2114 per
2656 2041 2943 2115 plateas:
2963 2036 3116 2119 quia
3145 2045 3381 2099 aretam
3413 2036 3581 2100 viam
3732 2037 3768 2091 8

479 2153 658 2197 more
689 2133 1020 2197 sollicitor.
1037 2134 1489 2198 Verumtamen
1525 2152 1746 2196 versus
1769 2132 1888 2195 iste
1921 2131 1986 2194 in
2099 2135 2321 2197 salutis
2362 2134 2617 2215 abJecit,
2650 2143 2713 2197 et
2758 2134 2947 2197 latam
2994 2134 3371 2217 perditionis
3416 2134 3584 2197 viam

483 2220 748 2297 Hebraeo
777 2232 1014 2295 dicitur
1053 2252 1183 2296 non
1222 2231 1560 2296 contineri.
1599 2232 1837 2313 ltaque,
1877 2231 1988 2293 Ηο-
2099 2233 2371 2313 incedit3
2388 2234 2597 2311 juoeta
2627 2238 2971 2311 anqulum,
2994 2234 3073 2296 de
3102 2251 3230 2315 quo
3259 2233 3411 2295 hine
3441 2232 3590 2296 inde

482 2350 640 2393 nora
671 2331 1040 2407 Dominum,
1073 2339 1136 2393 et
1167 2330 1431 2408 valebiS,
1461 2330 1523 2392 id
1556 2338 1672 2405 est,
1701 2349 1816 2413 per
1843 2348 1986 2410 gra·
2101 2332 2433 2414 respiciat;
2464 2343 2524 2393 ec
2551 2353 2747 2411 prope
2785 2335 2963 2394 viam
2990 2336 3217 2393 domus
3248 2335 3456 2401 illius,
3474 2332 3591 2394 sci-

481 2429 639 2492 tiam
673 2427 1169 2506 confortaberiS,
1203 2448 1276 2492 ac
1306 2428 1600 2493 hostibus
1629 2430 1986 2491 animarum
2101 2431 2249 2494 licet
2296 2440 2631 2507 extraneas,
2674 2433 2985 2509 ,qr-aditur
3034 2432 3107 2491 in
3155 2432 3440 2499 obscuro,
3483 2434 3592 2492 ad-
3732 2432 3769 2488 9

486 2528 717 2591 fortior
747 2526 898 2591 eris,
941 2527 1268 2610 Siquidem
1299 2528 1605 2590 Dominus
1645 2528 1799 2591 alibi
1843 2546 1992 2591 con·
2102 2540 2567 2609 vesperascente
2619 2532 2750 2597 die,
2810 2531 2881 2590 in
2942 2532 3144 2590 noctis
3204 2532 3476 2591 tenebris
3532 2538 3591 2590 et

163 2646 454 2703 manso.
486 2636 759 2690 testatur
812 2643 826 2688 ε
887 2625 1286 2708 Quicumque
1343 2625 1804 2707 glorificaverit
1862 2646 1985 2702 me,
2101 2632 2403 2707 caliqine.
2446 2628 2677 2693 Oculus
2716 2629 2889 2690 enim
2929 2627 3223 2705 adulteri,
3258 2636 3415 2691 teste
3450 2628 3588 2706 Job,
3671 2636 3755 2680 10⁶
3775 2650 3885 2687 mv,

483 2726 874 2807 glorificabo
922 2744 1067 2787 eum
1094 2745 1111 2805 ;
1152 2724 1265 2807 qui
1313 2734 1526 2788 autem
1575 2734 1993 2789 contemnunt
2103 2730 2399 2793 observat
2438 2728 2801 2808 caliginem.
2853 2726 3019 2790 Talis
3067 2746 3325 2808 quoque
3372 2728 3437 2788 in
3488 2726 3597 2790 ob·
3625 2700 3690 2741 ¹⁵·

487 2844 615 2902 me,
646 2832 842 2888 erunt
869 2823 1207 2902 ignobiles,
1243 2824 1419 2886 Unde
1450 2824 1516 2886 in
1547 2823 1730 2887 libris
1761 2824 1996 2887 Macha-
2105 2826 2403 2889 scuritate
2458 2834 2554 2889 est
2599 2825 2885 2903 rationis,
2938 2824 3005 2887 in
3055 2826 3472 2888 excaecatione
3530 2832 3591 2887 et

165 2938 456 2989 numan.
487 2924 778 2987 baeorum
825 2922 1136 3004 seriptum
1182 2931 1280 2985 est
1325 2938 1340 2983 ε
1389 2922 1640 2985 Honora
1685 2942 1832 2986 eum
1879 2922 1990 3005 qui
2107 2924 2329 2987 nubilo
2358 2923 2695 3005 passioniS.

167 3004 210 3045 ²
487 3022 796 3087 universa
831 3018 1168 3101 conspicit..
1202 3020 1440 3101 Nempe
1478 3021 1556 3083 ad
1597 3021 1719 3083 hoc
1751 3021 1991 3084 conditi
2031 3027 2074 3089 C
2183 3026 2270 3085 Ει
2298 3043 2431 3083 ecce
2468 3024 2747 3082 occurrit
2777 3023 2886 3081 illi
2919 3022 3159 3082 mulier
3198 3032 3439 3082 ornatu
3468 3042 3594 3082 me·
3725 3023 3793 3079 10

489 3140 733 3197 summ,
764 3127 836 3181 ut
863 3118 1222 3182 Creatorem
1264 3126 1551 3183 nostrum
1587 3127 1714 3182 toto
1753 3118 1994 3183 affectu
2105 3124 2386 3194 retricio,
2427 3128 2804 3199 praeparata
2852 3123 2940 3181 ad
2985 3122 3353 3197 capiendaS,
3387 3120 3451 3182 id
3499 3128 3595 3182 est

489 3219 776 3300 totisque
803 3216 1050 3282 viribus
1082 3217 1493 3281 honoremus
2103 3220 2532 3301 decipiendaS,
2566 3220 2863 3279 animas:
2882 3217 3023 3279 talis
3056 3236 3333 3299 namque
3362 3217 3597 3281 mulier

291 3330 330 3384 2
573 3320 784 3380 Serva
829 3319 1144 3379 mandata
1181 3337 1346 3388 mea,
1376 3327 1436 3377 ec
1483 3318 1656 3377 vives
1707 3336 1819 3398 per
1856 3335 1995 3398 gra·
2105 3327 2274 3382 recte
2311 3325 2571 3381 vocatur
2611 3324 2741 3379 rete
2779 3315 3039 3379 diaboli.
3080 3320 3365 3378 Garrula
3395 3326 3455 3378 et
3485 3338 3595 3377 va-

489 3416 680 3495 tiam3
712 3426 774 3477 et
795 3419 996 3492 leyem
1026 3436 1230 3477 meam
1260 3417 1451 3495 quasi
1465 3418 1796 3494 pupillam
1823 3418 1997 3477 oculi
2101 3440 2213 3496 qa,
2242 3419 2475 3498 quietis
2504 3417 2875 3495 impaciens,
2910 3435 3023 3476 nec
3052 3419 3271 3477 valens
3304 3417 3377 3477 in
3405 3418 3591 3476 domo
3735 3415 3799 3471 11

487 3519 620 3588 tui,
669 3514 735 3578 id
785 3522 884 3577 est
932 3532 1078 3576 cum
1122 3512 1458 3592 diligentia
1505 3532 1776 3591 summa,
1830 3514 1994 3578 sicut
2102 3519 2439 3578 consistere
2466 3518 2743 3593 pedibus
2779 3516 2916 3575 suis
2932 3538 2957 3586 ,·
2986 3535 3163 3575 nunc
3188 3515 3379 3591 foris,
3418 3534 3595 3574 nunc
3726 3516 3792 3569 12

485 3615 764 3699 pupilla,
801 3613 866 3678 id
907 3622 1004 3677 est
1042 3612 1323 3675 medium
1365 3612 1556 3689 oculi,
1592 3613 1657 3675 in
1699 3631 1827 3694 quo
1869 3633 1998 3677 me-
2101 3616 2176 3675 in
2210 3617 2469 3694 plateiS,
2497 3634 2673 3675 nunc
2693 3614 2900 3689 juoeca
2932 3616 3201 3689 anyulos
3242 3615 3594 3684 insidians,

485 3716 598 3780 dio
629 3714 729 3777 vis
769 3712 978 3776 visiva
1017 3710 1329 3788 consistit,
1364 3730 1402 3773 a
1430 3711 1689 3775 laesione
1729 3712 1996 3792 diligen·
2104 3713 2169 3774 id
2200 3722 2296 3775 est
2324 3720 2575 3775 versute
2602 3710 2959 3793 exquirens,
2979 3710 3252 3791 qualiter
3280 3711 3406 3774 sibi
3436 3730 3598 3774 ama-

294 3825 332 3880 3
489 3814 744 3877 tissime
801 3810 1175 3874 custoditur.
1235 3812 1408 3887 Liqa
1453 3830 1596 3870 eam
1646 3813 1719 3870 in
1767 3813 1996 3888 diyicis
2105 3821 2272 3875 tores
2303 3810 2562 3874 alliciat.
2598 3810 2699 3872 Sic
2736 3818 2799 3872 et
2840 3809 3177 3891 Apostolus
3215 3810 3293 3873 de
3326 3810 3597 3873 inconti-

491 3916 650 3980 cuis,
682 3910 750 3972 id
781 3918 901 3987 est,
934 3908 1238 3990 operibus
1262 3926 1402 3971 eam
1437 3927 1584 3970 cum
1614 3909 1996 3973 discretione
2106 3911 2409 3975 uentibus
2449 3909 2660 3972 viduis
2700 3909 2985 3990 loquitur
3019 3925 3033 3970 :
3076 3908 3303 3973 Otiosae
3339 3910 3597 3973 discunt
3666 3924 3681 3967 ι
3712 3926 3823 3969 πη..
3844 3941 3885 3979 v,

487 4010 764 4074 associa.
797 4005 1330 4082 Quemadmodum
1377 4006 1547 4068 enim
1591 4006 1656 4069 in
1702 4008 1998 4071 manibus
2105 4010 2377 4074 circuire
2414 4010 2672 4087 domos3
2704 4026 2833 4070 non
2872 4006 3079 4070 solum
3116 4007 3355 4082 otiosae‚
3392 4009 3501 4071 sed
3532 4016 3597 4071 et
3630 3990 3695 4031 ¹³·

489 4108 594 4171 vis
634 4104 988 4189 operativa,
1025 4104 1112 4167 ita
1155 4104 1221 4165 in
1260 4104 1478 4185 digitis
1521 4105 1617 4169 vis
1659 4105 1997 4171 discretiva
2106 4108 2389 4172 verbosae
2435 4116 2497 4170 et
2550 4106 2837 4182 curiosae,
2891 4105 3221 4186 loquentes
3270 4124 3417 4187 quae
3464 4126 3592 4171 non

493 4204 768 4289 mystice
808 4202 1200 4283 designatur.
1247 4202 1424 4265 Unde
1466 4202 1798 4266 Psalmista
1847 4203 1999 4268 fate·
2029 4208 2078 4271 D
2105 4214 2377 4289 oportet.
2409 4208 3023 4284 Apprehensumque
3060 4206 3468 4266 deosculatur
3484 4209 3602 4284 ju·
3729 4215 3797 4271 13

175 4334 461 4383 pamm
495 4316 602 4368 tur
634 4323 650 4366 ε
683 4302 1064 4366 Benedictus
1106 4302 1406 4365 Dominus
1446 4302 1608 4365 Deus
1651 4322 1852 4381 meuS,
1886 4304 1996 4386 qui
2109 4328 2353 4374 venem,
2383 4315 2442 4366 ec
2465 4305 2750 4383 procaci,
2781 4303 2845 4365 id
2877 4310 2972 4366 est
3004 4302 3382 4384 impudenti,
3415 4304 3601 4368 lasci-

491 4406 685 4469 docet
725 4420 956 4465 manus
995 4421 1166 4464 meas
1206 4401 1284 4464 ad
1319 4402 1630 4483 publium,
1663 4412 1727 4465 et
1765 4403 1999 4484 digitos
2107 4424 2211 4481 vo,
2238 4409 2427 4465 vultu
2454 4404 2813 4473 blanditur,
2844 4402 3063 4462 dicens
3093 4422 3117 4460 .·
3150 4402 3455 4464 Victima-s
3473 4424 3599 4481 pro
3729 4413 3798 4469 u

495 4522 676 4567 meos
724 4501 806 4563 ad
857 4500 1120 4563 bellum.
1154 4502 1380 4562 Scribe
1417 4502 1607 4561 illam
1647 4504 1720 4562 in
1764 4505 2000 4564 tabulis
2104 4508 2315 4565 salute
2350 4503 2600 4570 devovi,
2641 4500 2704 4562 id
2743 4507 2860 4574 est,
2895 4498 3133 4561 hostias
3172 4499 3479 4580 pacificas
3524 4521 3599 4565 ac

181 4624 460 4673 ermina.
491 4604 711 4665 cordis
741 4602 865 4663 tui.
907 4599 1035 4662 Hoc
1081 4617 1278 4680 supra
1316 4597 1624 4681 scriptum
1673 4608 1769 4663 est
1811 4610 2002 4682 atque
2107 4603 2415 4665 salutares
2446 4618 2561 4682 pro
2589 4598 2937 4663 obtinenda
2973 4597 3176 4660 salute
3206 4599 3331 4661 Deo
3360 4597 3601 4663 offerre

300 4714 342 4769 4
493 4700 1030 4784 expositum.Dic
1056 4700 1631 4776 sapientiae,Soror
1658 4720 1800 4761 mea
1827 4720 1912 4773 es,
1937 4700 2000 4763 id
2107 4701 2392 4764 tenebar.
2427 4700 2637 4762 Hodie
2676 4698 2941 4758 reddidi
2984 4706 3125 4757 voca
3169 4717 3332 4768 mea,
3368 4696 3431 4758 id
3478 4707 3595 4772 est,

493 4810 610 4877 est,
625 4796 994 4863 cordialiter
1017 4795 1214 4877 dilige
1237 4805 1300 4859 et
1325 4796 1710 4881 amplectere
1735 4816 1908 4877 eam3
1943 4808 2001 4857 et,
2105 4798 2422 4863 desideria
2448 4805 2512 4860 et
2540 4796 2852 4879 promissa
2881 4792 3203 4858 sacrificia
3245 4796 3365 4857 Deo
3394 4795 3602 4859 exsol-

487 4900 930 4981 prudentiam
956 4916 1108 4956 voca
1137 4898 1420 4957 amicam
1457 4906 1664 4966 tuam,
1686 4896 1776 4958 ita
1805 4905 1875 4958 ut
1908 4897 1999 4958 nil
2109 4898 2196 4962 vi.
2228 4897 2416 4971 Quasi
2454 4896 2623 4959 dicat
2656 4913 2669 4957 :
2703 4895 2869 4957 Bene
2906 4892 3066 4956 mihi
3110 4893 3410 4956 convenit
3450 4913 3598 4958 cum

492 4996 749 5061 caritati
784 4994 926 5077 ejus
957 4994 1346 5056 eontrarium
1377 5012 1524 5075 agas
1550 5012 1564 5056 :
1590 4994 2003 5077 quemadmo-
2107 4997 2256 5072 Deo,
2290 4996 2433 5059 ideo
2462 5012 2590 5058 non
2620 5002 2715 5057 est
2752 4992 3109 5074 periculum
3143 4991 3302 5053 mihi
3331 4991 3604 5073 conjun-

181 5116 463 5173 Snpsma.
496 5098 656 5159 dum
699 5092 969 5175 Sapiens
1008 5093 1235 5155 asserit
1270 5110 1284 5153 ε
1317 5093 1490 5156 Hanc
1529 5093 1762 5170 amavi,
1798 5101 1862 5156 et
1899 5112 2002 5156 ex-
2108 5094 2197 5175 gi.
2220 5095 2469 5155 Idcirco
2496 5112 2740 5170 cyressa
2759 5111 2905 5151 sum
2922 5091 2999 5151 in
3025 5110 3363 5150 occursum
3384 5098 3601 5162 tuum,
3730 5099 3797 5155 15

495 5193 745 5277 quisivi
773 5211 812 5254 a
839 5193 1176 5273 juventute
1218 5210 1361 5255 mea
1379 5212 1395 5274 ;
1427 5201 1490 5256 et
1517 5192 1782 5274 quaesivi
1813 5210 2003 5274 spon·
2107 5194 2481 5253 desiderans
2514 5201 2569 5252 ce
2597 5192 2835 5259 videre,
2856 5197 2917 5248 et
2944 5190 3178 5266 reperi.
3204 5190 3472 5249 Inteoeui
3499 5190 3605 5266 fu·
3732 5198 3799 5252 16

493 5312 636 5356 sam
669 5310 812 5355 eam
854 5291 1016 5353 mihi
1045 5310 1390 5370 assumere,
1425 5300 1488 5355 et
1515 5299 1759 5355 amator
1792 5289 1996 5354 faetus
2107 5293 2325 5363 nibus,
2354 5290 2417 5352 id
2458 5298 2574 5367 est,
2608 5286 2861 5351 chordis
2899 5287 3253 5369 composui,
3290 5290 3596 5349 lectulum
