4284 6267
1504 519 1859 566 ΙΝΔΙΙΠΔΤῙΟ
1899 517 1965 564 m
2004 517 2145 564 GAP.
2191 515 2234 562 Ι
2255 513 2758 562 'mammonam
2805 535 2888 546 -·-
2925 515 3069 562 Aur.
3113 513 3156 561 X

492 709 759 760 Ammoi
792 713 1007 756 rursus
1062 693 1219 757 alibi
1272 712 1287 755 ε
1340 693 1711 757 Nescierunt
1768 709 1954 772 agere
2002 697 2270 764 rectum,
2309 686 2362 748 A
2390 688 2666 769 pigrum.
2691 688 2808 762 Qui
2837 706 2990 753 vero
3017 688 3236 751 tardus
3263 695 3328 750 et
3358 684 3630 766 frigidus
3657 692 3753 746 est
3787 683 3880 746 ad

520 809 761 866 ‘tniquita-
788 793 1285 856 thesaurizantes
1333 792 1729 875 impietatem
1750 791 1796 850 *.
1830 788 1946 863 Qui
1998 787 2280 851 thesauri
2390 787 2689 850 exercitia
2719 787 3023 862 virtuosa,
3059 786 3428 849 interiorem
3472 782 3736 846 incurrit
3777 782 3886 844 in-

496 876 585 916 ten

496 1893 625 1938 Dent.
636 1907 703 1946 xv,
717 1895 760 1936 4.

524 2191 603 2236 Pr.
622 2204 765 2244 xxxvi,

496 2256 564 2299 25.

516 2381 637 2436 meu
638 2395 760 2432 xxxxx

494 2446 592 2487 4-9.

540 3467 618 3512 Pa.
641 3481 769 3520 xxxii,

504 3533 573 3576 19.

528 3759 611 3804 Job
638 3775 681 3812 v,
702 3762 769 3804 12.

528 4251 609 4298 Pa.
630 4269 688 4307 tx,
708 4258 773 4300 ¹⁶.

511 4352 643 4410 [Rea.
660 4368 773 4408 xxiv,

508 4417 552 4465 4.
564 4420 601 4469 ῦς
614 4421 754 4470 xxvia

553 4650 633 4694 Pa.
652 4664 681 4703 1,
696 4652 739 4694 6.

790 891 1061 954 maxime
1108 900 1337 955 nocent
1383 891 1635 963 animm,
1675 888 1969 971 quamvis
2018 886 2278 969 quidam

789 1008 903 1072 per
932 1008 1039 1052 eos
1077 990 1146 1052 in
1190 989 1459 1052 terrenis
1496 988 1801 1051 ditentur.
1824 988 2098 1047 Iustitia
2130 1005 2276 1045 vero

790 1090 1084 1151 liberabit
1112 1111 1153 1150 a
1182 1100 1401 1150 morte.
1434 1088 1753 1150 Interdum
1799 1104 2077 1166 namque
2123 1083 2283 1146 libe-

788 1194 886 1248 rat
930 1206 969 1249 a
1012 1195 1217 1251 morte
1274 1185 1611 1270 corporali,
1666 1202 1919 1266 semper
1974 1191 2186 1247 autem
2245 1201 2284 1244 a

788 1293 991 1348 morte
1030 1285 1319 1349 mortalis
1362 1287 1604 1368 peccati
1644 1294 1708 1348 et
1748 1281 2085 1347 infernalis
2132 1299 2282 1362 sup—

787 1382 988 1464 plicii,
1019 1384 1367 1448 dummodo
1397 1392 1842 1466 perseveretur
1872 1382 1937 1443 in
1970 1399 2047 1443 ea
2074 1397 2284 1460 usque

790 1480 858 1541 in
900 1479 1125 1544 finem.

872 1582 1017 1640 Non
1047 1582 1288 1658 affliyet
1310 1581 1626 1640 Dominus
1650 1582 1826 1658 fame
1854 1580 2154 1639 animam
2171 1577 2286 1654 ju·

787 1678 895 1738 sti.
928 1677 996 1739 ln
1040 1677 1178 1758 lege
1223 1697 1499 1759 namque
1542 1676 1967 1740 communiter
2010 1675 2282 1739 dabatur

790 1775 1233 1857 temporalium
1264 1776 1450 1858 copia
1474 1775 1689 1856 justis.
1710 1776 1889 1838 Unde
1918 1774 2160 1856 Moyses
2195 1770 2282 1834 fa-

2391 886 2629 968 opiam.
2663 891 2902 948 Manus
2931 897 3172 954 autem,
3203 885 3268 947 id
3299 893 3394 947 est
3426 884 3628 946 virtus
3657 899 3888 963 opera-—

2393 987 2543 1063 tiva,
2572 989 2870 1067 fortium,
2906 985 3018 1067 qui
3047 985 3178 1049 otia
3215 983 3648 1056 abhorrenteS‚
3681 979 3888 1060 agiles

2393 1093 2540 1146 sunt
2567 1086 2646 1148 ad
2677 1085 2868 1162 hona,
2898 1086 3172 1145 divitias
3195 1091 3413 1161 parat,
3447 1080 3511 1142 id
3539 1088 3637 1143 est
3663 1077 3892 1159 acqui-

2393 1184 2498 1256 rit,
2535 1192 2660 1245 tam
2701 1183 3062 1267 corporales
3105 1181 3502 1262 frequenter,
3533 1197 3728 1260 quam
3756 1175 3892 1258 spi-

2395 1282 2653 1345 rituales
2711 1301 2984 1365 semper.
3036 1318 3119 1329 —
3165 1283 3294 1350 Qui
3341 1281 3604 1350 nititur,
3662 1275 3726 1337 id
3785 1282 3892 1338 est

2394 1379 2680 1458 inhaeret,
2723 1382 3100 1450 mendaciis,
3143 1381 3252 1439 hic
3283 1379 3496 1456 pascit
3543 1385 3784 1444 ventos,
3814 1373 3888 1434 id

2389 1488 2508 1557 est,
2549 1500 2752 1545 vanus
2797 1487 2989 1562 atque
3041 1476 3360 1542 instabilis
3406 1484 3524 1552 est,
3568 1483 3632 1537 et
3676 1470 3888 1536 verba

2392 1587 2656 1642 ventosa
2711 1578 3010 1642 roborare
3067 1586 3128 1640 et
3186 1574 3526 1640 verificare
3585 1579 3880 1635 conatur.

2391 1680 2572 1739 Idem
2603 1687 2822 1738 autem
2857 1680 2994 1754 ipse
3029 1677 3324 1756 sequitur
3351 1695 3498 1736 aves
3541 1675 3825 1732 volantes
3857 1689 3884 1728 .·

2394 1775 2458 1838 id
2485 1783 2602 1852 est,
2640 1774 2900 1857 propria
2936 1774 3364 1837 inconstantia
3401 1767 3881 1842 circumfertur,

790 1881 895 1936 tur
940 1894 954 1937 :
995 1873 1269 1938 Omnino
1318 1874 1610 1955 indigens
1658 1883 1722 1937 et
1774 1873 2105 1936 mendicus
2150 1887 2279 1933 non
2317 1873 2364 1935 B
2390 1881 2452 1935 et
2484 1874 2684 1935 instar
2711 1874 2924 1937 avium
2959 1873 3242 1954 undique
3270 1870 3566 1953 agitatur,
3600 1885 3714 1930 nec
3745 1885 3886 1929 cer-

789 1971 912 2034 erit
948 1971 1114 2035 inter
1144 1992 1280 2037 νος.
1310 1973 1661 2052 (Interdum
1696 1981 1907 2035 tamen
1946 1973 2282 2052 dispensa-

790 2071 965 2134 tione
1008 2071 1227 2135 divina
1272 2071 1485 2136 evenit
1525 2070 1947 2153 oppositum.)
1988 2069 2149 2131 Hinc
2192 2067 2281 2129 ait

792 2169 1123 2232 Psalmista
1164 2191 1178 2235 :
1220 2170 1355 2233 Non
1403 2170 1537 2234 vidi
1584 2170 1827 2252 justum
1874 2168 2276 2240 derelictum,

795 2287 912 2331 nec
942 2288 1159 2332 semen
1189 2268 1331 2349 ejus
1360 2286 1651 2349 quaerens
1677 2286 1929 2350 panem.
1962 2267 2040 2328 Et
2069 2275 2280 2328 tamen

794 2367 1065 2448 ipsemet
1108 2367 1306 2431 David
1350 2367 1569 2448 inopia
1616 2367 1866 2442 ductuS‚
1902 2365 2128 2448 petivit
2174 2383 2283 2446 pa·-

791 2484 937 2528 nem
984 2473 1049 2529 et
1094 2465 1273 2528 cibos
1318 2484 1356 2527 a
1402 2464 1619 2527 Nabal.
1669 2465 2068 2527 Pensandum
2130 2479 2282 2542 ergo

790 2565 961 2645 quod
987 2564 1097 2638 ait,
1132 2563 1265 2627 Non
1306 2561 1560 2644 affliget
1596 2563 1903 2627 Dominus
1942 2561 2111 2624 fame
2148 2560 2284 2623 ani-

788 2682 957 2725 mam
994 2662 1150 2745 justi
1186 2680 1201 2724 ε
1234 2661 1416 2744 quasi
1453 2661 1639 2738 dicat,
1673 2661 1804 2725 Etsi
1848 2679 2081 2742 corpus
2122 2659 2280 2742 justi

787 2760 1119 2843 affligatur
1149 2761 1379 2838 esurie,
1398 2761 1629 2823 animm
1660 2769 1872 2823 tamen
1902 2759 2277 2841 patientiam

788 2857 1014 2922 tribuit
1041 2869 1105 2923 et
1129 2859 1433 2940 gaudium
1465 2858 1529 2920 in
1560 2859 1868 2923 adversis.
1896 2859 2050 2920 Nam
2079 2865 2143 2920 et
2171 2856 2283 2919 ali-

789 2957 901 3038 qui
941 2966 1246 3040 martyres
1296 2957 1521 3031 sancti,
1554 2957 1721 3020 fame
1763 2957 1828 3019 in
1875 2975 2127 3020 carcere
2171 2954 2284 3018 ob-

2395 1979 2524 2032 tum
2556 1978 2652 2034 est
2689 1969 2800 2032 ubi
2831 1990 2899 2034 se
2939 1969 3117 2051 figet,
3143 1969 3296 2050 quia
3340 1969 3407 2030 in
3449 1966 3711 2032 veritate
3745 1981 3878 2026 non

2389 2069 2730 2132 stabilitur.
2766 2070 2852 2132 De
2894 2070 3014 2132 hoc
3055 2069 3121 2130 in
3172 2066 3501 2131 Ezechiele
3542 2063 3742 2127 multa
3785 2062 3881 2123 di-

2389 2177 2622 2231 cuntur
2657 2168 3056 2250 aenigmatice
3095 2176 3156 2231 et
3195 2166 3380 2230 valde
3417 2163 3764 2238 subtiliter,
3797 2161 3880 2223 de

2391 2265 2568 2330 falsis
2599 2267 2928 2350 prophetis
2958 2265 3170 2344 lsrael,
3189 2266 3301 2347 qui
3333 2264 3645 2327 liniebant
3678 2260 3882 2344 parie—
3911 2281 4190 2396 &5431-

2392 2375 2518 2428 tem
2549 2367 2683 2428 luto
2713 2366 2852 2428 sine
2892 2365 3118 2447 paleiS,
3149 2373 3214 2428 et
3243 2364 3530 2427 fecerunt
3573 2360 3877 2446 pulvillos

2391 2465 2510 2526 sub
2552 2464 2728 2526 omni
2775 2463 3013 2541 cubito,
3048 2471 3110 2525 et
3158 2461 3498 2526 cervicalia
3541 2460 3659 2522 sub
3697 2456 3874 2522 omni

2391 2563 2619 2645 capite,
2672 2563 2750 2625 ad
2797 2561 3182 2644 capiendum
3230 2561 3476 2623 animas
3518 2559 3810 2623 volantes
3861 2574 3876 2618 x

2393 2661 2544 2742 quia
2569 2680 2687 2744 per
2715 2660 3018 2724 vaticinia
3051 2659 3233 2736 falsa,
3265 2668 3328 2722 et
3369 2659 3681 2742 promissa
3709 2677 3882 2720 men-

2391 2761 2546 2823 dosa
2590 2779 2664 2823 ac
2715 2759 2969 2834 blanda,
2994 2759 3306 2841 plurimos
3354 2763 3874 2820 assecuraverunt

2392 2879 2466 2922 ac
2507 2860 2920 2940 deceperunt.

2473 2959 2603 3027 Qui
2627 2967 2969 3033 conyreyat
2998 2959 3070 3017 in
3113 2977 3324 3025 messe,
3357 2955 3422 3019 id
3459 2963 3554 3017 est
3593 2962 3880 3036 tempore

792 3055 1023 3133 ierunt,
1060 3057 1170 3119 sed
1210 3057 1441 3119 animae
1478 3074 1700 3119 eorum
1743 3056 2018 3137 desuper
2056 3072 2283 3118 conso-
2317 3056 2362 3118 C
2394 3054 2856 3137 prosperitatis,
2907 3053 3260 3135 juventutis
3318 3073 3388 3116 ac
3447 3053 3754 3128 sanitatis,
3817 3058 3882 3113 et

791 3154 1106 3218 labantur.
1126 3155 1235 3218 Est
1274 3173 1531 3236 quoque
1560 3153 1910 3236 spiritualis
1954 3152 2180 3230 fameS‚
2218 3153 2282 3216 id

793 3262 891 3318 est
928 3253 1213 3317 defectus
1254 3253 1518 3315 internae
1557 3251 1923 3316 refectionis
1959 3269 1974 3313 ε
2009 3270 2137 3333 qua
2177 3252 2285 3314 Do-

795 3353 1010 3416 minus
1046 3352 1365 3433 justorum
1403 3351 1649 3413 animas
1684 3369 1810 3414 non
1852 3348 2114 3431 affligit.
2139 3350 2284 3413 Ideo

796 3450 889 3514 ait
931 3450 1242 3531 Propheta
1280 3450 1359 3512 de
1410 3449 1673 3512 Domino
1712 3469 1726 3512 :
1760 3449 1839 3512 Ut
1884 3448 2013 3510 alat
2058 3465 2168 3510 eos
2218 3446 2285 3508 in

800 3547 990 3612 fame.
1038 3551 1123 3610 Et
1168 3549 1448 3609 insidias
1500 3549 1848 3624 impiorum
1898 3549 2214 3608 subvertet
2263 3567 2285 3606 .·

798 3645 951 3729 quia
1006 3645 1374 3727 frequenter
1428 3644 1694 3726 impedit
1744 3665 1849 3708 eas
1909 3643 1990 3707 ab
2044 3645 2288 3708 intento

800 3744 1214 3825 malignitatis
1244 3743 1506 3820 effectu,
1528 3744 1896 3825 juxta‘illud
1924 3762 1937 3806 ε
1972 3745 2134 3807 Deus
2165 3743 2290 3806 dis-

800 3843 967 3924 sipat
994 3843 1413 3925 cogitationes
1442 3841 1889 3922 malignorum,
1924 3862 2005 3906 ne
2040 3843 2289 3924 possint

801 3941 1069 4023 implere
1100 3960 1324 4004 manus
1362 3959 1583 4004 eorum
1614 3941 1787 4023 quod
1816 3948 2169 4022 coeperant.
2203 3941 2293 4003 ln-

802 4041 1053 4104 terdum
1102 4039 1292 4103 etiam
1345 4040 1509 4102 Deus
1558 4048 1883 4121 retorquet
1940 4040 2286 4121 impiorum

805 4138 1069 4201 insidias
1102 4138 1169 4200 in
1198 4147 1387 4221 caput
1416 4139 1723 4220 ipsorum,
1737 4138 1916 4220 juxta
1945 4138 2103 4201 illud
2132 4139 2294 4201 Psal-

2393 3153 2690 3233 congruis
2731 3153 2905 3216 horis
2954 3152 3188 3234 quibus
3226 3152 3403 3215 adest
3448 3151 3713 3214 facultas
3757 3169 3884 3212 me·

2395 3252 2614 3316 ritorie
2672 3251 3000 3334 operandi,
3059 3271 3130 3313 ac
3193 3250 3558 3332 spirituales
3624 3249 3880 3312 divitias

2395 3349 2820 3430 congregandi
2866 3367 2879 3410 :
2928 3349 3062 3431 qui,
3111 3349 3395 3431 inquam,
3444 3357 3596 3413 tunc
3636 3346 3885 3410 fortiter

2396 3449 2547 3528 agit,
2583 3447 3001 3529 spiritualiter
3043 3446 3324 3530 proficit,
3357 3455 3420 3509 et
3462 3465 3570 3510 eos
3609 3444 3722 3528 qui
3761 3444 3886 3508 sibi

2397 3545 2718 3610 commissi
2770 3555 2937 3623 sunt,
2973 3565 3084 3610 seu
3135 3546 3455 3629 proximos
3501 3564 3671 3623 suOS‚
3711 3544 3890 3607 Chri-

2399 3654 2497 3708 sto
2534 3644 2879 3722 lucrifacit,
2923 3648 3106 3723 fi'lius
3141 3648 3400 3725 sapiens
3447 3654 3578 3717 est,·
3617 3646 3736 3725 qui
3771 3665 3890 3706 au-

2401 3755 2524 3805 tem
2578 3745 2789 3804 stertit
2843 3753 3079 3814 aestate,
3139 3743 3206 3806 id
3249 3751 3367 3820 est,
3431 3743 3542 3805 tali
3601 3751 3888 3824 tempore

2397 3841 2677 3904 admittit
2713 3849 3057 3924 torporem,
3097 3849 3162 3905 et
3203 3841 3598 3922 negligenter
3635 3850 3889 3923 tempus

2401 3958 2584 4002 suum
2643 3941 2965 4022 expendit,
3027 3949 3124 4003 est
3178 3943 3362 4018 filius
3417 3941 3819 4021 confusionis
3865 3956 3891 3999 .·

2403 4039 2554 4120 quia
2597 4040 2664 4100 in
2707 4059 2774 4102 se
2809 4038 2949 4120 ipso
2989 4045 3088 4101 est
3126 4038 3562 4116 deordinatuS,
3606 4036 3892 4101 confusi-

2401 4157 2652 4220 oneque
2701 4137 2954 4218 dignus,
3008 4145 3199 4220 atque
3245 4137 3312 4199 in
3360 4137 3464 4200 die
3510 4135 3735 4217 judicii
3789 4135 3890 4198 sui

806 4237 893 4300 mi
941 4254 955 4299 ε
989 4237 1057 4299 ln
1107 4236 1335 4318 laqueo
1384 4236 1507 4299 isto
1556 4255 1743 4318 quem
1791 4235 2285 4311 absconderunt,
2324 4245 2371 4306 D
2401 4245 2652 4300 aeternae
2691 4235 3054 4300 confusioni
3094 4237 3396 4313 tradetur,
3434 4236 3598 4299 sicut
3632 4236 3712 4298 de
3750 4235 3892 4297 tali-

803 4335 1300 4417 comprehensus
1330 4343 1425 4398 est
1452 4353 1565 4418 pes
1598 4353 1839 4398 eorum.
1867 4335 1969 4398 Sic
1999 4335 2145 4398 Saul
2178 4335 2294 4398 ali-

760 4451 771 4470 ’
804 4433 1055 4515 quoties
1097 4432 1324 4496 cecidit
1363 4433 1430 4494 in
1469 4451 1697 4496 manus
1736 4434 1953 4496 David.
1987 4434 2292 4497 Finaliter

804 4541 1016 4595 autem
1063 4531 1246 4613 impii
1296 4539 1554 4613 propter
1600 4551 1745 4594 suas
1794 4531 2095 4614 peribunt
2141 4533 2294 4595 insi-

804 4630 963 4706 dias,
1000 4630 1350 4693 secundum
1389 4629 1570 4708 illud,
1604 4630 1723 4693 lter
1761 4631 2108 4712 impiorum
2151 4650 2294 4713 per-

805 4728 945 4791 ibit.
978 4729 1163 4790 Juxta
1199 4726 1567 4811 praehahita‚
1602 4729 1916 4792 subvertit
1948 4729 2111 4792 Deus
2148 4729 2294 4791 insi-

804 4826 942 4890 dias
982 4827 1361 4903 Judaeorum,
1396 4826 1507 4908 qui
1550 4825 1893 4890 voluerunt
1936 4845 2171 4889 nomen
2221 4847 2294 4890 ac

806 4922 1005 4988 fidem
1043 4923 1275 4987 Christi
1324 4924 1587 4988 omnino
1636 4925 2062 5005 exstinguere,
2100 4932 2163 4988 et
2212 4934 2297 4988 ta·

807 5041 955 5086 men
986 5023 1051 5086 in
1084 5022 1512 5105 captivitatem
1544 5022 1781 5086 redacti
1813 5032 1961 5085 sunt
1991 5024 2299 5086 Romano-
2397 5024 2578 5107 juxta
2605 5043 2734 5088 suae
2773 5024 3150 5103 exigentiam
3183 5022 3533 5088 vocationis
3565 5022 3896 5087 ambulent
3921 5047 4198 5104 Ephe-..m

809 5141 973 5198 rum,
1006 5130 1071 5186 et
1098 5121 1473 5185 Christianis
1513 5121 1808 5203 subjecti.

888 5224 1248 5299 qustatem
1285 5231 1547 5298 operata
1584 5230 1673 5281 est
1713 5241 1945 5281 manus
1985 5222 2254 5282 remissa
2275 5239 2298 5282 .·

809 5319 964 5400 quia
991 5319 1339 5401 corporalis
1369 5318 1588 5401 inopia
1616 5319 1905 5400 sequitur
1932 5319 2298 5402 operarium

2402 4337 2520 4398 bus
2552 4334 2752 4398 fertur
2784 4334 2850 4396 in
2879 4335 3124 4398 Psalmo
3159 4356 3173 4398 z
3207 4334 3616 4410 Erubescant,
3651 4342 3715 4396 et
3743 4352 3893 4397 con·
3936 4359 4016 4402 Ρ..
4043 4373 4184 4404 ιιιιι
4187 4378 4212 4412 1.

2403 4434 2743 4497 turbentur
2783 4433 2850 4494 in
2895 4434 3197 4496 saeculum
3242 4433 3492 4511 saeculi3
3525 4441 3587 4496 et
3622 4432 3894 4497 confun-
3922 4425 3990 4467 ¹⁸·

2403 4536 2725 4609 dantur‚et
2755 4531 3186 4613 pereant.Non
3217 4532 3388 4595 enim
3408 4531 3889 4609 dormientibus,

2403 4639 2466 4694 et
2513 4630 2753 4712 torpori
2811 4630 3069 4711 otioque
3122 4630 3517 4705 vacantibuS‚
3569 4629 3892 4692 beatitudo

2404 4728 2773 4792 aeternitatis
2805 4727 3136 4809 ingeritur,
3169 4729 3279 4792 sed
3308 4727 3644 4792 custoditis
3673 4728 3889 4805 corde,

2405 4836 2466 4890 et
2495 4827 2786 4890 sollicitis
2825 4845 3038 4890 coram
3076 4829 3224 4902 Dec,
3260 4825 3599 4889 indefessis
3637 4845 3710 4889 ac
3741 4833 3896 4888 stre-

2404 4926 2550 4988 nuis
2583 4927 2648 4988 in
2679 4925 2854 4988 omni
2883 4925 3285 4989 observantia
3318 4935 3799 5006 praeceptorum,
3825 4933 3894 4987 ut

2406 5122 2596 5203 digne
2639 5123 2789 5186 Deo.

2485 5223 2858 5283 Benedictio
2895 5223 3167 5284 Domini
3204 5241 3398 5298 super
3443 5230 3637 5299 caput
3668 5223 3844 5299 justi
3871 5241 3896 5282 .·

2409 5320 2475 5382 id
2511 5326 2629 5398 est,
2663 5338 2855 5402 super
2889 5320 3135 5401 justum
3172 5327 3235 5383 et
3271 5319 3340 5381 in
3377 5327 3656 5382 mentem
3691 5320 3898 5401 ipsius
