4284 6267
680 884 748 941 ss

876 492 995 557 494

1530 506 1882 555 mumulo
1923 506 1989 553 IN
2028 506 2168 554 cAP.
2203 506 2288 553 vn
2330 504 2488 553 Lmlu
2529 506 2886 554 summm.
2931 528 3012 539 —
3051 510 3314 556 Amuvn

872 682 1201 765 sapientiae
1229 683 1424 767 huJ‘us
1460 701 1740 747 amorem
1777 689 1839 745 et
1878 680 2240 763 amplexum
2273 678 2364 741 al·
2391 676 2444 740 A
2471 679 2680 759 mitas,
2705 681 3094 761 indiscretio,
3121 681 3528 764 negligentia,
3553 682 3954 764 ingratitudo,

874 779 1023 844 licio
1066 790 1129 845 et
1171 783 1468 845 accendo.

970 883 1286 957 Infinitus
1336 883 1512 942 enim
1571 882 1910 941 thesaurus
1956 888 2068 947 est,
2129 875 2197 940 id
2241 884 2360 953 est,

868 978 1199 1059 opulentia
1255 979 1441 1042 valde
1508 996 1761 1058 magna,
1811 986 1876 1040 et
1934 974 2366 1059 impretiabile

868 1076 1109 1140 bonum
1152 1087 1247 1141 est
1285 1078 1603 1160 sapientia
1632 1078 1774 1152 ista,
1809 1077 2179 1137 hominibus
2223 1093 2362 1136 eam

866 1175 1269 1239 habentibus
1312 1174 1645 1239 Infinitum
1690 1174 1931 1258 quippe
1970 1181 2234 1237 vocatur
2274 1172 2366 1233 in-

868 1276 1119 1338 terdum
1177 1275 1419 1357 aliquid
1469 1274 1729 1338 insolito
1787 1273 1975 1337 modo
2032 1290 2358 1352 magnum.

870 1372 1101 1456 Sicque
1130 1374 1295 1437 libro
1321 1374 1511 1436 Josue
1555 1372 1852 1452 leguntur
1881 1370 2007 1433 filii
2047 1370 2268 1433 Ruben
2299 1376 2362 1432 et

594 1478 730 1523 lom
746 1493 841 1533 κω,
868 1471 1020 1549 Gad,
1055 1471 1286 1535 fecisse
1326 1472 1523 1535 altare
1562 1470 1837 1534 infinitae
1875 1468 2358 1550 magnitudinis,

582 2869 745 2914 locun.
759 2885 829 2921 xv,

569 2936 635 2977 ¹5.

668 3452 736 3508 ¹5

872 1574 1007 1641 Quo
1052 1572 1171 1652 qui
1218 1573 1324 1632 usi
1368 1580 1547 1640 sunt,
1592 1571 1944 1647 participes
1994 1569 2162 1646 facti
2207 1574 2362 1627 sunt

868 1672 1178 1731 amicitioe
1226 1670 1349 1731 Dei
1390 1690 1413 1729 .·
1464 1666 1525 1731 id
1574 1675 1692 1743 θεῖ,
1746 1666 2069 1748 sapientes
2120 1664 2360 1728 utendo

868 1768 1037 1831 dono
1086 1767 1414 1850 sapientiai
1459 1784 1573 1849 per
1615 1763 2221 1847 contemplationem
2273 1761 2361 1824 di-

2470 788 2578 841 aut
2607 781 2731 843 tale
2760 781 2934 862 quid,
2961 783 3018 845 ei
3051 801 3118 844 se
3159 782 3442 846 misceat.
3465 781 3765 856 Quamvis
3791 781 3958 844 enim

2471 878 2628 961 ipsis
2677 880 2863 942 donis
2922 889 3116 963 atque
3157 881 3506 943 virtutibus
3557 900 3744 944 nemo
3795 880 3958 943 male

2468 986 2680 1040 utatur
2710 979 2970 1058 directe,
3003 980 3091 1043 ita
3120 981 3296 1061 quod
3337 978 3618 1043 elicitive
3664 996 3792 1043 non
3831 979 3957 1041 nisi

2465 1078 2633 1141 actio
2662 1077 2831 1141 bona
2861 1080 3142 1160 procedit
3171 1098 3246 1142 ex
3272 1079 3403 1159 eis;
3437 1087 3647 1142 tamen
3695 1078 3821 1141 nisi
3851 1080 3961 1141 ad-

2467 1176 2552 1237 sit
2577 1176 2884 1239 auxilium
2915 1178 3048 1253 Dei,
3082 1187 3147 1240 et
3171 1177 3460 1240 custodia
3490 1177 3722 1255 cordiS,
3757 1177 3958 1239 multa

2467 1293 2536 1336 se
2581 1274 2740 1338 vitia
2787 1274 2944 1358 ipsis
2983 1276 3358 1353 admiscent,
3391 1294 3534 1358 quae
3575 1294 3800 1339 eorum
3827 1294 3959 1337 ma-

2466 1372 2686 1436 culant
2731 1373 3098 1455 puritatem,
3146 1382 3210 1436 et
3256 1374 3514 1437 tandem
3559 1373 3827 1436 omnino
3885 1392 3960 1436 ea

2465 1478 2903 1553 corrumpunt.
2939 1471 3220 1554 Denique
3247 1472 3411 1534 Deus
3438 1471 3640 1546 Pater,
3679 1490 3791 1534 seu
3825 1471 3957 1531 Tri-

2467 1568 2630 1631 nitas
2661 1570 2847 1646 DeuS‚
2880 1570 3106 1633 ductor
3143 1570 3208 1633 in
3239 1570 3540 1633 omnibus
3573 1569 3694 1632 fuit
3723 1568 3956 1633 Christi

2467 1666 2767 1744 hominiS,
2800 1668 2914 1750 qui
2962 1677 3060 1731 est
3103 1669 3419 1751 sapientia
3447 1669 3668 1745 PatriS‚
3701 1688 3740 1731 a
3771 1668 3956 1750 cujus
3989 1684 4230 1735 iconiis.

2469 1764 2706 1847 Spiritu
2766 1766 2997 1829 ductus
3042 1775 3136 1829 est
3187 1767 3252 1828 in
3313 1768 3658 1830 desertum.
3711 1766 3788 1829 Et
3842 1786 3957 1849 per
3985 1786 4231 1830 umam.

868 1865 1185 1942 vinorum,
1237 1875 1298 1929 et
1329 1864 1875 1930 conversationem
1910 1863 2241 1926 honestam
2285 1878 2358 1923 ac
2393 1862 2440 1923 B
2468 1863 2690 1926 lsaiam
2751 1873 3015 1928 testatur
3067 1883 3082 1927 :
3129 1864 3404 1948 Spiritus
3451 1865 3701 1929 Domini
3762 1884 3956 1947 super
4003 1882 4210 1935 ιι...ιι,ι.

864 1965 1240 2042 ordinatam,
1294 1964 1445 2029 lacti
1506 1972 1655 2026 sunt
1702 1962 1893 2026 amici
1946 1962 2077 2039 Dei,
2132 1968 2359 2043 utpote

864 2064 989 2128 Deo
1047 2063 1367 2146 praeeipue
1423 2063 1577 2139 cari,
1638 2060 1827 2139 uniti,
1887 2060 2233 2143 placenteS,
2292 2065 2357 2120 et

864 2161 1245 2225 conformati
1280 2179 1295 2223 t
1331 2160 1634 2243 quoniam
1663 2160 1831 2224 sicut
1858 2159 1989 2224 vita
2020 2156 2360 2241 superbea-

862 2260 1096 2323 tissimi
1124 2260 1256 2338 Dei,
1289 2269 1386 2324 θεῖ
1416 2278 1545 2323 suae
1574 2267 1825 2322 aeternae
1857 2256 2166 2333 veritatiS,
2203 2254 2356 2318 insi-

862 2358 1140 2442 nitaeque
1170 2358 1472 2422 bonitatis
1500 2356 1953 2439 contemplatio
1982 2364 2175 2438 atque
2203 2354 2356 2418 dile-

862 2458 1022 2538 cti03
1062 2458 1155 2521 sic
1203 2465 1265 2521 et
1304 2456 1482 2534 tales,
1517 2456 1719 2539 ipsius
1767 2454 1877 2519 Dei
1913 2454 2247 2520 veritatem
2291 2460 2356 2515 et

859 2555 1211 2619 bonitatem
1269 2574 1384 2639 pro
1433 2555 1691 2619 modulo
1739 2572 1854 2617 suo
1901 2552 2156 2616 assidue
2203 2570 2355 2615 con-

862 2653 1251 2737 templantur
1293 2674 1367 2717 ac
1404 2653 1702 2734 diligunt,
1732 2652 1953 2735 sicque
1981 2650 2346 2713 divinorum

860 2762 1247 2817 secretorum
1313 2752 1700 2833 agnitionem
1761 2758 2110 2813 merentur.
2171 2749 2352 2811 Unde

858 2851 1145 2914 Christus
1190 2852 1475 2933 loquitur
1502 2849 1736 2913 talibus
1770 2867 1784 2911 ε
1820 2850 1946 2912 Vos
1974 2857 2186 2911 autem
2216 2847 2348 2909 dixi

856 2950 1117 3027 amicos,
1151 2950 1304 3032 quia
1349 2950 1565 3012 omnia
1606 2966 2031 3031 quascumque
2058 2946 2277 3009 audivi
2312 2965 2348 3008 a

2468 1981 2600 2042 me3
2647 1963 2727 2025 ad
2763 1963 3324 2043 evangelizandum
3376 1964 3725 2027 mansuetis
3777 1964 3956 2026 misit

2467 2079 2590 2123 me.
2625 2060 2710 2121 Ec
2755 2064 3152 2140 sapientium
3189 2066 3578 2123 emendator.
3613 2062 3766 2125 Nam
3803 2063 3958 2144 quia

2465 2159 2782 2241 sapientes
2820 2180 2894 2223 αθ
2932 2159 3085 2241 justi
3125 2160 3414 2243 quotidie
3440 2161 3778 2225 venialiter
3809 2181 3960 2245 pec-

2463 2265 2631 2333 cant,
2684 2258 2976 2339 indigent
3025 2258 3387 2341 disciplina.
3439 2260 3582 2323 Ideo
3633 2260 3795 2323 Deus
3843 2280 3958 2323 eos

2463 2358 2758 2420 emendat
2803 2376 2914 2439 per
2961 2358 3244 2435 adversa,
3290 2367 3352 2420 et
3404 2376 3517 2441 per
3565 2358 3952 2423 vicariorum

2463 2473 2722 2518 suorum
2773 2456 3205 2538 correptiones
3243 2475 3318 2519 ac
3358 2458 3804 2534 correctiones»,
3837 2477 3958 2539 per

2460 2553 3015 2636 compunctionem
3068 2572 3323 2636 quoque
3371 2554 3710 2633 internam,
3763 2576 3956 2637 quam

2461 2651 2694 2732 ingerit
2722 2652 2836 2716 eis,
2873 2652 3046 2715 Unde
3087 2651 3323 2715 fatetur
3357 2670 3371 2715 z
3404 2654 3535 2736 Ego
3580 2674 3738 2738 quos
3777 2675 3949 2733 amu,
4029 2679 4230 2733 Apama.

2457 2769 2655 2832 arguo
2685 2758 2750 2813 et
2777 2751 3036 2830 castig0.
3070 2750 3226 2813 Hine
3255 2751 3586 2816 Psalmista
3614 2755 3692 2816 de
3719 2754 3948 2837 Moyse,
3987 2744 4056 2783 ¹⁹·

2458 2850 2688 2926 Aaron,
2722 2858 2786 2911 et
2815 2849 3108 2912 Samuele
3136 2849 3422 2932 loquitur
3450 2852 3574 2915 Deo
3607 2872 3622 2916 :
3660 2852 3842 2929 DeuS,
3879 2864 3956 2916 tu
4015 2877 4078 2919 Ρ.
4081 2891 4228 2921 .....

2459 2947 2774 3029 propitius
2807 2947 2987 3010 fuisti
3034 2947 3147 3025 θίε,
3184 2955 3244 3010 et
3279 2948 3593 3013 ulciscens
3633 2951 3697 3013 in
3727 2970 3956 3015 omnes
3985 2943 4028 2983 ⁸·

856 3049 1035 3112 Patre
1077 3066 1234 3124 meo,
1268 3057 1418 3112 nota
1458 3046 1581 3111 feci
1614 3045 1818 3111 vobis.
1852 3048 2126 3123 Propter
2154 3046 2348 3106 disci·
2383 3041 2426 3106 C
2457 3046 2942 3111 adinventiones
3000 3065 3242 3111 eorum.
3303 3048 3414 3110 Est
3470 3066 3724 3131 quoque
3783 3050 3954 3114 Deus

848 3150 1056 3224 plinoe
1083 3151 1255 3209 dona
1291 3146 1749 3215 commendati,
1782 3144 1847 3207 id
1888 3152 1984 3208 est
2032 3162 2349 3207 commen-

856 3244 1098 3309 dabiles
1128 3254 1320 3327 atque
1351 3244 1697 3307 laudabiles
1730 3241 1881 3306 facti
1912 3260 2024 3325 per
2053 3261 2246 3325 opera
2275 3260 2348 3305 ac

858 3344 1084 3407 merita
1122 3342 1500 3425 disciplinae,
1534 3361 1725 3425 quam
1767 3350 2164 3424 receperunt.

939 3445 1114 3505 Mihi
1154 3452 1371 3503 autem
1414 3443 1595 3503 dedit
1634 3445 1803 3502 Deus
1838 3443 2050 3501 dicere
2090 3460 2174 3499 ex
2210 3460 2350 3500 sen-

862 3545 1088 3613 tentia,
1128 3540 1188 3604 id
1235 3548 1351 3619 est,
1397 3539 1859 3603 sententialiter
1895 3538 2095 3620 loqui,
2129 3557 2243 3601 seu
2273 3558 2349 3601 ex

854 3640 1258 3717 certitudine,
1293 3648 1483 3721 gustu
1532 3638 1785 3701 interno
1833 3646 1895 3701 et
1936 3636 2344 3720 experientia,

856 3737 1144 3821 proferre
1181 3757 1323 3820 quae
1352 3738 1585 3818 doce03
1617 3748 1678 3798 et
1712 3757 2096 3815 proesumere
2139 3738 2345 3813 diqna

853 3840 1084 3899 horum
1113 3859 1256 3917 quoe
1294 3839 1458 3899 mihi
1482 3840 1751 3909 dantur,
1788 3834 1849 3897 id
1893 3842 1989 3897 θεῖ
2020 3835 2344 3898 moderate

852 3944 1162 3998 attentare
1192 3934 1363 4011 talia,
1397 3933 1613 4015 qualia
1651 3934 1833 3997 decet
1874 3952 1975 3995 me
2007 3940 2341 4009 attentare,

850 4034 1029 4115 juxta
1060 4051 1421 4096 mensuram
1460 4032 1676 4113 gratiae
1716 4051 1789 4094 ac
1828 4031 2158 4114 sapientias
2187 4030 2346 4093 mibi

852 4131 1118 4195 collatae.
1161 4132 1376 4212 ltaque
1418 4149 1546 4193 non
1589 4149 1728 4192 sum
1779 4138 2339 4211 praesumptuosuS,

2457 3144 2842 3228 sapientium
2885 3146 3273 3223 emendator,
3310 3146 3378 3209 id
3417 3156 3510 3210 est
3555 3148 3948 3228 meliorator,

2457 3243 2854 3327 perficiendo
2885 3244 2952 3306 in
2997 3244 3089 3309 eis
3119 3264 3234 3307 sua
3263 3245 3662 3325 charismata,
3697 3267 3769 3312 αθ
3811 3268 3954 3331 per-

2457 3342 2748 3405 ducendo
2779 3360 2887 3405 eos
2917 3343 2994 3405 ad
3021 3342 3286 3405 meliora
3308 3351 3372 3405 et
3400 3343 3710 3409 viciniora
3736 3346 3946 3409 saluti.
3979 3370 4118 3413 neor.
4137 3373 4226 3417 ns.

2456 3441 2717 3523 Propter
2750 3441 2921 3523 quod
2967 3441 3172 3504 oravit
3219 3441 3320 3503 vir
3367 3452 3620 3506 sanetus
3655 3462 3668 3505 :
3702 3444 3952 3510 Persice
3991 3470 4213 3518 rems.

2455 3557 2708 3619 gressus
2747 3558 2923 3602 meos
2960 3538 3028 3602 in
3067 3538 3312 3604 semitis
3351 3540 3498 3603 tuis.

2536 3641 2618 3700 In
2651 3659 2853 3699 manu
2881 3640 3058 3699 enim
3087 3639 3270 3699 illius
3297 3649 3356 3701 et
3385 3660 3523 3710 nos,
3542 3650 3602 3701 et
3629 3662 3952 3706 sermones

2457 3738 2682 3807 nostri,
2717 3736 2778 3798 id
2825 3744 2942 3813 est,
2979 3754 3093 3799 nos
3125 3735 3270 3818 ipsi,
3304 3745 3366 3799 et
3398 3737 3592 3801 verba
3623 3748 3838 3803 nostra
3868 3762 3948 3806 ac

2455 3834 2855 3911 documenta,
2889 3834 3218 3898 constituti
3261 3854 3484 3898 sumus
3522 3836 3587 3899 in
3635 3846 3950 3919 potestate

2454 3932 2920 4015 Omnipotentis
2954 3951 2968 3996 ε
2997 3932 3146 4014 quia
3177 3933 3240 3994 in
3273 3951 3413 3996 esse
3443 3943 3684 3999 naturae
3711 3956 3784 3999 ac
3809 3954 3950 4017 gra·

2455 4031 2558 4094 tiae
2622 4031 2984 4113 indigemus
3053 4030 3487 4095 indesinenter
3551 4037 3944 4114 conservari,

2455 4148 2572 4193 nec
2611 4147 2949 4211 possumus
2991 4128 3235 4210 aliquid
3272 4131 3592 4195 meritorie
3641 4133 3943 4213 cogitare,

4079 3661 4142 3716 16

853 4229 920 4292 in
970 4229 1194 4294 altiora
1240 4229 1581 4305 tendend0,
1635 4236 1744 4290 aut
1791 4228 2216 4308 aggrediendo
2271 4246 2344 4291 ea
2373 4229 2422 4290 D
2452 4236 2772 4310 appetere,
2814 4226 2991 4309 loqui
3040 4235 3148 4289 aut
3213 4228 3484 4310 operari,
3530 4228 3668 4292 sine
3705 4230 3945 4297 auxilio

852 4347 995 4409 quae
1026 4328 1193 4391 vires
1223 4327 1442 4410 gratiae
1470 4326 1631 4390 mibi
1660 4344 1977 4390 concessae
2004 4328 2342 4407 excedunt3

850 4444 971 4490 nec
1000 4424 1428 4509 pusillanimis
1458 4444 1624 4503 sum,
1649 4442 1777 4488 non
1806 4426 2099 4489 audendo
2128 4444 2233 4487 me
2263 4425 2344 4487 ad

850 4544 923 4588 ea
980 4525 1339 4602 extendere,
1384 4524 1493 4588 sed
1542 4524 1608 4587 in
1654 4523 1755 4587 his
1803 4522 2017 4605 potius
2066 4523 2343 4587 discrete

850 4642 951 4687 me
993 4624 1219 4687 habco,
1318 4676 1327 4683 .

942 4722 1265 4791 Quoniam
1298 4722 1431 4797 ipse
1477 4720 1815 4797 sapientiae
1877 4721 2019 4779 duoe
2077 4728 2168 4779 est
2209 4738 2232 4780 .·
2277 4717 2340 4781 id

848 4828 965 4895 est,
1012 4819 1177 4882 sicut
1213 4818 1374 4881 Deus
1416 4825 1512 4881 est
1553 4824 1772 4880 auctor
1814 4816 2164 4899 sapientiae,
2199 4837 2338 4880 eam

848 4916 1270 4991 infundendo,
1305 4916 1392 4979 ita
1431 4916 1607 4980 ducit
1648 4934 1720 4979 ac
1759 4914 1977 4995 dirigit
2005 4915 2332 4979 hominem

849 5015 915 5079 in
948 5035 1066 5078 usu
1095 5034 1205 5078 seu
1237 5024 1383 5078 actu
1429 5014 1779 5096 sapientiai,
1815 5032 1896 5076 ne
1930 5013 2340 5077 immoderate

847 5123 959 5178 aut
988 5114 1328 5178 indiscrete
1358 5132 1427 5176 se
1456 5112 1687 5176 babeat
1730 5113 1966 5175 utendo
2012 5112 2341 5195 sapientiai

848 5212 1070 5276 habitu
1103 5230 1117 5275 :
1144 5230 1224 5276 ne
1244 5211 1486 5275 scilicet
1514 5210 1757 5293 aliquid
1788 5210 2094 5287 extranei,
2120 5219 2340 5293 utpote

844 5330 1010 5378 vana
1034 5309 1259 5393 gloria,
1290 5309 1503 5385 elatio,
1537 5308 1971 5393 praesumptio,
2007 5309 2336 5391 pusillani-

2450 4325 2692 4406 gratiae,
2738 4324 3102 4407 actualique
3153 4324 3432 4390 motione
3491 4326 3716 4410 ipsiuS,
3777 4328 3944 4392 sicut

2452 4431 2717 4487 testatur
2753 4423 3092 4505 Apostolus
3127 4441 3141 4486 ε
3174 4423 3498 4487 Fiduciam
3533 4426 3722 4489 talem
3752 4426 3944 4491 habe·
4006 4452 4216 4500 nemu.

2454 4542 2595 4585 mus
2623 4522 2703 4585 ad
2732 4523 2928 4584 Deum
2966 4538 2981 4583 t
3011 4540 3136 4585 non
3177 4523 3349 4603 quod
3381 4523 3580 4585 simus
3610 4524 3946 4589 sufficien-
3969 4518 4014 4567 ⁴·
4035 4520 4076 4559 ⁵·

2453 4630 2545 4684 tes
2575 4619 2853 4701 cogitare
2895 4619 3136 4702 aliquid
3177 4639 3214 4681 a
3258 4621 3466 4699 nobiS,
3503 4622 3686 4704 quasi
3723 4642 3801 4686 ex
3831 4642 3946 4687 no-

2453 4718 2583 4798 bis;
2625 4718 2737 4780 sed
2799 4716 3197 4781 sufficientia
3245 4728 3464 4782 nostra
3520 4738 3596 4783 ex
3643 4721 3768 4784 Doo
3816 4730 3936 4785 est.

2451 4817 2609 4881 Hinc
2633 4816 2822 4879 etiam
2849 4816 2976 4879 alio
3002 4816 3136 4880 loco
3160 4817 3468 4899 scriptum
3493 4826 3590 4881 est
3615 4836 3628 4880 ε
3649 4820 3937 4897 Domine,
3969 4846 4218 4889 mnam

2453 4936 2560 4979 rex
2585 4914 3003 4997 omnipotens,
3024 4915 3089 4977 in
3120 4915 3362 4979 ditione
3391 4924 3500 4979 tua
3529 4926 3758 4981 cuncta
3789 4928 3940 4983 sunt
3969 4912 4012 4951 ⁹·

2453 5014 2678 5096 posita.
2720 5012 2927 5075 Simili
2977 5014 3164 5076 modo
3215 5013 3282 5075 in
3318 5033 3513 5077 manu
3556 5014 3696 5097 ejus
3743 5026 3841 5079 est
3877 5026 3940 5077 et

2449 5114 2660 5174 omnis
2683 5113 3006 5189 sapientia
3045 5111 3354 5174 mentium
3387 5122 3766 5189 creatarum,
3792 5134 3940 5196 quae

2451 5230 2569 5275 nec
2615 5212 2693 5273 ad
2744 5218 3138 5272 momentum
3189 5219 3455 5293 possunt
3500 5211 3566 5273 in
3618 5213 3764 5275 data
3809 5212 3934 5276 sibi

2450 5309 2764 5391 sapientia
2787 5328 3175 5392 permanere,
3198 5330 3315 5375 nec
3345 5330 3420 5375 ea
3447 5312 3788 5377 salubriter
3815 5314 3930 5391 uti,
