4284 6267
603 2571 750 2616 Eeeli.
766 2585 823 2623 xi.

559 2637 626 2679 2⁷.

1578 515 1932 563 numano
1971 516 2038 562 m
2079 516 2221 563 (ΖΔΓ.
2266 516 2333 563 11
2372 516 2811 564 musra.
2854 538 2939 549 -
2976 520 3121 566 m.
3164 520 3231 567 xl

853 686 1350 767 convenientiae3
1372 686 1994 751 delectabilissimum
2020 686 2211 769 plane
2234 694 2347 764 est,
2378 681 2431 745 A
2460 694 2748 769 tempore
2775 689 3217 753 adolescentiae
3236 689 3363 753 Deo
3392 689 3559 753 servi
3590 690 3659 751 in
3688 689 3937 753 laetitia:

855 784 1065 867 ipsum
1101 784 1364 848 fruitive
1393 785 1786 869 conspicere.
1823 786 1966 849 Ideo
2006 786 2086 849 de
2125 785 2352 850 electis

703 912 824 949 mv.
853 884 945 946 ait
971 883 1302 947 Psalmista
1333 885 1458 948 Deo
1491 903 1508 947 ε
1540 883 2030 948 inebriabuntur
2059 885 2140 947 ab
2168 885 2353 949 uber-

853 992 981 1046 tate
1008 983 1236 1046 domus
1267 991 1412 1061 tuae,
1445 993 1510 1048 et
1539 991 1820 1048 torrente
1847 984 2195 1066 voluptatis
2224 994 2349 1049 tuae

852 1082 1102 1165 potabis
1138 1099 1248 1145 eos
1280 1102 1297 1147 ε
1331 1083 1634 1164 quoniam
1669 1084 1840 1165 apud
1872 1090 1933 1145 te
1959 1092 2056 1145 est
2087 1082 2235 1147 fons
2260 1083 2351 1146 vi-

851 1190 1026 1257 tae‚et
1053 1182 1119 1243 in
1151 1180 1396 1245 lumine
1429 1190 1536 1246 tuo
1561 1181 1921 1245 videbimus
1954 1183 2187 1246 lumen.
2200 1183 2351 1246 Tan-

853 1288 931 1342 tae
962 1278 1158 1359 igitur
1185 1278 1604 1343 beatitudinis
1637 1299 1750 1363 spe
1785 1289 1848 1343 et
1875 1300 2112 1357 amore,
2145 1281 2349 1344 simus

850 1397 1104 1460 semper
1139 1378 1324 1441 bonis
1367 1377 1686 1443 ferventer
1717 1378 1984 1459 intenti3
2019 1388 2085 1441 et
2119 1379 2347 1443 timore

851 1476 1272 1560 separationis
1310 1476 1392 1540 ab
1429 1496 1528 1554 ea,
1573 1478 1938 1541 studeamus
1979 1496 2231 1561 semper
2266 1479 2347 1541 ad

851 1586 1120 1642 mortem
1150 1596 1290 1640 esse
1320 1575 1546 1659 parati.
1578 1575 1918 1660 Propterea
1947 1577 2244 1640 subditur
2276 1594 2293 1640 z

930 1677 1012 1739 Si
1031 1678 1230 1737 annis
1257 1678 1507 1745 multis,
1526 1674 1592 1738 id
1621 1684 1738 1751 est,
1756 1683 2347 1759 quantumcumque

851 1773 986 1852 diu,
1017 1776 1258 1835 vixerit
1287 1774 1573 1843 homo,et
1601 1776 1676 1835 in
1705 1776 1808 1836 his
1835 1777 2132 1836 omnibus
2164 1779 2348 1837 laetus

2456 786 2623 847 sicut
2664 785 2755 849 ait
2794 787 3134 869 Apostolus
3175 788 3257 851 ad
3298 787 3761 870 Philippenses,
3788 787 3943 850 Gau·
3968 796 4231 853 Philippu.

2456 885 2601 947 dete
2634 886 2701 946 in
2730 885 2999 949 Domino
3028 904 3312 969 semper;
3345 895 3409 950 et
3433 886 3784 963 psalmista,
3806 886 3941 950 Ser·
3966 862 4231 973 ⁴1»,me

2456 982 2586 1045 vite
2618 984 2885 1048 Domino
2916 983 2983 1046 in
3014 984 3250 1048 laetitia.
3266 988 3351 1047 Et
3376 988 3449 1045 in
3474 988 3633 1047 bono
3654 984 3935 1055 honesto,

2456 1082 2521 1146 id
2556 1092 2653 1145 est
2690 1093 2835 1147 actu
2866 1084 3201 1162 virtutum,
3232 1089 3321 1147 si!
3346 1106 3455 1147 cor
3484 1096 3671 1147 tuum
3706 1085 3941 1167 jugiter

2454 1192 2835 1265 occupatum
2866 1186 2937 1243 in
2968 1186 3195 1245 diebus
3216 1185 3589 1261 juventutis
3620 1194 3767 1246 tuoe.
3788 1184 3940 1247 Nam

2455 1291 2517 1344 et
2548 1300 2757 1345 mores
2796 1281 3078 1345 hominis
3112 1282 3408 1345 meliores
3436 1292 3587 1345 sunt
3614 1282 3681 1344 in
3716 1282 3942 1363 juven-

2455 1388 2611 1458 tute,
2644 1400 2837 1461 quam
2886 1381 2953 1443 in
2994 1379 3423 1445 adolescentia
3447 1381 3550 1446 vel
3591 1389 3937 1457 senectute,

2455 1488 2646 1561 prout
2676 1478 2743 1541 in
2785 1478 2951 1543 libro
2990 1479 3399 1544 Politicorum
3437 1481 3625 1544 docet
3660 1478 3944 1543 Philoso-

2455 1577 2645 1660 phus.
2698 1578 2765 1641 In
2820 1578 3249 1643 adolescentia
3304 1598 3583 1661 namque
3634 1578 3943 1659 sanguine

2457 1674 2767 1753 fervente,
2804 1676 3134 1759 passiones
3168 1686 3319 1740 sunt
3356 1676 3677 1755 fortioreS,
3706 1677 3943 1760 quibus

2454 1774 2619 1838 ratio
2646 1774 3044 1855 offuscatum
3088 1776 3153 1838 in
3184 1784 3509 1840 senectute
3539 1794 3690 1840 vero
3718 1784 3945 1839 natura

849 1875 1084 1953 fum't,
1103 1872 1170 1937 id
1199 1881 1317 1951 est,
1342 1890 1646 1955 prospera
1677 1872 1944 1948 habcnS,
1969 1882 2034 1937 et
2059 1874 2345 1955 gaudens
2378 1872 2429 1934 B
2455 1873 2757 1950 declinat,
2803 1882 2865 1937 et
2913 1875 3075 1938 ratio
3124 1874 3355 1958 incipit
3408 1874 3729 1938 debilitari
3770 1894 3945 1937 com-

852 1971 918 2036 in
965 1971 1175 2050 boniti,
1211 1973 1576 2033 meminisse
1615 1974 1793 2034 debet
1842 1974 2152 2033 tenebrosi
2200 1983 2346 2034 tem-

841 2073 1049 2150 poris,
1073 2068 1137 2133 id
1169 2078 1267 2133 est
1291 2069 1465 2133 horai
1491 2070 1880 2149 mortis,sibi
1911 2069 2346 2134 indesinenter

851 2168 1429 2251 appropinquantis
1462 2187 1477 2233 :
1512 2187 1657 2250 quae
1698 2167 1781 2232 ob
1829 2188 2010 2232 suam
2047 2170 2346 2232 amaritu-

853 2267 1068 2331 dinem
1106 2286 1182 2332 ac
1221 2265 1716 2345 terribilitatem,
1749 2286 1874 2331 nox
1906 2276 1972 2331 et
2008 2267 2347 2332 tenebrosa

853 2374 1154 2447 vocatur3
1187 2376 1247 2427 et
1277 2367 1538 2427 dierum
1569 2370 1951 2435 multorum,
1986 2365 2052 2429 id
2095 2376 2193 2430 est
2230 2368 2344 2430 du·

853 2464 1120 2528 rationis
1171 2462 1374 2526 futuri
1423 2463 1662 2542 saeeuli,
1703 2483 1848 2547 quae
1894 2464 2028 2527 fine
2075 2465 2338 2529 carebit.

2454 1973 2760 2035 muniter.
2784 1976 2873 2035 Ec
2909 1976 3174 2035 ambula
3207 1976 3281 2034 in
3312 1976 3439 2035 viis
3476 1976 3689 2035 cordis
3726 1976 3852 2044 tui,
3878 1974 3945 2037 id

2452 2078 2552 2134 est
2607 2070 2928 2135 exercitiis
2987 2071 3258 2135 internis
3314 2091 3389 2136 ac
3445 2071 3654 2149 bonis,
3708 2072 3945 2154 quibus

2453 2189 2637 2232 mens
2666 2170 2870 2233 tendit
2900 2169 2967 2233 in
2999 2170 3219 2248 Deum,
3251 2181 3312 2232 et
3350 2173 3423 2233 in
3457 2173 3713 2232 intuitu
3740 2176 3953 2233 oculo-

2452 2289 2604 2329 rum
2654 2280 2938 2337 tuorum,
2973 2268 3038 2331 id
3083 2277 3181 2333 est
3224 2269 3575 2333 secundum
3627 2269 3945 2333 dictamen

2453 2375 2514 2429 et
2538 2367 2855 2448 judicium
2896 2368 3229 2431 oculorum
3270 2368 3668 2444 interiorum,
3702 2375 3766 2431 et
3804 2386 3950 2431 con-

2455 2465 2740 2530 scientiae
2788 2476 2980 2548 atque
3024 2466 3424 2549 synderesis3
3468 2476 3529 2528 et
3574 2468 3731 2528 scito
3778 2470 3949 2547 quod

853 2562 1011 2627 Hine
1055 2563 1122 2625 in
1165 2562 1609 2627 Ecclesiastico
1650 2562 1886 2644 legitur
1909 2572 1932 2625 ':
1969 2564 2037 2626 ln
2081 2564 2187 2627 die
2236 2564 2345 2627 bo·
2444 2584 2569 2641 pro
2598 2567 2894 2626 omnibus
2922 2567 3027 2625 lzis
3054 2568 3331 2626 adducet
3374 2576 3432 2627 te
3460 2568 3633 2627 Deus
3672 2569 3744 2626 in
3760 2567 3949 2643 judi-

851 2672 1080 2725 norum
1113 2679 1192 2724 ne
1230 2661 1564 2724 immemor
1593 2661 1684 2723 sis
1721 2662 2052 2725 malorum.
2088 2663 2163 2725 Et
2190 2662 2341 2725 Gre-

850 2758 1066 2841 gorius
1119 2778 1134 2824 :
1189 2758 1290 2823 Sic
1348 2759 1594 2841 agenda
1650 2768 1747 2823 est
1802 2761 2135 2842 praesentis
2193 2761 2343 2824 vitae

849 2858 1088 2935 laetitia,
1124 2866 1192 2920 ut
1235 2858 1594 2921 amaritudo
1629 2857 1877 2937 mortis,
1909 2879 1983 2923 ae
2028 2860 2342 2924 districtio

850 2957 1176 3040 sequentis
1207 2956 1800 3039 judicii,nunquam
1833 2960 2128 3022 recedant
2156 2979 2193 3021 a
2222 2979 2345 3024 me-

2452 2665 2653 2734 dum,
2697 2663 2760 2726 id
2805 2672 2923 2741 est,
2964 2663 3288 2746 copiosam
3339 2663 3942 2739 dabitmereedem,

2452 2780 2651 2843 quum
2685 2762 3137 2844 approbaverit
3166 2782 3279 2824 sua
3303 2762 3593 2843 judiciali
3632 2761 3947 2826 sententia

2452 2859 2823 2941 hujusmodi
2855 2860 3053 2923 vitam
3084 2870 3280 2923 tuam.
3305 2859 3482 2923 Unde
3512 2870 3575 2923 et
3604 2860 3944 2943 Apostolus

2450 2957 2815 3021 Corinthios
2882 2959 3251 3022 exhortatur
3310 2978 3325 3023 ε
3390 2958 3659 3022 Stabiles
3714 2966 3936 3036 estote,
4016 2986 4140 3030 1cor.
4154 2998 4211 3030 n,

849 3056 1075 3120 moria.
1107 3055 1266 3119 Hine
1297 3056 1534 3120 Seneca
1563 3056 1760 3119 dixit:
1797 3055 2016 3120 Omnis
2047 3058 2185 3121 dies
2216 3058 2342 3121 vel·
2376 3051 2419 3114 C
2452 3057 2849 3120 abundantes
2886 3057 2952 3119 in
2992 3075 3186 3139 opere
3225 3056 3477 3121 Domini
3519 3075 3793 3139 semper,
3826 3056 3942 3121 sei-
3966 3053 4039 3094 ⁵⁸·

848 3162 920 3217 ut
957 3153 1224 3217 ultimus
1261 3154 1656 3218 ordinandus
1695 3162 1812 3218 est.
1852 3158 1982 3225 Qui
2010 3176 2213 3237 quum
2241 3178 2343 3217 ve-

847 3255 1096 3323 nerint,
1133 3254 1451 3315 vanitatis
1488 3264 1856 3330 arquentur
1879 3257 2237 3331 praeterita,
2274 3255 2341 3317 id

850 3359 967 3429 est,
1001 3349 1067 3413 in
1101 3350 1318 3415 futuro
1355 3351 1609 3429 saeculo,
1642 3359 1706 3415 et
1743 3352 1956 3414 stat-im
1999 3360 2142 3435 post
2182 3372 2343 3417 mor-

849 3460 978 3513 tem
1032 3449 1147 3513 fiet
1195 3450 1702 3532 uniuscujusque
1748 3451 2130 3533 particulare
2176 3453 2343 3533 judi-

851 3550 1119 3625 cium,et
1148 3548 1316 3611 mala
1343 3568 1487 3630 quae
1512 3548 1712 3630 gessit
1739 3550 2155 3614 ostendentur
2178 3570 2342 3615 vana

855 3648 1077 3723 fuisse,
1130 3655 1193 3710 et
1251 3646 1817 3729 reprehendentur,
1868 3648 2343 3712 damnabuntur

853 3768 927 3812 ae
958 3741 1339 3830 punientur.

947 3841 1062 3909 La}
1130 3867 1199 3907 re
1243 3866 1418 3923 erqo,
1448 3847 1745 3923 juvenis,
1797 3849 1823 3906 i
1827 3868 1864 3906 n
1917 3850 2345 3909 adolescentia

858 3957 995 4017 tua,
1027 3955 1086 4007 et
1119 3968 1142 4005 ι
1221 3946 1378 4005 bono
1408 3946 1494 4004 sit
1521 3964 1629 4005 cor
1661 3954 1844 4005 tuum
1877 3945 1950 4006 in
1976 3948 2205 4007 diebus
2226 3948 2345 4024 ju-

854 4048 1134 4106 ventutis
1166 4054 1314 4117 tuce,
1336 4053 1397 4104 et
1424 4046 1688 4105 ambula
1717 4046 1790 4105 in
1821 4047 1949 4105 viis
1977 4048 2189 4106 cordis
2220 4048 2341 4119 tui,

849 4154 909 4204 et
942 4147 1011 4203 in
1046 4144 1297 4205 intuitu
1317 4146 1648 4203 oculorum
1683 4144 2342 4208 tuorum.Secundum

2451 3164 2632 3218 entes
2664 3156 2834 3236 quod
2870 3155 3050 3219 labor
3083 3164 3293 3219 vester
3336 3174 3463 3220 non
3504 3163 3602 3219 est
3632 3155 3842 3219 inanis
3874 3156 3940 3219 in

2452 3252 2743 3317 Domino.

2532 3355 2747 3432 Aufer
2782 3354 2957 3415 iram
3000 3371 3113 3435 per
3154 3352 3385 3416 vitium
3414 3374 3455 3415 a
3484 3356 3673 3415 corde
3702 3364 3837 3425 tuo,
3876 3353 3940 3416 id

2452 3459 2568 3525 est„
2614 3449 2971 3532 appetitum
3021 3450 3320 3516 vindictae
3374 3449 3649 3529 refrena,
3702 3459 3768 3515 et
3810 3450 3941 3515 cito

2454 3547 2735 3629 indulge,
2770 3556 3089 3629 quat-enus
3118 3550 3283 3612 Deus
3314 3548 3381 3612 in
3412 3568 3527 3613 suo
3551 3547 3795 3630 judicio
3825 3549 3941 3612 tibi

2453 3646 2776 3728 indulgeat
2803 3646 2951 3732 :qui
2981 3647 3047 3709 in
3078 3647 3422 3728 Evangelio
3452 3655 3858 3730 protestatur,
3876 3648 3941 3711 Si
3992 3668 4205 3713 uanam.

2452 3764 2582 3809 non
2615 3746 2987 3810 remiseritis
3019 3745 3465 3827 unusquisque
3505 3744 3687 3808 fratri
3719 3765 3837 3809 suo
3864 3746 3944 3812 de
3972 3732 4206 3785 ¹⁵³¹⁷¹¹¹’³⁵'

2450 3844 2750 3909 cordibus
2779 3844 3029 3919 vestriS,
3065 3862 3181 3907 nec
3220 3843 3399 3907 Pater
3432 3852 3639 3907 vester
3666 3844 3945 3908 coelestis

2453 3944 2731 4008 dimittet
2769 3943 2951 4011 vobis
2994 3951 3254 4027 peccata
3297 3952 3528 4007 vestra.
3552 3944 3729 4007 Unde
3768 3952 3835 4007 et
3876 3943 3944 4006 in

2453 4041 2735 4106 Levitico
2782 4042 3029 4124 jussum
3082 4049 3178 4105 est
3227 4058 3242 4104 :
3297 4041 3431 4105 Non
3466 4060 3711 4123 quaeras
3760 4041 3946 4104 ultio·
4032 4068 4203 4110 Lam,

2456 4161 2623 4217 nem,
2661 4160 2777 4203 nee
2807 4158 3052 4204 memor
3080 4140 3207 4204 eris
3240 4139 3494 4221 injuriae
3526 4139 3765 4204 civium
3806 4148 3945 4203 tuo-
3974 4133 4042 4178 ¹⁸·

4072 3366 4131 3422 {0

851 4240 1262 4323 superficiem
1311 4240 1558 4317 litterae,
1591 4240 1845 4303 videtur
1889 4242 1996 4305 hie
2045 4241 2343 4306 Salomon
2372 4239 2422 4301 D
2456 4260 2619 4303 rum.
2671 4240 2738 4302 In
2786 4238 3012 4303 Genesi
3063 4257 3319 4321 quoque
3358 4238 3591 4321 Joseph
3640 4237 3943 4303 fratribus

849 4341 1192 4402 admonere
1231 4339 1309 4401 ad
1349 4338 1694 4402 vivendum
1727 4339 2130 4423 voluptuose,
2166 4341 2344 4422 juxta

849 4436 1168 4501 desideria
1214 4436 1424 4501 cordis
1469 4446 1532 4499 et
1567 4437 2155 4519 concupiscentiam
2196 4458 2345 4502 oeu-

851 4537 1081 4599 lorum.
1129 4535 1204 4598 Et
1259 4534 1311 4597 si
1364 4535 1575 4598 littera
1623 4534 1713 4597 ita
1761 4544 2067 4614 sumatur,
2120 4538 2345 4600 dicunt

850 4634 1453 4717 expositoreS‚quod
1486 4632 1654 4697 dicat
1683 4634 1817 4697 haec
1849 4634 2044 4697 verba
2074 4634 2339 4699 ironice.

853 4733 1006 4795 Nam
1043 4732 1259 4795 statim
1307 4731 1642 4813 subjungit
1685 4749 1698 4794 :
1735 4742 1795 4793 et
1831 4735 1988 4795 scito
2017 4738 2190 4813 quod
2223 4754 2344 4812 pro

852 4833 1147 4894 omnibus
1165 4833 1268 4892 his
1297 4834 1570 4893 adducet
1602 4840 1658 4891 te
1687 4834 1859 4893 Deus
1886 4833 1959 4891 in
1974 4833 2341 4909 judicium.

853 4930 964 4993 Vel
1001 4929 1065 4991 in
1097 4948 1368 5012 persona
1400 4928 1751 4991 carnalium
1784 4929 1945 4991 dixit
1973 4930 2128 4993 haec.
2155 4929 2343 5005 Quasi

854 5028 1022 5091 dieat
1061 5046 1074 5090 :
1118 5027 1318 5103 Quum
1353 5035 1444 5091 tot
1473 5026 1640 5089 mala
1686 5027 1815 5089 sint
1844 5036 1906 5091 et
1935 5029 2222 5107 adversa,
2257 5029 2347 5091 in·

855 5128 1038 5190 terim
1091 5126 1527 5208 voluptatibus
1585 5125 1818 5189 fruere.
1873 5126 2084 5191 Nihilo
2131 5128 2345 5191 minus

855 5234 1062 5290 textus
1093 5234 1300 5309 potest
1339 5225 1567 5306 exponi
1598 5223 1664 5287 in
1706 5244 1898 5287 sensu
1926 5226 2189 5291 salubri.
2210 5232 2349 5290 Loe-

856 5336 1020 5397 tare,
1032 5326 1328 5405 juvenis,
1359 5324 1432 5387 in
1465 5326 1892 5387 adolescentia
1927 5334 2061 5397 tua,
2114 5326 2177 5388 id
2227 5334 2345 5404 cst,

2454 4339 2588 4401 suis
2631 4337 2862 4417 legitur
2900 4335 3257 4418 injunxisse
3293 4354 3306 4399 ε
3340 4337 3428 4399 Ne
3469 4336 3835 4399 irascamini
3876 4336 3943 4399 in
4002 4364 4197 4408 amm.

2455 4438 2578 4502 via.
2612 4437 2689 4499 Et
2720 4437 2785 4498 in
2814 4436 2929 4499 Job
2968 4434 3335 4519 praecipitur
3368 4455 3383 4499 :
3418 4434 3552 4500 Non
3589 4442 3648 4497 te
3688 4442 3945 4518 superet
3973 4428 4199 4535 ²2⁶¹„st

2454 4537 2570 4615 ira,
2608 4544 2677 4600 ut
2705 4536 2987 4618 aliquem
3025 4535 3476 4617 opprimaS.Et
3505 4555 3727 4597 amove
3764 4537 3949 4597 mali·
3976 4560 4040 4600 is.

2456 4638 2638 4708 tiam,
2674 4633 2739 4697 id
2787 4640 2884 4698 cst
2926 4632 3309 4697 adulterium
3354 4641 3418 4696 et
3465 4652 3719 4697 omnem
3768 4633 3947 4696 luxu·

2454 4734 2637 4810 riam,
2678 4755 2721 4795 a
2762 4753 2957 4794 carne
3002 4742 3135 4793 tua.
3179 4731 3296 4806 Qui
3347 4730 3518 4795 enim
3568 4729 3939 4809 fornicatur,
4022 4764 4197 4808 mom,

2454 4841 2676 4916 peccat
2723 4832 2790 4894 in
2841 4850 3075 4914 eorpus
3113 4849 3340 4911 suum3
3389 4839 3453 4894 et
3500 4850 3570 4894 se
3617 4830 3828 4913 ipsum
3876 4830 3943 4893 in
3974 4830 4037 4870 ¹⁸·

2453 4932 2835 5014 Baptismate
2872 4929 2999 4993 Deo
3029 4938 3492 5008 consecratum,
3522 4927 3675 4992 facit
3703 4927 3943 4992 diaboli

2454 5049 2709 5094 servum
2758 5050 2829 5093 ac
2877 5029 3729 5092 membrumAdozesceneia
3766 5030 3941 5089 enim

2453 5140 2513 5191 et
2544 5133 2863 5208 voluptas,
2906 5148 3078 5189 vana
3107 5137 3261 5188 sunt
3296 5148 3319 5187 .·
3350 5125 3505 5208 quia
3528 5145 3567 5188 a
3595 5144 3847 5189 summo
3876 5134 3943 5189 et

2457 5225 2969 5291 incommutabili
3008 5224 3178 5290 bono
3206 5233 3523 5301 avertunt,
3556 5223 3936 5308 impediunt,

2458 5332 2521 5389 et
2551 5324 2873 5406 elongant.
2900 5322 3343 5388 Adolescentia
3365 5331 3607 5399 tamen,
3632 5330 3821 5405 prout
3846 5329 3944 5386 est
