4284 6267
541 894 683 937 Bam·

555 992 704 1036 Mam·
710 1007 808 1044 .....

571 1190 680 1234 Gen.
697 1204 805 1242 xus,

542 1256 608 1299 ¹0.

541 1786 726 1837 Danas,
741 1788 807 1830 24.

580 2481 734 2525 Galat.
751 2496 806 2533 iv,

546 2547 588 2595 4,
607 2548 648 2587 5.

565 3566 672 3613 Luc.
689 3582 726 3619 n,
744 3570 811 3619 2⁵,

549 3634 616 3674 2⁶.

549 3962 670 4007 laid.
693 3976 722 4013 ι,
746 3966 809 4007 ΓΙ.

650 4054 717 4110 13

554 5285 818 5343 Philippu,

835 493 954 557 348

1429 512 1780 561 ENARRATIO
1823 513 1886 560 m
1926 513 2064 561 cAP.
2110 515 2156 560 11
2198 512 2437 561 canuc!
2478 513 2879 563 GAN‘ncontm.
2926 537 3008 547 —
3047 518 3187 565 Aur.
3222 520 3331 565 vlu

835 680 1089 763 impleri
1141 692 1494 767 coeperunt‚
1541 692 1603 747 et
1649 684 1950 766 deinceps
1998 684 2328 747 abundan-
2357 683 2406 746 A
2439 684 2504 746 hi
2550 684 2727 748 luera
2770 684 3053 765 fuerunt,
3088 688 3221 753 haec
3262 689 3601 753 arbitratus
3640 710 3779 753 sum
3819 692 3927 755 de-

838 780 964 843 tius
1005 781 1466 865 implebuntur,
1514 784 1660 864 quia
1705 786 1832 866 Jam
1881 794 2132 866 tempus
2175 782 2328 846 heb-

687 896 764 945 x‚2
793 924 806 937 .
837 881 1244 944 domadarum
1278 903 1315 944 a
1344 883 1600 946 Daniele
1639 883 2010 965 praedictum
2043 883 2323 945 advenit.

837 980 1014 1041 Unde
1044 979 1176 1042 dixi
1200 981 1432 1044 Judaeis
1469 1000 1482 1044 :
1518 982 1765 1045 Faciem
1797 982 1939 1044 coeli
1972 982 2327 1063 dijudicare

836 1079 1060 1157 nostiS,
1098 1080 1279 1161 signa
1323 1090 1534 1144 autem
1583 1090 1938 1165 temporum
1984 1100 2108 1144 non
2155 1091 2328 1162 pote-

837 1178 987 1239 stis?
1015 1178 1147 1240 Jam
1195 1198 1452 1261 quoque
1502 1189 1818 1262 sceptrum
1869 1200 1904 1242 a
1951 1180 2107 1242 Juda
2155 1179 2327 1242 abla-

833 1287 967 1341 tum
1017 1288 1132 1355 est,
1179 1287 1244 1341 et
1290 1280 1419 1342 dux
1466 1279 1544 1341 de.
1596 1276 1838 1343 femore
1880 1278 2018 1360 ejus
2066 1278 2322 1341 defecit.

819 1384 1112 1457 -Tempus
1135 1381 1504 1458 putationis
1531 1381 1820 1451 advenit,
1855 1378 1917 1440 id
1949 1388 2045 1439 est
2077 1385 2326 1459 tempus

837 1477 1233 1540 liberationis
1277 1477 1497 1560 populi
1545 1477 1732 1540 lsrael
1775 1497 1812 1539 a
1849 1478 1980 1539 suis
2025 1478 2322 1559 peccatis,

837 1586 908 1639 ut
966 1577 1266 1641 vitiorum
1330 1576 1808 1659 superfluitates
1873 1594 2042 1639 nunc
2105 1595 2327 1657 ampu-

839 1684 1050 1739 tentur
1084 1696 1098 1739 z
1131 1676 1311 1757 juxta
1351 1675 1415 1738 id
1460 1676 1631 1755 quod
1660 1674 1959 1737 scribitur
1999 1674 2065 1735 in
2111 1674 2328 1737 Danie-

837 1774 896 1838 le
942 1792 956 1837 :
1001 1774 1402 1856 Septuaginta
1458 1772 1884 1836 hebdomades
1941 1772 2325 1836 abbreviatae

2437 783 2738 847 trime-uta
2786 806 2945 850 esse.
3002 792 3215 850 Vineae
3260 792 3561 865 florentes
3605 794 3927 851 dederunt

2436 887 2691 945 odorem
2730 906 2921 947 suum
2960 908 2983 947 .·
3015 886 3080 949 id
3122 897 3240 964 est,
3292 888 3590 952 virtuosae
3639 908 3927 971 personae

2439 982 2641 1064 ipsius
2691 984 3058 1067 Synagogae,
3109 986 3421 1050 dulciflua
3456 989 3769 1051 desideria
3810 1008 3929 1051 sua

2439 1083 2519 1145 de
2547 1100 2690 1145 meo
2718 1084 2995 1149 adventu
3026 1094 3371 1149 coram‘me
3400 1085 3793 1165 effuderunt,
3826 1106 3931 1151 ro-

2436 1189 2657 1263 gantes
2696 1182 2948 1245 assidue
2982 1202 3097 1265 pro
3133 1184 3408 1258 adventu
3446 1184 3609 1265 regis
3646 1185 3924 1248 Messiae:

2438 1301 2706 1364 quarum
2757 1299 2859 1343 me
2904 1282 3096 1344 trahit
3148 1282 3250 1364 pia
3284 1282 3573 1361 affectio,
3622 1292 3683 1347 et
3724 1282 3929 1348 allicit

2436 1380 2693 1444 devotio
2735 1389 2973 1444 sancta.
3695 1380 3708 1387 '

2517 1479 2733 1561 ltaque
2777 1488 3037 1562 propter
3074 1480 3207 1543 haec
3250 1480 3484 1558 omnia,
3518 1481 3651 1563 jam
3690 1485 3925 1559 Surye,

2434 1581 2647 1640 amica
2677 1599 2841 1647 mea,
2872 1598 3103 1657 sponsa
3134 1600 3273 1640 mea
3303 1578 3643 1658 singularis
3672 1588 3733 1642 et
3762 1579 3929 1661 opt-i-

2436 1698 2560 1755 ma,
2594 1688 2655 1737 et
2685 1680 2857 1747 veni,
2889 1696 3002 1758 per
3031 1678 3261 1739 mentis
3290 1696 3688 1755 consensum,
3725 1686 3794 1739 ut
3824 1698 3927 1739 mc

2437 1776 2759 1857 concipias
2791 1784 2969 1837 tuum
3008 1784 3356 1839 creatorem
3393 1785 3453 1840 et
3486 1776 3771 1839 omnium
3804 1776 3929 1838 sal-

836 1882 986 1947 sunt
1021 1892 1211 1955 super
1241 1872 1548 1955 populum
1587 1880 1790 1949 tuum,
1823 1878 1895 1933 ut
1932 1890 2326 1934 consumme-
2361 1874 2408 1936 B
2438 1884 2753 1953 vatorem3
2786 1877 3074 1935 columba
3108 1896 3247 1935 mea
3286 1874 3721 1957 pudicissima,
3753 1894 3927 1937 sum-

835 1980 939 2033 tur
983 1971 1442 2053 praevaricatiO,
1493 1978 1556 2032 et
1616 1968 1815 2032 finem
1865 1968 2134 2050 accipiat
2186 1989 2327 2052 pec-

825 2078 1067 2147 ·catum,
1103 2077 1165 2132 et
1202 2068 1488 2132 deleatur
1527 2066 1852 2150 iniquitaS,
1889 2075 1952 2129 et
1978 2068 2327 2130 adducatur

833 2168 1084 2251 justitia
1125 2168 1534 2250 sempiterna,
1575 2176 1640 2229 et
1682 2166 2020 2248 impleatur
2057 2166 2224 2230 visio
2264 2175 2327 2230 et

839 2266 1192 2350 prophetia,
1229 2274 1291 2329 et
1321 2275 1594 2348 ungatur
1626 2264 1892 2328 Sanctus
1924 2264 2322 2329 Sanctorum.

838 2364 1014 2429 Unde
1061 2366 1162 2427 his
1219 2372 1640 2428 consonanter
1696 2364 1979 2445 loquitur
2025 2364 2256 2427 Paulus
2308 2382 2322 2425 ε

836 2460 955 2529 Ubi
999 2464 1175 2527 venit
1213 2463 1543 2544 plenitudo
1583 2462 1909 2545 tempori5‚
1949 2462 2122 2525 misit
2166 2464 2327 2526 Deus

839 2564 1068 2627 Filium
1120 2582 1305 2624 suum
1349 2569 1567 2624 natum
1620 2581 1694 2624 ex
1743 2560 2032 2638 muliere,
2088 2561 2327 2624 factum

841 2661 960 2725 sub
1019 2660 1176 2741 lege,
1211 2668 1282 2721 ut
1329 2678 1438 2722 eos
1487 2658 1594 2741 qui
1643 2659 1764 2721 sub
1813 2658 1950 2738 lege
1995 2666 2198 2735 erant,
2232 2678 2329 2721 re-

838 2760 1128 2824 dimeret.

921 2862 1051 2921 Vox
1075 2860 1356 2919 turturis
1383 2859 1618 2919 audita
1645 2867 1734 2918 est
1765 2859 1836 2918 in
1871 2867 2040 2918 terra
2069 2866 2327 2917 nostra:

841 2958 905 3021 id
957 2967 1072 3034 est,
1109 2958 1173 3019 in
1208 2956 1532 3039 Synagoga
1576 2955 1860 3019 insonuit
1905 2973 2112 3018 sermo
2145 2955 2323 3035 legiS,

2436 1994 2540 2037 me
2593 1972 2817 2049 faceta,
2865 1975 2937 2032 in
2980 1975 3417 2050 foraminibus
3448 1984 3672 2051 petra»,
3718 1972 3782 2035 id
3826 1981 3924 2036 est

2424 2073 2502 2135 ⁴in
2559 2070 2805 2135 viribus
2859 2090 2969 2133 seu
3024 2070 3325 2154 potentiis
3384 2071 3612 2134 animae
3658 2080 3805 2148 tuae,
3856 2072 3923 2133 in

2434 2169 2609 2237 omni
2668 2169 2870 2250 gratia
2919 2168 3225 2246 solidatae,
3276 2170 3805 2233 constantissimae
3862 2178 3927 2233 et

2440 2269 2730 2345 firmatae,
2768 2276 2919 2350 puta
2964 2267 3029 2328 in
3081 2267 3406 2330 intellectu
3456 2287 3527 2330 ac
3569 2267 3920 2344 voluntate,

2434 2388 2579 2451 quae
2634 2375 2782 2429 sunt
2839 2365 3195 2448 spiritualia
3250 2364 3563 2429 foramina
3620 2384 3735 2448 per
3782 2384 3926 2447 quae

2436 2466 2651 2529 anima
2691 2463 3207 2528 intellectualiter
3246 2464 3451 2527 cernit
3486 2482 3589 2526 me
3618 2472 3681 2527 et
3720 2464 3921 2545 cupit.

2435 2565 2612 2627 Unde
2640 2562 2707 2625 in
2736 2561 3065 2626 Ezechiele
3103 2562 3399 2625 Dominus
3438 2564 3530 2625 ait
3558 2563 3636 2625 ad
3674 2562 3927 2626 Cherub

2435 2663 2543 2745 qui
2578 2662 2808 2725 cecidit
2841 2682 2855 2725 z
2893 2661 3225 2724 Foramina
3254 2670 3361 2724 tua
3392 2662 3458 2723 in
3488 2660 3591 2724 die
3620 2661 3927 2725 conditio-

2438 2762 2537 2825 nis
2570 2770 2693 2823 tuae
2726 2768 2940 2843 parata
2970 2767 3132 2822 sunt.
3165 2759 3307 2823 Fuit
3340 2761 3553 2842 itaque
3582 2760 3927 2823 sacratissi-

2438 2881 2540 2924 ma
2567 2860 2779 2940 Virgo,
2813 2859 3031 2935 amica,
3058 2877 3292 2940 sponsa
3322 2867 3386 2922 et
3412 2858 3711 2923 columba
3732 2858 3923 2921 Verbi

2436 2958 2657 3024 aeterni
2686 2959 2753 3019 in
2795 2957 3217 3020 foraminibus
3257 2966 3473 3039 petrau,
3508 2957 3569 3019 id
3612 2956 3801 3019 estin
3833 2956 3929 3020 in-

839 3057 1216 3120 vaticinium
1274 3055 1750 3137 Prophetarum,
1797 3054 2202 3117 annuntiatio
2251 3054 2329 3116 de
2362 3052 2409 3117 C
2440 3059 2698 3122 tellectu
2739 3076 2811 3119 ac
2858 3056 3207 3131 voluntate,
3260 3056 3412 3137 quia
3458 3075 3573 3138 per
3620 3055 3817 3119 fidem
3865 3064 3930 3119 et

841 3157 1130 3239 proximo
1177 3154 1343 3234 regis
1399 3154 1636 3217 Messiae
1690 3154 1969 3217 adventu
2005 3153 2330 3215 :instante

840 3256 1074 3319 etenim
1107 3253 1448 3317 Salvatoris
1479 3254 1773 3330 adventu,
1797 3253 2211 3334 Omnipotens
2243 3270 2332 3313 rc-

841 3353 1078 3417 velavit
1109 3352 1234 3434 aliq
1247 3352 1431 3415 uibus
1462 3351 1748 3433 patribus
1783 3351 2147 3433 Synagogae,
2184 3361 2333 3413 tem-

843 3472 962 3537 pus
1000 3453 1310 3514 adventus
1354 3450 1583 3513 Christi
1629 3451 1870 3513 adesse.
1907 3449 2083 3512 Unde
2133 3448 2331 3511 Sime-

843 3570 925 3615 on
972 3550 1182 3633 justus
1233 3557 1296 3612 et
1344 3549 1677 3611 timoratus
1731 3566 2104 3630 responsum
2153 3566 2331 3609 acce·-

843 3657 1022 3732 perat
1069 3668 1106 3710 a
1150 3647 1390 3728 Spiritu
1442 3647 1691 3724 Sancte,
1745 3666 1872 3710 non
1923 3646 2209 3709 visurum
2262 3665 2329 3708 se

841 3755 1110 3810 mortem
1143 3747 1267 3808 nisi
1299 3746 1544 3809 videret
1573 3745 1891 3808 Christum
1927 3744 2201 3808 Domini.
2239 3744 2331 3807 Si-

841 3846 1082 3909 militer
1124 3844 1439 3907 Zachariae
1483 3845 1654 3925 justo
1708 3842 1958 3905 Gabriel
2009 3842 2333 3905 nuntiavit

841 3946 920 4008 de
968 3944 1107 4007 filio
1156 3962 1270 4006 suo
1318 3943 1556 4007 Ioanne
1591 3960 1604 4003 :
1640 3942 1779 4023 lpse
1828 3942 2137 4023 praecedet
2184 3949 2331 4003 ante

844 4044 1026 4106 illum
1057 4042 1122 4103 in
1156 4041 1384 4123 spiritu
1417 4049 1478 4103 et
1507 4040 1739 4103 virtute
1769 4040 1942 4101 Eliae.
1969 4043 2161 4101 Ficus
2184 4060 2333 4118 pro-

845 4143 998 4203 tulit
1019 4160 1268 4219 qrossos
1293 4159 1481 4199 suos:
1512 4138 1576 4201 id
1606 4148 1720 4213 est,
1757 4137 2084 4221 Synagoga
2115 4137 2333 4201 fructi-

2438 3156 2813 3240 sapientiam
2847 3154 2946 3218 sui
2980 3155 3365 3231 intellectuS‚
3385 3163 3576 3235 atque
3608 3174 3720 3237 per
3750 3174 3929 3237 spem

2438 3267 2501 3320 et
2529 3254 2853 3318 caritatem
2884 3271 3014 3317 suae
3044 3251 3411 3327 voluntatis,
3429 3252 3668 3334 placuit
3696 3269 3932 3334 sponso

2438 3354 2681 3417 eoelesti
2722 3352 3069 3434 potissime.
3103 3351 3181 3413 Et
3208 3352 3283 3411 in
3310 3370 3588 3410 caverna
3620 3353 3932 3419 macerice,

2440 3452 2505 3514 id
2546 3460 2641 3514 est
2680 3450 2746 3511 in
2784 3448 3199 3512 intellectuali
3230 3447 3561 3525 memoria,
3594 3466 3709 3529 per
3736 3467 3929 3530 quam

2438 3550 2674 3632 jugiter
2712 3547 3136 3611 meditabatur
3174 3546 3415 3609 divina.
3448 3546 3601 3609 Nam
3642 3554 3705 3609 et
3739 3549 3931 3628 (teste

2438 3646 2865 3727 Evangelista)
2895 3645 3081 3707 Maria
3111 3644 3528 3707 conservabat
3554 3644 3767 3707 omnia
3796 3664 3933 3707 ver·
3956 3670 4069 3713 Luc.
4088 3683 4131 3719 u,
4150 3672 4207 3711 ις,

2440 3747 2521 3809 ba
2559 3745 2715 3821 haec,
2758 3742 3094 3807 conferens
3135 3742 3199 3804 in
3242 3743 3431 3805 corde
3464 3761 3601 3805 suo.
3633 3742 3928 3805 Memoria

2438 3853 2645 3908 autem
2686 3851 2781 3906 est
2825 3841 3294 3923 receptaculum
3345 3839 3645 3921 locusque
3690 3841 3931 3923 specie-

2441 3962 2608 4019 rum,
2660 3949 2721 4004 et
2781 3940 2962 4022 quasi
3016 3948 3237 4003 venter
3292 3938 3784 4001 similitudinum
3842 3958 3931 4002 re-

2444 4061 2585 4103 rum
2619 4058 2633 4102 :
2669 4039 2846 4102 etita
2878 4047 3044 4101 recte
3086 4044 3342 4100 vocatur
3378 4056 3668 4112 caverna,
3706 4037 3835 4100 imo
3866 4046 3929 4100 et

2441 4158 2713 4203 caverna
2743 4137 3048 4213 maceriae,
3071 4134 3133 4197 id
3164 4140 3259 4198 est
3287 4135 3454 4197 muri
3484 4136 3619 4199 sive
3647 4134 3927 4217 parietis,

845 4239 979 4302 fera
1009 4247 1072 4301 et
1101 4239 1320 4315 electa,
1355 4256 1494 4319 quae
1532 4237 1851 4300 creditura
1890 4236 2014 4300 fuit
2051 4238 2117 4299 in
2157 4236 2333 4299 Chri·
2364 4240 2413 4302 D
2442 4238 2739 4302 videlicet
2766 4235 2995 4299 animae
3023 4234 3341 4311 virtuosae,
3378 4252 3541 4315 quae,
3573 4233 3753 4315 juxta
3782 4233 3931 4297 Eze-

843 4346 1034 4413 stum‚
1069 4337 1277 4418 primo
1315 4336 1676 4399 observavit
1712 4336 2051 4414 diligenter
2086 4355 2163 4397 ea
2189 4354 2333 4416 quae

844 4436 1002 4517 legis
1049 4445 1249 4499 crant.
1297 4436 1554 4518 Propter
1605 4435 1774 4516 quod
1821 4434 2118 4518 princeps
2175 4434 2333 4496 dixit

563 4552 665 4596 Aet.
687 4554 814 4603 nu.
843 4534 1291 4618 Apostolorum
1345 4552 1358 4597 ε
1413 4535 1746 4615 Nunquam
1797 4533 2044 4596 comedi
2089 4533 2335 4615 aliquid

844 4652 1182 4698 commune
1229 4642 1294 4697 et
1343 4633 1767 4695 immundum.
1801 4632 2029 4694 Paulus
2077 4651 2335 4714 quoque

547 4748 814 4805 Ριιειερρηιι,
846 4734 1081 4797 fatetur
1114 4752 1182 4795 se
1213 4731 1352 4795 sine
1382 4730 1641 4813 querela
1677 4738 2120 4795 conversatum
2153 4731 2218 4792 in
2248 4730 2337 4793 le-

843 4852 942 4913 ge.
996 4831 1118 4894 Sed
1167 4838 1386 4912 postea
1431 4830 1802 4911 abjecerunt
1851 4829 1984 4894 haec
2033 4838 2336 4911 tanquam

846 4932 1093 4994 fructus
1142 4930 1415 5013 ineptOS,
1450 4927 1702 5009 cognita
1749 4927 1951 5009 gratia
1991 4926 2226 4989 Christi
2276 4936 2339 4991 et

849 5029 1091 5111 Spiritu
1141 5028 1368 5091 Sancto
1420 5033 1699 5108 accepto,
1753 5026 1919 5087 sicut
1965 5025 2031 5088 in
2077 5026 2339 5088 Actibus

551 5144 816 5195 Aet.xv,1t.
848 5126 1367 5209 Archiapostolus
1409 5126 1691 5207 loquitur
1726 5142 1740 5186 t
1773 5123 1887 5187 Per
1921 5124 2189 5206 gratiam
2230 5126 2342 5188 Do-

850 5226 1007 5288 mini
1053 5225 1252 5288 nostri
1283 5224 1429 5287 Jesu
1459 5222 1692 5286 Christi
1723 5221 2040 5285 credimus
2081 5223 2335 5286 salvari.

850 5324 974 5387 Vas
1005 5342 1262 5406 quoque
1301 5321 1632 5387 electionis
1671 5321 1975 5385 disseruit
2005 5339 2019 5385 :
2052 5320 2201 5397 Quae
2230 5321 2344 5384 mi-

2442 4336 2733 4411 chielem,
2770 4332 3119 4416 interponit
3154 4352 3223 4395 se
3250 4352 3505 4394 murum
3538 4331 3703 4394 inter
3733 4332 3929 4395 Deum
4010 4356 4173 4399 ezeeh.

2442 4454 2745 4519 sponsum
2779 4453 2853 4497 ac
2880 4433 3185 4515 judicem,
3220 4438 3281 4493 et
3316 4431 3481 4493 inter
3510 4430 3756 4493 animas
3788 4450 3931 4513 pec-
3958 4432 4047 4469 ¹¹¹¹·
4066 4422 4105 4461 ⁵·

2442 4534 2730 4607 catrieeS,
2767 4550 2883 4614 pro
2912 4530 3146 4613 quibus
3178 4529 3442 4606 laborat,
3478 4537 3545 4591 ut
3578 4548 3683 4592 eas
3716 4548 3931 4593 recon-

2444 4631 2618 4695 ciliet
2660 4631 2808 4707 Dee,
2844 4636 2907 4691 et
2947 4635 3235 4710 protegat·
3274 4646 3310 4689 a
3352 4627 3655 4709 maligno.
3695 4627 3933 4690 Dicitur

2446 4747 2701 4812 quoque
2753 4745 3024 4791 caverna
3080 4725 3389 4801 maceriae‚
3442 4725 3594 4807 quia
3660 4726 3811 4789 latet
3867 4726 3931 4788 in

2447 4846 2734 4909 corpore,
2760 4826 2933 4908 quod
2966 4826 3133 4887 inter
3162 4825 3359 4886 Deum
3388 4831 3451 4887 et
3479 4823 3755 4886 animam
3790 4844 3937 4906 qua·

2449 4926 2503 4989 si
2562 4925 2810 4988 medius
2869 4942 3089 4986 murus
3145 4930 3259 4999 est,
3321 4920 3388 4983 in
3444 4930 3755 5003 quantum
3815 4921 3939 4985 fre-

2448 5034 2721 5107 quenter
2753 5022 3019 5104 impedit
3048 5042 3085 5083 a
3112 5020 3372 5098 diviniS,
3399 5021 3936 5102 quemadmodum

2452 5125 2514 5187 S.
2547 5123 2829 5185 Andreas
2860 5120 3034 5184 cruci
3068 5139 3406 5203 appensuS‚
3440 5118 3599 5181 dixit
3632 5139 3647 5184 ε
3680 5120 3795 5196 Tu,
3828 5120 3939 5183 Do-

2452 5222 2648 5299 mine,
2684 5220 2874 5296 nosti,
2908 5219 3159 5300 quoties
3198 5238 3236 5281 a
3274 5218 3365 5281 tui
3406 5218 3937 5300 contemplatione

2454 5341 2557 5386 me
2587 5318 2947 5402 impedivit.

4065 1894 4139 1949 u

4008 2688 4183 2731 Ezeeh.

3952 2764 4099 2801 xxvm,
4124 2753 4191 2793 1³.
