<?xml version="1.0" encoding="UTF-8"?>
<!DOCTYPE html PUBLIC "-//W3C//DTD XHTML 1.0 Transitional//EN"
    "http://www.w3.org/TR/xhtml1/DTD/xhtml1-transitional.dtd">
<html xmlns="http://www.w3.org/1999/xhtml" xml:lang="en" lang="en">
 <head>
  <title>
</title>
<meta http-equiv="Content-Type" content="text/html;charset=utf-8" />
  <meta name='ocr-system' content='tesseract 3.04.00' />
  <meta name='ocr-capabilities' content='ocr_page ocr_carea ocr_par ocr_line ocrx_word'/>
</head>
<body>
  <div class='ocr_page' id='page_1' title='image "./doctorisecstati00denigoog_0167.png"; bbox 0 0 4284 6267; ppageno 0'>
   <div class='ocr_carea' id='block_1_1' title="bbox 840 507 956 571">
    <p class='ocr_par' dir='ltr' id='par_1_1' title="bbox 840 507 956 571">
     <span class='ocr_line' id='line_1_1' title="bbox 840 507 956 571; baseline 0 0"><span class='ocrx_word' id='word_1_1' title='bbox 840 507 956 571; x_wconf 76' lang='lat'><strong>¹34</strong></span> 
     </span>
    </p>
   </div>
   <div class='ocr_carea' id='block_1_2' title="bbox 1517 527 2809 575">
    <p class='ocr_par' dir='ltr' id='par_1_2' title="bbox 1517 527 2809 575">
     <span class='ocr_line' id='line_1_2' title="bbox 1517 527 2809 575; baseline -0.002 -1"><span class='ocrx_word' id='word_1_2' title='bbox 1517 527 1868 574; x_wconf 66' lang='lat' dir='ltr'><strong>nummulo</strong></span> <span class='ocrx_word' id='word_1_3' title='bbox 1910 527 1973 574; x_wconf 77' lang='lat' dir='ltr'><strong>m</strong></span> <span class='ocrx_word' id='word_1_4' title='bbox 2014 527 2153 574; x_wconf 78' lang='lat' dir='ltr'>CAP-</span> <span class='ocrx_word' id='word_1_5' title='bbox 2199 529 2285 573; x_wconf 81' lang='lat' dir='ltr'><strong>XX</strong></span> <span class='ocrx_word' id='word_1_6' title='bbox 2324 527 2809 575; x_wconf 73' lang='lat' dir='ltr'><strong>Pnovnnmonuu.</strong></span> 
     </span>
    </p>
   </div>
   <div class='ocr_carea' id='block_1_3' title="bbox 2857 528 3248 574">
    <p class='ocr_par' dir='ltr' id='par_1_3' title="bbox 2857 528 3248 574">
     <span class='ocr_line' id='line_1_3' title="bbox 2857 528 3248 574; baseline -0.005 0"><span class='ocrx_word' id='word_1_7' title='bbox 2857 547 2939 556; x_wconf 89' lang='lat'><strong>—</strong></span> <span class='ocrx_word' id='word_1_8' title='bbox 2977 528 3118 574; x_wconf 76' lang='lat' dir='ltr'><strong>Am.</strong></span> <span class='ocrx_word' id='word_1_9' title='bbox 3165 528 3248 573; x_wconf 80' lang='lat' dir='ltr'><strong>XX</strong></span> 
     </span>
    </p>
   </div>
   <div class='ocr_carea' id='block_1_4' title="bbox 838 694 3930 781">
    <p class='ocr_par' dir='ltr' id='par_1_4' title="bbox 838 694 3930 781">
     <span class='ocr_line' id='line_1_4' title="bbox 838 694 3930 781; baseline 0.001 -24"><span class='ocrx_word' id='word_1_10' title='bbox 838 695 948 758; x_wconf 93' lang='lat' dir='ltr'><strong>Dei</strong></span> <span class='ocrx_word' id='word_1_11' title='bbox 977 695 1120 778; x_wconf 90' lang='lat' dir='ltr'><strong>(qui</strong></span> <span class='ocrx_word' id='word_1_12' title='bbox 1160 697 1228 760; x_wconf 90' lang='lat' dir='ltr'><strong>in</strong></span> <span class='ocrx_word' id='word_1_13' title='bbox 1269 697 1611 781; x_wconf 87' lang='lat' dir='ltr'><strong>Scripturis</strong></span> <span class='ocrx_word' id='word_1_14' title='bbox 1652 698 1974 762; x_wconf 83' lang='lat' dir='ltr'><strong>multoties</strong></span> <span class='ocrx_word' id='word_1_15' title='bbox 2008 697 2190 780; x_wconf 91' lang='lat' dir='ltr'><strong>pueri</strong></span> <span class='ocrx_word' id='word_1_16' title='bbox 2221 717 2330 780; x_wconf 86' lang='lat' dir='ltr'><strong>ap·</strong></span> <span class='ocrx_word' id='word_1_17' title='bbox 2363 694 2414 757; x_wconf 90' lang='lat' dir='ltr'><strong>A</strong></span> <span class='ocrx_word' id='word_1_18' title='bbox 2442 697 2787 761; x_wconf 91' lang='lat' dir='ltr'><strong>dummodo</strong></span> <span class='ocrx_word' id='word_1_19' title='bbox 2835 697 2994 761; x_wconf 91' lang='lat' dir='ltr'><strong>citra</strong></span> <span class='ocrx_word' id='word_1_20' title='bbox 3051 697 3334 760; x_wconf 92' lang='lat' dir='ltr'><strong>medium</strong></span> <span class='ocrx_word' id='word_1_21' title='bbox 3377 698 3532 779; x_wconf 84' lang='lat' dir='ltr'><strong>justi</strong></span> <span class='ocrx_word' id='word_1_22' title='bbox 3579 697 3811 764; x_wconf 84' lang='lat' dir='ltr'><strong>valoris</strong></span> <span class='ocrx_word' id='word_1_23' title='bbox 3861 698 3930 760; x_wconf 88' lang='lat' dir='ltr'><strong>id</strong></span> 
     </span>
    </p>
   </div>
   <div class='ocr_carea' id='block_1_5' title="bbox 556 793 2331 1865">
    <p class='ocr_par' dir='ltr' id='par_1_5' title="bbox 556 793 2331 1865">
     <span class='ocr_line' id='line_1_5' title="bbox 839 793 2324 879; baseline 0.002 -22"><span class='ocrx_word' id='word_1_24' title='bbox 839 793 1179 876; x_wconf 80' lang='lat' dir='ltr'>pellantur,</span> <span class='ocrx_word' id='word_1_25' title='bbox 1214 795 1379 860; x_wconf 90' lang='lat' dir='ltr'><strong>sicut</strong></span> <span class='ocrx_word' id='word_1_26' title='bbox 1407 805 1469 859; x_wconf 89' lang='lat' dir='ltr'><strong>et</strong></span> <span class='ocrx_word' id='word_1_27' title='bbox 1504 797 1793 860; x_wconf 90' lang='lat' dir='ltr'><strong>Christus</strong></span> <span class='ocrx_word' id='word_1_28' title='bbox 1823 797 1912 859; x_wconf 89' lang='lat' dir='ltr'><strong>ait</strong></span> <span class='ocrx_word' id='word_1_29' title='bbox 1940 797 2275 879; x_wconf 84' lang='lat' dir='ltr'><strong>discipulis</strong></span> <span class='ocrx_word' id='word_1_30' title='bbox 2310 816 2324 860; x_wconf 92' lang='lat'>:</span> 
     </span>
     <span class='ocr_line' id='line_1_6' title="bbox 556 892 2330 978; baseline 0.006 -32"><span class='ocrx_word' id='word_1_31' title='bbox 556 904 807 953; x_wconf 63' lang='grc' dir='ltr'><strong>ιοωιωιι,</strong></span> <span class='ocrx_word' id='word_1_32' title='bbox 837 892 1043 970; x_wconf 89' lang='lat' dir='ltr'><strong>Pueri,</strong></span> <span class='ocrx_word' id='word_1_33' title='bbox 1100 895 1410 977; x_wconf 91' lang='lat' dir='ltr'><strong>numquid</strong></span> <span class='ocrx_word' id='word_1_34' title='bbox 1462 896 1959 978; x_wconf 84' lang='lat' dir='ltr'><strong>pulmentarium</strong></span> <span class='ocrx_word' id='word_1_35' title='bbox 2010 895 2256 958; x_wconf 90' lang='lat' dir='ltr'><strong>habetis</strong></span> <span class='ocrx_word' id='word_1_36' title='bbox 2279 897 2330 974; x_wconf 72' lang='grc' dir='ltr'><strong>Ζ)</strong></span> 
     </span>
     <span class='ocr_line' id='line_1_7' title="bbox 839 990 2331 1076; baseline 0.001 -23"><span class='ocrx_word' id='word_1_37' title='bbox 839 990 960 1054; x_wconf 88' lang='lat' dir='ltr'><strong>iste</strong></span> <span class='ocrx_word' id='word_1_38' title='bbox 1005 999 1099 1054; x_wconf 88' lang='lat' dir='ltr'><strong>est</strong></span> <span class='ocrx_word' id='word_1_39' title='bbox 1144 1011 1389 1072; x_wconf 82' lang='lat' dir='ltr'><strong>sensuS,</strong></span> <span class='ocrx_word' id='word_1_40' title='bbox 1432 996 1606 1076; x_wconf 90' lang='lat' dir='ltr'><strong>quod</strong></span> <span class='ocrx_word' id='word_1_41' title='bbox 1651 995 1731 1058; x_wconf 94' lang='lat' dir='ltr'><strong>de</strong></span> <span class='ocrx_word' id='word_1_42' title='bbox 1769 994 2190 1057; x_wconf 85' lang='lat' dir='ltr'><strong>exterioribus</strong></span> <span class='ocrx_word' id='word_1_43' title='bbox 2241 1002 2331 1055; x_wconf 90' lang='lat' dir='ltr'><strong>ta-</strong></span> 
     </span>
     <span class='ocr_line' id='line_1_8' title="bbox 838 1088 2327 1174; baseline 0.003 -24"><span class='ocrx_word' id='word_1_44' title='bbox 838 1088 997 1152; x_wconf 90' lang='lat' dir='ltr'><strong>lium</strong></span> <span class='ocrx_word' id='word_1_45' title='bbox 1042 1091 1343 1174; x_wconf 90' lang='lat' dir='ltr'><strong>operibus</strong></span> <span class='ocrx_word' id='word_1_46' title='bbox 1391 1093 1719 1155; x_wconf 82' lang='lat' dir='ltr'><strong>advertere</strong></span> <span class='ocrx_word' id='word_1_47' title='bbox 1767 1111 2103 1174; x_wconf 92' lang='lat' dir='ltr'><strong>possumus</strong></span> <span class='ocrx_word' id='word_1_48' title='bbox 2158 1092 2327 1173; x_wconf 91' lang='lat' dir='ltr'><strong>quod</strong></span> 
     </span>
     <span class='ocr_line' id='line_1_9' title="bbox 840 1188 2328 1272; baseline -0.001 -21"><span class='ocrx_word' id='word_1_49' title='bbox 840 1206 987 1251; x_wconf 88' lang='lat' dir='ltr'><strong>vere</strong></span> <span class='ocrx_word' id='word_1_50' title='bbox 1018 1188 1147 1250; x_wconf 86' lang='lat' dir='ltr'><strong>sint</strong></span> <span class='ocrx_word' id='word_1_51' title='bbox 1177 1190 1426 1253; x_wconf 90' lang='lat' dir='ltr'><strong>sincera</strong></span> <span class='ocrx_word' id='word_1_52' title='bbox 1457 1200 1519 1253; x_wconf 86' lang='lat' dir='ltr'><strong>et</strong></span> <span class='ocrx_word' id='word_1_53' title='bbox 1548 1193 1739 1272; x_wconf 89' lang='lat' dir='ltr'><strong>justa,</strong></span> <span class='ocrx_word' id='word_1_54' title='bbox 1764 1191 1818 1252; x_wconf 94' lang='lat' dir='ltr'><strong>si</strong></span> <span class='ocrx_word' id='word_1_55' title='bbox 1840 1190 2189 1254; x_wconf 89' lang='lat' dir='ltr'><strong>viderimus</strong></span> <span class='ocrx_word' id='word_1_56' title='bbox 2221 1209 2328 1253; x_wconf 87' lang='lat' dir='ltr'><strong>eos</strong></span> 
     </span>
     <span class='ocr_line' id='line_1_10' title="bbox 840 1287 2328 1371; baseline 0.001 -23"><span class='ocrx_word' id='word_1_57' title='bbox 840 1287 1120 1351; x_wconf 91' lang='lat' dir='ltr'><strong>intentos</strong></span> <span class='ocrx_word' id='word_1_58' title='bbox 1152 1289 1381 1351; x_wconf 91' lang='lat' dir='ltr'><strong>studiis</strong></span> <span class='ocrx_word' id='word_1_59' title='bbox 1414 1289 1745 1371; x_wconf 78' lang='lat' dir='ltr'><strong>sapientiae</strong></span> <span class='ocrx_word' id='word_1_60' title='bbox 1774 1298 1835 1352; x_wconf 94' lang='lat' dir='ltr'><strong>et</strong></span> <span class='ocrx_word' id='word_1_61' title='bbox 1866 1290 2328 1366; x_wconf 86' lang='lat' dir='ltr'><strong>virtutum,seu</strong></span> 
     </span>
     <span class='ocr_line' id='line_1_11' title="bbox 841 1384 2328 1469; baseline 0.001 -22"><span class='ocrx_word' id='word_1_62' title='bbox 841 1384 1115 1448; x_wconf 89' lang='lat' dir='ltr'><strong>libenter</strong></span> <span class='ocrx_word' id='word_1_63' title='bbox 1164 1386 1387 1450; x_wconf 88' lang='lat' dir='ltr'><strong>audire</strong></span> <span class='ocrx_word' id='word_1_64' title='bbox 1436 1387 1629 1452; x_wconf 91' lang='lat' dir='ltr'><strong>verba</strong></span> <span class='ocrx_word' id='word_1_65' title='bbox 1678 1387 1980 1464; x_wconf 90' lang='lat' dir='ltr'><strong>salubria,</strong></span> <span class='ocrx_word' id='word_1_66' title='bbox 2014 1397 2206 1469; x_wconf 88' lang='lat' dir='ltr'><strong>atque</strong></span> <span class='ocrx_word' id='word_1_67' title='bbox 2253 1406 2328 1449; x_wconf 89' lang='lat' dir='ltr'><strong>ex</strong></span> 
     </span>
     <span class='ocr_line' id='line_1_12' title="bbox 838 1484 2330 1568; baseline -0.001 -22"><span class='ocrx_word' id='word_1_68' title='bbox 838 1485 1029 1547; x_wconf 92' lang='lat' dir='ltr'><strong>corde</strong></span> <span class='ocrx_word' id='word_1_69' title='bbox 1060 1485 1251 1547; x_wconf 88' lang='lat' dir='ltr'><strong>zelari</strong></span> <span class='ocrx_word' id='word_1_70' title='bbox 1283 1484 1350 1547; x_wconf 90' lang='lat' dir='ltr'><strong>in</strong></span> <span class='ocrx_word' id='word_1_71' title='bbox 1381 1485 1680 1548; x_wconf 91' lang='lat' dir='ltr'><strong>omnibus</strong></span> <span class='ocrx_word' id='word_1_72' title='bbox 1711 1505 1825 1568; x_wconf 93' lang='lat' dir='ltr'><strong>pro</strong></span> <span class='ocrx_word' id='word_1_73' title='bbox 1858 1486 1968 1548; x_wconf 81' lang='lat' dir='ltr'><strong>Dei</strong></span> <span class='ocrx_word' id='word_1_74' title='bbox 1998 1486 2238 1550; x_wconf 82' lang='lat' dir='ltr'><strong>honore</strong></span> <span class='ocrx_word' id='word_1_75' title='bbox 2268 1491 2330 1548; x_wconf 90' lang='lat' dir='ltr'><strong>et</strong></span> 
     </span>
     <span class='ocr_line' id='line_1_13' title="bbox 837 1583 2331 1667; baseline 0.003 -23"><span class='ocrx_word' id='word_1_76' title='bbox 837 1583 1087 1664; x_wconf 90' lang='lat' dir='ltr'><strong>justitia</strong></span> <span class='ocrx_word' id='word_1_77' title='bbox 1116 1601 1188 1646; x_wconf 88' lang='lat' dir='ltr'><strong>ac</strong></span> <span class='ocrx_word' id='word_1_78' title='bbox 1218 1584 1540 1647; x_wconf 92' lang='lat' dir='ltr'><strong>communi</strong></span> <span class='ocrx_word' id='word_1_79' title='bbox 1574 1585 1797 1661; x_wconf 89' lang='lat' dir='ltr'><strong>salute,</strong></span> <span class='ocrx_word' id='word_1_80' title='bbox 1829 1604 2096 1667; x_wconf 88' lang='lat' dir='ltr'><strong>esseque</strong></span> <span class='ocrx_word' id='word_1_81' title='bbox 2125 1593 2331 1648; x_wconf 89' lang='lat' dir='ltr'><strong>custo-</strong></span> 
     </span>
     <span class='ocr_line' id='line_1_14' title="bbox 839 1680 2329 1760; baseline 0.002 -17"><span class='ocrx_word' id='word_1_82' title='bbox 839 1681 1004 1744; x_wconf 89' lang='lat' dir='ltr'><strong>ditos</strong></span> <span class='ocrx_word' id='word_1_83' title='bbox 1052 1681 1116 1744; x_wconf 89' lang='lat' dir='ltr'><strong>in</strong></span> <span class='ocrx_word' id='word_1_84' title='bbox 1146 1680 1359 1744; x_wconf 87' lang='lat' dir='ltr'><strong>verbis</strong></span> <span class='ocrx_word' id='word_1_85' title='bbox 1400 1691 1463 1744; x_wconf 88' lang='lat' dir='ltr'><strong>et</strong></span> <span class='ocrx_word' id='word_1_86' title='bbox 1502 1682 1818 1760; x_wconf 80' lang='lat' dir='ltr'><strong>sensibuS,</strong></span> <span class='ocrx_word' id='word_1_87' title='bbox 1853 1692 1916 1746; x_wconf 91' lang='lat' dir='ltr'><strong>et</strong></span> <span class='ocrx_word' id='word_1_88' title='bbox 1959 1702 2170 1746; x_wconf 91' lang='lat' dir='ltr'><strong>coram</strong></span> <span class='ocrx_word' id='word_1_89' title='bbox 2203 1685 2329 1747; x_wconf 91' lang='lat' dir='ltr'><strong>Deo</strong></span> 
     </span>
     <span class='ocr_line' id='line_1_15' title="bbox 840 1779 2043 1865; baseline 0.003 -25"><span class='ocrx_word' id='word_1_90' title='bbox 840 1779 1169 1858; x_wconf 82' lang='lat' dir='ltr'><strong>sollicitOS,</strong></span> <span class='ocrx_word' id='word_1_91' title='bbox 1192 1799 1262 1843; x_wconf 90' lang='lat' dir='ltr'><strong>ac</strong></span> <span class='ocrx_word' id='word_1_92' title='bbox 1296 1779 1601 1863; x_wconf 84' lang='lat' dir='ltr'><strong>proximis</strong></span> <span class='ocrx_word' id='word_1_93' title='bbox 1630 1782 2043 1865; x_wconf 80' lang='lat' dir='ltr'><strong>exemplareS.</strong></span> 
     </span>
    </p>
   </div>
   <div class='ocr_carea' id='block_1_6' title="bbox 2441 793 4142 1862">
    <p class='ocr_par' dir='ltr' id='par_1_6' title="bbox 2441 793 4142 1563">
     <span class='ocr_line' id='line_1_16' title="bbox 2445 793 3933 859; baseline 0.002 -3"><span class='ocrx_word' id='word_1_94' title='bbox 2445 793 2580 856; x_wconf 83' lang='lat' dir='ltr'><strong>fiat.</strong></span> <span class='ocrx_word' id='word_1_95' title='bbox 2617 795 2776 858; x_wconf 88' lang='lat' dir='ltr'><strong>Hinc</strong></span> <span class='ocrx_word' id='word_1_96' title='bbox 2809 795 2874 857; x_wconf 90' lang='lat' dir='ltr'><strong>in</strong></span> <span class='ocrx_word' id='word_1_97' title='bbox 2907 795 3070 859; x_wconf 90' lang='lat' dir='ltr'><strong>libro</strong></span> <span class='ocrx_word' id='word_1_98' title='bbox 3103 797 3183 859; x_wconf 89' lang='lat' dir='ltr'><strong>de</strong></span> <span class='ocrx_word' id='word_1_99' title='bbox 3212 796 3520 858; x_wconf 88' lang='lat' dir='ltr'><strong>Trinitate</strong></span> <span class='ocrx_word' id='word_1_100' title='bbox 3561 796 3779 859; x_wconf 89' lang='lat' dir='ltr'><strong>recitat</strong></span> <span class='ocrx_word' id='word_1_101' title='bbox 3805 796 3933 859; x_wconf 90' lang='lat' dir='ltr'><strong>Au-</strong></span> 
     </span>
     <span class='ocr_line' id='line_1_17' title="bbox 2441 893 3933 977; baseline 0.001 -23"><span class='ocrx_word' id='word_1_102' title='bbox 2441 893 2755 972; x_wconf 90' lang='lat' dir='ltr'><strong>gustinus,</strong></span> <span class='ocrx_word' id='word_1_103' title='bbox 2788 894 3062 975; x_wconf 86' lang='lat' dir='ltr'><strong>qualiter</strong></span> <span class='ocrx_word' id='word_1_104' title='bbox 3093 895 3352 975; x_wconf 91' lang='lat' dir='ltr'><strong>quidam</strong></span> <span class='ocrx_word' id='word_1_105' title='bbox 3382 895 3604 958; x_wconf 89' lang='lat' dir='ltr'><strong>volens</strong></span> <span class='ocrx_word' id='word_1_106' title='bbox 3641 894 3933 977; x_wconf 88' lang='lat' dir='ltr'><strong>proposi-</strong></span> 
     </span>
     <span class='ocr_line' id='line_1_18' title="bbox 2441 992 3934 1075; baseline 0.001 -22"><span class='ocrx_word' id='word_1_107' title='bbox 2441 992 2680 1054; x_wconf 87' lang='lat' dir='ltr'><strong>tionem</strong></span> <span class='ocrx_word' id='word_1_108' title='bbox 2714 992 3089 1075; x_wconf 73' lang='lat' dir='ltr'><strong>exprimere,</strong></span> <span class='ocrx_word' id='word_1_109' title='bbox 3114 993 3176 1054; x_wconf 91' lang='lat' dir='ltr'><strong>in</strong></span> <span class='ocrx_word' id='word_1_110' title='bbox 3210 1012 3336 1074; x_wconf 88' lang='lat' dir='ltr'><strong>qua</strong></span> <span class='ocrx_word' id='word_1_111' title='bbox 3366 992 3647 1056; x_wconf 88' lang='lat' dir='ltr'><strong>universi</strong></span> <span class='ocrx_word' id='word_1_112' title='bbox 3678 1011 3934 1056; x_wconf 90' lang='lat' dir='ltr'><strong>concor-</strong></span> 
     </span>
     <span class='ocr_line' id='line_1_19' title="bbox 2442 1090 3926 1168; baseline 0.001 -16"><span class='ocrx_word' id='word_1_113' title='bbox 2442 1091 2616 1166; x_wconf 88' lang='lat' dir='ltr'><strong>dant,</strong></span> <span class='ocrx_word' id='word_1_114' title='bbox 2651 1091 2816 1153; x_wconf 88' lang='lat' dir='ltr'><strong>dixit</strong></span> <span class='ocrx_word' id='word_1_115' title='bbox 2853 1109 2866 1152; x_wconf 93' lang='lat'>:</span> <span class='ocrx_word' id='word_1_116' title='bbox 2901 1091 3133 1154; x_wconf 82' lang='lat' dir='ltr'><strong>Omnes</strong></span> <span class='ocrx_word' id='word_1_117' title='bbox 3165 1090 3360 1154; x_wconf 87' lang='lat' dir='ltr'><strong>vultis</strong></span> <span class='ocrx_word' id='word_1_118' title='bbox 3391 1091 3596 1154; x_wconf 89' lang='lat' dir='ltr'><strong>carius</strong></span> <span class='ocrx_word' id='word_1_119' title='bbox 3627 1091 3926 1168; x_wconf 87' lang='lat' dir='ltr'><strong>vendere,</strong></span> 
     </span>
     <span class='ocr_line' id='line_1_20' title="bbox 2441 1187 3932 1270; baseline 0.003 -21"><span class='ocrx_word' id='word_1_120' title='bbox 2441 1196 2503 1250; x_wconf 86' lang='lat' dir='ltr'><strong>et</strong></span> <span class='ocrx_word' id='word_1_121' title='bbox 2525 1187 2718 1250; x_wconf 84' lang='lat' dir='ltr'><strong>vilius</strong></span> <span class='ocrx_word' id='word_1_122' title='bbox 2750 1209 2974 1253; x_wconf 91' lang='lat' dir='ltr'><strong>emere.</strong></span> <span class='ocrx_word' id='word_1_123' title='bbox 2991 1189 3066 1252; x_wconf 87' lang='lat' dir='ltr'><strong>Et</strong></span> <span class='ocrx_word' id='word_1_124' title='bbox 3097 1190 3373 1252; x_wconf 79' lang='lat' dir='ltr'><strong>ostendit</strong></span> <span class='ocrx_word' id='word_1_125' title='bbox 3395 1189 3798 1270; x_wconf 55' lang='lat' dir='ltr'><strong>Augustinus</strong></span> <span class='ocrx_word' id='word_1_126' title='bbox 3812 1189 3932 1253; x_wconf 90' lang='lat' dir='ltr'><strong>hoc</strong></span> 
     </span>
     <span class='ocr_line' id='line_1_21' title="bbox 2443 1286 3932 1370; baseline 0.001 -23"><span class='ocrx_word' id='word_1_127' title='bbox 2443 1287 2571 1367; x_wconf 91' lang='lat' dir='ltr'><strong>pati</strong></span> <span class='ocrx_word' id='word_1_128' title='bbox 2626 1286 2992 1349; x_wconf 82' lang='lat' dir='ltr'><strong>instantiam</strong></span> <span class='ocrx_word' id='word_1_129' title='bbox 3043 1288 3210 1369; x_wconf 90' lang='lat' dir='ltr'><strong>apud</strong></span> <span class='ocrx_word' id='word_1_130' title='bbox 3261 1286 3587 1351; x_wconf 88' lang='lat' dir='ltr'><strong>ministros</strong></span> <span class='ocrx_word' id='word_1_131' title='bbox 3629 1287 3736 1350; x_wconf 89' lang='lat' dir='ltr'><strong>Dei</strong></span> <span class='ocrx_word' id='word_1_132' title='bbox 3786 1307 3932 1370; x_wconf 90' lang='lat' dir='ltr'><strong>per-</strong></span> 
     </span>
     <span class='ocr_line' id='line_1_22' title="bbox 2443 1385 3830 1467; baseline -0.001 -20"><span class='ocrx_word' id='word_1_133' title='bbox 2443 1385 2663 1462; x_wconf 84' lang='lat' dir='ltr'><strong>fectoS,</strong></span> <span class='ocrx_word' id='word_1_134' title='bbox 2697 1385 2806 1466; x_wconf 90' lang='lat' dir='ltr'><strong>qui</strong></span> <span class='ocrx_word' id='word_1_135' title='bbox 2839 1393 3181 1467; x_wconf 89' lang='lat' dir='ltr'><strong>utrumque</strong></span> <span class='ocrx_word' id='word_1_136' title='bbox 3212 1386 3436 1449; x_wconf 91' lang='lat' dir='ltr'><strong>horum</strong></span> <span class='ocrx_word' id='word_1_137' title='bbox 3468 1386 3830 1449; x_wconf 88' lang='lat' dir='ltr'><strong>abhorrent.</strong></span> 
     </span>
     <span class='ocr_line' id='line_1_23' title="bbox 2525 1488 4142 1563; baseline 0.001 -18"><span class='ocrx_word' id='word_1_138' title='bbox 2525 1488 2637 1546; x_wconf 77' lang='lat' dir='ltr'><strong>E&#39;sc</strong></span> <span class='ocrx_word' id='word_1_139' title='bbox 2658 1505 2927 1555; x_wconf 85' lang='lat' dir='ltr'><strong>aurum,</strong></span> <span class='ocrx_word' id='word_1_140' title='bbox 2956 1495 3015 1544; x_wconf 78' lang='lat' dir='ltr'><strong>el</strong></span> <span class='ocrx_word' id='word_1_141' title='bbox 3045 1488 3394 1547; x_wconf 72' lang='lat' dir='ltr'><strong>mullitudo</strong></span> <span class='ocrx_word' id='word_1_142' title='bbox 3415 1506 3844 1563; x_wconf 62' lang='lat' dir='ltr'><strong>gemmarum,</strong></span> <span class='ocrx_word' id='word_1_143' title='bbox 3867 1495 3931 1546; x_wconf 80' lang='lat' dir='ltr'><strong>et</strong></span> <span class='ocrx_word' id='word_1_144' title='bbox 4073 1499 4142 1554; x_wconf 77' lang='lat'><strong>15</strong></span> 
     </span>
    </p>

    <p class='ocr_par' dir='ltr' id='par_1_7' title="bbox 2441 1583 3931 1862">
     <span class='ocr_line' id='line_1_24' title="bbox 2443 1583 3931 1660; baseline 0.001 -17"><span class='ocrx_word' id='word_1_145' title='bbox 2443 1604 2554 1643; x_wconf 81' lang='lat' dir='ltr'><strong>vas</strong></span> <span class='ocrx_word' id='word_1_146' title='bbox 2575 1585 2957 1660; x_wconf 77' lang='lat' dir='ltr'><strong>pretiosum,</strong></span> <span class='ocrx_word' id='word_1_147' title='bbox 2982 1587 3155 1644; x_wconf 82' lang='lat' dir='ltr'><strong>labia</strong></span> <span class='ocrx_word' id='word_1_148' title='bbox 3172 1586 3455 1646; x_wconf 66' lang='lat' dir='ltr'><strong>scientiae</strong></span> <span class='ocrx_word' id='word_1_149' title='bbox 3486 1583 3591 1645; x_wconf 90' lang='lat' dir='ltr'><strong>:id</strong></span> <span class='ocrx_word' id='word_1_150' title='bbox 3622 1591 3738 1660; x_wconf 89' lang='lat' dir='ltr'><strong>est,</strong></span> <span class='ocrx_word' id='word_1_151' title='bbox 3757 1583 3931 1645; x_wconf 87' lang='lat' dir='ltr'><strong>labia</strong></span> 
     </span>
     <span class='ocr_line' id='line_1_25' title="bbox 2441 1680 3926 1764; baseline 0 -21"><span class='ocrx_word' id='word_1_152' title='bbox 2441 1680 2601 1744; x_wconf 90' lang='lat' dir='ltr'><strong>alios</strong></span> <span class='ocrx_word' id='word_1_153' title='bbox 2647 1682 2970 1763; x_wconf 81' lang='lat' dir='ltr'><strong>sapienter</strong></span> <span class='ocrx_word' id='word_1_154' title='bbox 3019 1682 3486 1764; x_wconf 83' lang='lat' dir='ltr'><strong>salubriterque</strong></span> <span class='ocrx_word' id='word_1_155' title='bbox 3524 1680 3926 1758; x_wconf 82' lang='lat' dir='ltr'><strong>instruentia,</strong></span> 
     </span>
     <span class='ocr_line' id='line_1_26' title="bbox 2442 1780 3927 1862; baseline -0.001 -20"><span class='ocrx_word' id='word_1_156' title='bbox 2442 1780 2524 1842; x_wconf 92' lang='lat' dir='ltr'><strong>ob</strong></span> <span class='ocrx_word' id='word_1_157' title='bbox 2560 1781 2934 1860; x_wconf 89' lang='lat' dir='ltr'><strong>dignitatem</strong></span> <span class='ocrx_word' id='word_1_158' title='bbox 2977 1781 3259 1844; x_wconf 81' lang='lat' dir='ltr'><strong>scientiae</strong></span> <span class='ocrx_word' id='word_1_159' title='bbox 3289 1789 3351 1843; x_wconf 88' lang='lat' dir='ltr'><strong>et</strong></span> <span class='ocrx_word' id='word_1_160' title='bbox 3378 1781 3531 1844; x_wconf 89' lang='lat' dir='ltr'><strong>boni</strong></span> <span class='ocrx_word' id='word_1_161' title='bbox 3561 1780 3770 1862; x_wconf 86' lang='lat' dir='ltr'><strong>operis</strong></span> <span class='ocrx_word' id='word_1_162' title='bbox 3802 1781 3927 1855; x_wconf 89' lang='lat' dir='ltr'><strong>sui,</strong></span> 
     </span>
    </p>
   </div>
   <div class='ocr_carea' id='block_1_7' title="bbox 647 1877 3934 1961">
    <p class='ocr_par' dir='ltr' id='par_1_8' title="bbox 647 1877 3934 1961">
     <span class='ocr_line' id='line_1_27' title="bbox 647 1877 3934 1961; baseline -0.001 -17"><span class='ocrx_word' id='word_1_163' title='bbox 647 1887 714 1944; x_wconf 79' lang='lat'><strong>12</strong></span> <span class='ocrx_word' id='word_1_164' title='bbox 920 1882 1162 1940; x_wconf 81' lang='lat' dir='ltr'><strong>Aurem</strong></span> <span class='ocrx_word' id='word_1_165' title='bbox 1192 1882 1585 1950; x_wconf 78' lang='lat' dir='ltr'><strong>audientem,</strong></span> <span class='ocrx_word' id='word_1_166' title='bbox 1603 1878 1663 1942; x_wconf 90' lang='lat' dir='ltr'><strong>id</strong></span> <span class='ocrx_word' id='word_1_167' title='bbox 1691 1889 1785 1942; x_wconf 91' lang='lat' dir='ltr'><strong>est</strong></span> <span class='ocrx_word' id='word_1_168' title='bbox 1807 1880 2179 1944; x_wconf 87' lang='lat' dir='ltr'><strong>obedienter</strong></span> <span class='ocrx_word' id='word_1_169' title='bbox 2204 1900 2331 1943; x_wconf 90' lang='lat' dir='ltr'><strong>sus·</strong></span> <span class='ocrx_word' id='word_1_170' title='bbox 2368 1877 2413 1936; x_wconf 92' lang='lat' dir='ltr'>B</span> <span class='ocrx_word' id='word_1_171' title='bbox 2444 1877 2670 1940; x_wconf 91' lang='lat' dir='ltr'><strong>merito</strong></span> <span class='ocrx_word' id='word_1_172' title='bbox 2711 1887 3184 1961; x_wconf 79' lang='lat' dir='ltr'><strong>comparantur,</strong></span> <span class='ocrx_word' id='word_1_173' title='bbox 3224 1879 3352 1942; x_wconf 93' lang='lat' dir='ltr'><strong>imo</strong></span> <span class='ocrx_word' id='word_1_174' title='bbox 3399 1887 3463 1942; x_wconf 90' lang='lat' dir='ltr'><strong>et</strong></span> <span class='ocrx_word' id='word_1_175' title='bbox 3504 1878 3934 1961; x_wconf 81' lang='lat' dir='ltr'><strong>praeferuntur</strong></span> 
     </span>
    </p>
   </div>
   <div class='ocr_carea' id='block_1_8' title="bbox 544 1976 2334 3041">
    <p class='ocr_par' dir='ltr' id='par_1_9' title="bbox 544 1976 2334 3041">
     <span class='ocr_line' id='line_1_28' title="bbox 841 1976 2330 2060; baseline -0.001 -20"><span class='ocrx_word' id='word_1_176' title='bbox 841 1976 1185 2058; x_wconf 88' lang='lat' dir='ltr'><strong>cipientem</strong></span> <span class='ocrx_word' id='word_1_177' title='bbox 1240 1996 1311 2040; x_wconf 92' lang='lat' dir='ltr'><strong>ac</strong></span> <span class='ocrx_word' id='word_1_178' title='bbox 1359 1978 1813 2060; x_wconf 85' lang='lat' dir='ltr'><strong>adimplentem</strong></span> <span class='ocrx_word' id='word_1_179' title='bbox 1856 1997 1929 2040; x_wconf 91' lang='lat' dir='ltr'><strong>ea</strong></span> <span class='ocrx_word' id='word_1_180' title='bbox 1971 1997 2112 2059; x_wconf 81' lang='lat' dir='ltr'><strong>quae</strong></span> <span class='ocrx_word' id='word_1_181' title='bbox 2154 1977 2330 2040; x_wconf 90' lang='lat' dir='ltr'><strong>audit</strong></span> 
     </span>
     <span class='ocr_line' id='line_1_29' title="bbox 840 2074 2332 2151; baseline 0.001 -15"><span class='ocrx_word' id='word_1_182' title='bbox 840 2074 1144 2151; x_wconf 84' lang='lat' dir='ltr'><strong>salubria,</strong></span> <span class='ocrx_word' id='word_1_183' title='bbox 1176 2085 1235 2136; x_wconf 82' lang='lat' dir='ltr'><strong>et</strong></span> <span class='ocrx_word' id='word_1_184' title='bbox 1265 2081 1524 2137; x_wconf 86' lang='lat' dir='ltr'><strong>oculum</strong></span> <span class='ocrx_word' id='word_1_185' title='bbox 1563 2079 1898 2147; x_wconf 82' lang='lat' dir='ltr'><strong>videntem,</strong></span> <span class='ocrx_word' id='word_1_186' title='bbox 1932 2076 1994 2138; x_wconf 88' lang='lat' dir='ltr'><strong>id</strong></span> <span class='ocrx_word' id='word_1_187' title='bbox 2027 2085 2123 2139; x_wconf 88' lang='lat' dir='ltr'><strong>est</strong></span> <span class='ocrx_word' id='word_1_188' title='bbox 2154 2076 2332 2138; x_wconf 88' lang='lat' dir='ltr'><strong>intel-</strong></span> 
     </span>
     <span class='ocr_line' id='line_1_30' title="bbox 840 2171 2326 2246; baseline 0.002 -12"><span class='ocrx_word' id='word_1_189' title='bbox 840 2171 1073 2235; x_wconf 91' lang='lat' dir='ltr'><strong>lectum</strong></span> <span class='ocrx_word' id='word_1_190' title='bbox 1100 2172 1528 2237; x_wconf 88' lang='lat' dir='ltr'><strong>illuminatum</strong></span> <span class='ocrx_word' id='word_1_191' title='bbox 1560 2192 1672 2237; x_wconf 88' lang='lat' dir='ltr'><strong>seu</strong></span> <span class='ocrx_word' id='word_1_192' title='bbox 1700 2173 1861 2237; x_wconf 88' lang='lat' dir='ltr'><strong>alios</strong></span> <span class='ocrx_word' id='word_1_193' title='bbox 1892 2174 2326 2246; x_wconf 81' lang='lat' dir='ltr'><strong>instruentem,</strong></span> 
     </span>
     <span class='ocr_line' id='line_1_31' title="bbox 840 2269 2327 2354; baseline 0 -21"><span class='ocrx_word' id='word_1_194' title='bbox 840 2269 940 2333; x_wconf 88' lang='lat' dir='ltr'><strong>vel</strong></span> <span class='ocrx_word' id='word_1_195' title='bbox 996 2269 1161 2332; x_wconf 90' lang='lat' dir='ltr'><strong>bona</strong></span> <span class='ocrx_word' id='word_1_196' title='bbox 1198 2270 1469 2334; x_wconf 90' lang='lat' dir='ltr'><strong>aliorum</strong></span> <span class='ocrx_word' id='word_1_197' title='bbox 1513 2272 1801 2354; x_wconf 89' lang='lat' dir='ltr'><strong>exempla</strong></span> <span class='ocrx_word' id='word_1_198' title='bbox 1839 2273 1915 2334; x_wconf 87' lang='lat' dir='ltr'><strong>ad</strong></span> <span class='ocrx_word' id='word_1_199' title='bbox 1958 2274 2327 2335; x_wconf 89' lang='lat' dir='ltr'><strong>sectandum</strong></span> 
     </span>
     <span class='ocr_line' id='line_1_32' title="bbox 844 2366 2329 2450; baseline 0.001 -22"><span class='ocrx_word' id='word_1_200' title='bbox 844 2366 1333 2450; x_wconf 84' lang='lat' dir='ltr'><strong>inspicientem3</strong></span> <span class='ocrx_word' id='word_1_201' title='bbox 1375 2372 1693 2431; x_wconf 77' lang='lat' dir='ltr'><strong>Dominus</strong></span> <span class='ocrx_word' id='word_1_202' title='bbox 1734 2372 1889 2448; x_wconf 76' lang='lat' dir='ltr'><strong>fecit</strong></span> <span class='ocrx_word' id='word_1_203' title='bbox 1928 2381 2329 2450; x_wconf 83' lang='lat' dir='ltr'><strong>utrumque:</strong></span> 
     </span>
     <span class='ocr_line' id='line_1_33' title="bbox 837 2465 2331 2551; baseline 0.004 -25"><span class='ocrx_word' id='word_1_204' title='bbox 837 2465 991 2546; x_wconf 89' lang='lat' dir='ltr'><strong>quia</strong></span> <span class='ocrx_word' id='word_1_205' title='bbox 1039 2473 1383 2548; x_wconf 91' lang='lat' dir='ltr'><strong>utrumque</strong></span> <span class='ocrx_word' id='word_1_206' title='bbox 1438 2467 1707 2530; x_wconf 92' lang='lat' dir='ltr'><strong>istorum</strong></span> <span class='ocrx_word' id='word_1_207' title='bbox 1758 2477 1855 2530; x_wconf 91' lang='lat' dir='ltr'><strong>est</strong></span> <span class='ocrx_word' id='word_1_208' title='bbox 1903 2487 2063 2551; x_wconf 91' lang='lat' dir='ltr'><strong>opus</strong></span> <span class='ocrx_word' id='word_1_209' title='bbox 2111 2469 2331 2548; x_wconf 85' lang='lat' dir='ltr'><strong>gratiae</strong></span> 
     </span>
     <span class='ocr_line' id='line_1_34' title="bbox 838 2562 2330 2648; baseline 0.002 -24"><span class='ocrx_word' id='word_1_210' title='bbox 838 2562 971 2625; x_wconf 84' lang='lat' dir='ltr'><strong>Dei.</strong></span> <span class='ocrx_word' id='word_1_211' title='bbox 1021 2562 1377 2637; x_wconf 87' lang='lat' dir='ltr'><strong>Quocontra</strong></span> <span class='ocrx_word' id='word_1_212' title='bbox 1437 2564 1675 2648; x_wconf 82' lang='lat' dir='ltr'><strong>Moyses</strong></span> <span class='ocrx_word' id='word_1_213' title='bbox 1726 2565 1791 2627; x_wconf 91' lang='lat' dir='ltr'><strong>in</strong></span> <span class='ocrx_word' id='word_1_214' title='bbox 1840 2566 2330 2630; x_wconf 89' lang='lat' dir='ltr'><strong>Deuteronomio</strong></span> 
     </span>
     <span class='ocr_line' id='line_1_35' title="bbox 562 2661 2334 2746; baseline 0.003 -25"><span class='ocrx_word' id='word_1_215' title='bbox 562 2678 807 2731; x_wconf 62' lang='lat' dir='ltr'><strong>Deuaxnx,</strong></span> <span class='ocrx_word' id='word_1_216' title='bbox 842 2661 999 2724; x_wconf 92' lang='lat' dir='ltr'><strong>filiis</strong></span> <span class='ocrx_word' id='word_1_217' title='bbox 1032 2662 1218 2726; x_wconf 90' lang='lat' dir='ltr'><strong>lsrael</strong></span> <span class='ocrx_word' id='word_1_218' title='bbox 1255 2680 1268 2724; x_wconf 92' lang='lat'><strong>:</strong></span> <span class='ocrx_word' id='word_1_219' title='bbox 1302 2664 1448 2739; x_wconf 89' lang='lat' dir='ltr'><strong>Vos,</strong></span> <span class='ocrx_word' id='word_1_220' title='bbox 1486 2664 1717 2746; x_wconf 91' lang='lat' dir='ltr'><strong>inquit,</strong></span> <span class='ocrx_word' id='word_1_221' title='bbox 1750 2665 2002 2727; x_wconf 86' lang='lat' dir='ltr'><strong>vidistis</strong></span> <span class='ocrx_word' id='word_1_222' title='bbox 2034 2665 2334 2728; x_wconf 87' lang='lat' dir='ltr'><strong>universa</strong></span> 
     </span>
     <span class='ocr_line' id='line_1_36' title="bbox 544 2743 2327 2842; baseline 0.001 -20"><span class='ocrx_word' id='word_1_223' title='bbox 544 2743 585 2794; x_wconf 79' lang='lat'><strong>²’</strong></span> <span class='ocrx_word' id='word_1_224' title='bbox 606 2743 649 2786; x_wconf 77' lang='lat'><strong>⁴·</strong></span> <span class='ocrx_word' id='word_1_225' title='bbox 840 2760 1156 2840; x_wconf 87' lang='lat' dir='ltr'><strong>magnalia</strong></span> <span class='ocrx_word' id='word_1_226' title='bbox 1185 2780 1328 2842; x_wconf 80' lang='lat' dir='ltr'><strong>quae</strong></span> <span class='ocrx_word' id='word_1_227' title='bbox 1358 2781 1568 2826; x_wconf 90' lang='lat' dir='ltr'><strong>coram</strong></span> <span class='ocrx_word' id='word_1_228' title='bbox 1598 2762 1777 2827; x_wconf 89' lang='lat' dir='ltr'><strong>vobis</strong></span> <span class='ocrx_word' id='word_1_229' title='bbox 1810 2762 1961 2825; x_wconf 86' lang='lat' dir='ltr'><strong>fecit</strong></span> <span class='ocrx_word' id='word_1_230' title='bbox 1990 2762 2327 2842; x_wconf 90' lang='lat' dir='ltr'><strong>Dominus;</strong></span> 
     </span>
     <span class='ocr_line' id='line_1_37' title="bbox 839 2859 2330 2924; baseline 0.001 -4"><span class='ocrx_word' id='word_1_231' title='bbox 839 2866 901 2921; x_wconf 85' lang='lat' dir='ltr'><strong>et</strong></span> <span class='ocrx_word' id='word_1_232' title='bbox 953 2875 1079 2922; x_wconf 90' lang='lat' dir='ltr'><strong>non</strong></span> <span class='ocrx_word' id='word_1_233' title='bbox 1127 2859 1303 2922; x_wconf 90' lang='lat' dir='ltr'><strong>dedit</strong></span> <span class='ocrx_word' id='word_1_234' title='bbox 1349 2860 1532 2924; x_wconf 88' lang='lat' dir='ltr'><strong>vobis</strong></span> <span class='ocrx_word' id='word_1_235' title='bbox 1581 2860 1886 2924; x_wconf 91' lang='lat' dir='ltr'><strong>Dominus</strong></span> <span class='ocrx_word' id='word_1_236' title='bbox 1935 2879 2045 2924; x_wconf 92' lang='lat' dir='ltr'><strong>cor</strong></span> <span class='ocrx_word' id='word_1_237' title='bbox 2097 2861 2330 2923; x_wconf 81' lang='lat' dir='ltr'><strong>inte-lli-</strong></span> 
     </span>
     <span class='ocr_line' id='line_1_38' title="bbox 837 2959 2330 3041; baseline 0.002 -22"><span class='ocrx_word' id='word_1_238' title='bbox 837 2975 1016 3038; x_wconf 79' lang='lat' dir='ltr'><strong>genS,</strong></span> <span class='ocrx_word' id='word_1_239' title='bbox 1072 2966 1135 3020; x_wconf 88' lang='lat' dir='ltr'><strong>et</strong></span> <span class='ocrx_word' id='word_1_240' title='bbox 1192 2959 1412 3022; x_wconf 88' lang='lat' dir='ltr'><strong>oculos</strong></span> <span class='ocrx_word' id='word_1_241' title='bbox 1460 2959 1775 3037; x_wconf 80' lang='lat' dir='ltr'><strong>videnteS,</strong></span> <span class='ocrx_word' id='word_1_242' title='bbox 1827 2969 1890 3022; x_wconf 88' lang='lat' dir='ltr'><strong>et</strong></span> <span class='ocrx_word' id='word_1_243' title='bbox 1943 2979 2126 3022; x_wconf 90' lang='lat' dir='ltr'><strong>aures</strong></span> <span class='ocrx_word' id='word_1_244' title='bbox 2187 2979 2330 3041; x_wconf 79' lang='lat' dir='ltr'><strong>quae</strong></span> 
     </span>
    </p>
   </div>
   <div class='ocr_carea' id='block_1_9' title="bbox 2439 1975 4226 3038">
    <p class='ocr_par' dir='ltr' id='par_1_10' title="bbox 2442 1975 3933 2060">
     <span class='ocr_line' id='line_1_39' title="bbox 2442 1975 3933 2060; baseline -0.001 -22"><span class='ocrx_word' id='word_1_245' title='bbox 2442 1977 2616 2039; x_wconf 91' lang='lat' dir='ltr'><strong>omni</strong></span> <span class='ocrx_word' id='word_1_246' title='bbox 2664 1995 2841 2055; x_wconf 91' lang='lat' dir='ltr'><strong>auro,</strong></span> <span class='ocrx_word' id='word_1_247' title='bbox 2873 1977 3166 2059; x_wconf 79' lang='lat' dir='ltr'><strong>gemmiS,</strong></span> <span class='ocrx_word' id='word_1_248' title='bbox 3189 1975 3273 2041; x_wconf 86' lang='lat' dir='ltr'><strong>&#39;ac</strong></span> <span class='ocrx_word' id='word_1_249' title='bbox 3315 1977 3794 2060; x_wconf 88' lang='lat' dir='ltr'><strong>pretiosissimis</strong></span> <span class='ocrx_word' id='word_1_250' title='bbox 3823 1995 3933 2040; x_wconf 82' lang='lat' dir='ltr'><strong>va-</strong></span> 
     </span>
    </p>

    <p class='ocr_par' dir='ltr' id='par_1_11' title="bbox 2439 2073 4142 2253">
     <span class='ocr_line' id='line_1_40' title="bbox 2443 2073 4142 2154; baseline 0 -20"><span class='ocrx_word' id='word_1_251' title='bbox 2443 2073 2551 2135; x_wconf 86' lang='lat' dir='ltr'><strong>siS.</strong></span> <span class='ocrx_word' id='word_1_252' title='bbox 2579 2109 2656 2118; x_wconf 93' lang='lat'><strong>—</strong></span> <span class='ocrx_word' id='word_1_253' title='bbox 2695 2078 2862 2134; x_wconf 83' lang='lat' dir='ltr'><strong>Tolle</strong></span> <span class='ocrx_word' id='word_1_254' title='bbox 2894 2077 3338 2136; x_wconf 76' lang='lat' dir='ltr'><strong>vestimentum</strong></span> <span class='ocrx_word' id='word_1_255' title='bbox 3366 2077 3642 2154; x_wconf 77' lang='lat' dir='ltr'><strong>ejusqui</strong></span> <span class='ocrx_word' id='word_1_256' title='bbox 3666 2076 3934 2151; x_wconf 76' lang='lat' dir='ltr'><strong>fidejus·</strong></span> <span class='ocrx_word' id='word_1_257' title='bbox 4073 2089 4142 2142; x_wconf 64' lang='lat'><strong>⁴16</strong></span> 
     </span>
     <span class='ocr_line' id='line_1_41' title="bbox 2439 2170 3934 2253; baseline 0 -21"><span class='ocrx_word' id='word_1_258' title='bbox 2439 2192 2543 2232; x_wconf 83' lang='lat' dir='ltr'><strong>sor</strong></span> <span class='ocrx_word' id='word_1_259' title='bbox 2563 2174 2810 2233; x_wconf 72' lang='lat' dir='ltr'><strong>exstitit</strong></span> <span class='ocrx_word' id='word_1_260' title='bbox 2840 2173 3085 2233; x_wconf 81' lang='lat' dir='ltr'><strong>alieni:</strong></span> <span class='ocrx_word' id='word_1_261' title='bbox 3109 2172 3175 2234; x_wconf 90' lang='lat' dir='ltr'><strong>id</strong></span> <span class='ocrx_word' id='word_1_262' title='bbox 3204 2181 3320 2249; x_wconf 85' lang='lat' dir='ltr'><strong>est,</strong></span> <span class='ocrx_word' id='word_1_263' title='bbox 3341 2172 3396 2234; x_wconf 86' lang='lat' dir='ltr'><strong>si</strong></span> <span class='ocrx_word' id='word_1_264' title='bbox 3431 2172 3575 2253; x_wconf 90' lang='lat' dir='ltr'><strong>quis</strong></span> <span class='ocrx_word' id='word_1_265' title='bbox 3608 2170 3934 2253; x_wconf 85' lang='lat' dir='ltr'><strong>fidejussit</strong></span> 
     </span>
    </p>

    <p class='ocr_par' dir='ltr' id='par_1_12' title="bbox 2440 2268 3934 2546">
     <span class='ocr_line' id='line_1_42' title="bbox 2440 2268 3934 2352; baseline 0.001 -22"><span class='ocrx_word' id='word_1_266' title='bbox 2440 2268 2559 2330; x_wconf 81' lang='lat' dir='ltr'><strong>tihi</strong></span> <span class='ocrx_word' id='word_1_267' title='bbox 2589 2288 2704 2352; x_wconf 92' lang='lat' dir='ltr'><strong>pro</strong></span> <span class='ocrx_word' id='word_1_268' title='bbox 2741 2269 2889 2346; x_wconf 92' lang='lat' dir='ltr'><strong>alio,</strong></span> <span class='ocrx_word' id='word_1_269' title='bbox 2925 2277 3104 2352; x_wconf 89' lang='lat' dir='ltr'><strong>potes</strong></span> <span class='ocrx_word' id='word_1_270' title='bbox 3149 2269 3229 2332; x_wconf 91' lang='lat' dir='ltr'><strong>ab</strong></span> <span class='ocrx_word' id='word_1_271' title='bbox 3269 2270 3381 2334; x_wconf 93' lang='lat' dir='ltr'><strong>illo</strong></span> <span class='ocrx_word' id='word_1_272' title='bbox 3423 2268 3804 2352; x_wconf 88' lang='lat' dir='ltr'><strong>fidejussore</strong></span> <span class='ocrx_word' id='word_1_273' title='bbox 3833 2289 3934 2332; x_wconf 91' lang='lat' dir='ltr'><strong>ac-</strong></span> 
     </span>
     <span class='ocr_line' id='line_1_43' title="bbox 2442 2367 3928 2450; baseline 0.001 -20"><span class='ocrx_word' id='word_1_274' title='bbox 2442 2367 2655 2449; x_wconf 90' lang='lat' dir='ltr'><strong>cipere</strong></span> <span class='ocrx_word' id='word_1_275' title='bbox 2690 2376 2931 2431; x_wconf 87' lang='lat' dir='ltr'><strong>vestem</strong></span> <span class='ocrx_word' id='word_1_276' title='bbox 2983 2387 3158 2430; x_wconf 90' lang='lat' dir='ltr'><strong>suam</strong></span> <span class='ocrx_word' id='word_1_277' title='bbox 3214 2376 3498 2450; x_wconf 90' lang='lat' dir='ltr'><strong>tempore</strong></span> <span class='ocrx_word' id='word_1_278' title='bbox 3543 2375 3928 2450; x_wconf 89' lang='lat' dir='ltr'><strong>opportuno,</strong></span> 
     </span>
     <span class='ocr_line' id='line_1_44' title="bbox 2441 2464 3937 2546; baseline 0.001 -20"><span class='ocrx_word' id='word_1_279' title='bbox 2441 2483 2776 2546; x_wconf 88' lang='lat' dir='ltr'><strong>quousque</strong></span> <span class='ocrx_word' id='word_1_280' title='bbox 2805 2464 3154 2528; x_wconf 84' lang='lat' dir='ltr'><strong>satisfaciat</strong></span> <span class='ocrx_word' id='word_1_281' title='bbox 3184 2465 3937 2538; x_wconf 52' lang='lat' dir='ltr'><strong>tibi.l·.erumtame11,sic-</strong></span> 
     </span>
    </p>

    <p class='ocr_par' dir='ltr' id='par_1_13' title="bbox 2442 2562 4226 2745">
     <span class='ocr_line' id='line_1_45' title="bbox 2443 2562 4226 2697; baseline 0.002 -74"><span class='ocrx_word' id='word_1_282' title='bbox 2443 2571 2513 2624; x_wconf 91' lang='lat' dir='ltr'><strong>ut</strong></span> <span class='ocrx_word' id='word_1_283' title='bbox 2561 2562 2830 2626; x_wconf 90' lang='lat' dir='ltr'><strong>habetur</strong></span> <span class='ocrx_word' id='word_1_284' title='bbox 2881 2563 2947 2625; x_wconf 91' lang='lat' dir='ltr'><strong>in</strong></span> <span class='ocrx_word' id='word_1_285' title='bbox 3005 2564 3239 2640; x_wconf 85' lang='lat' dir='ltr'><strong>Exod0,</strong></span> <span class='ocrx_word' id='word_1_286' title='bbox 3295 2564 3347 2626; x_wconf 91' lang='lat' dir='ltr'><strong>si</strong></span> <span class='ocrx_word' id='word_1_287' title='bbox 3412 2563 3754 2645; x_wconf 86' lang='lat' dir='ltr'><strong>fidejussor</strong></span> <span class='ocrx_word' id='word_1_288' title='bbox 3801 2572 3934 2625; x_wconf 88' lang='lat' dir='ltr'><strong>tam</strong></span> <span class='ocrx_word' id='word_1_289' title='bbox 3968 2585 4226 2697; x_wconf 49' lang='grc' dir='ltr'><strong>ἐπαμη,</strong></span> 
     </span>
     <span class='ocr_line' id='line_1_46' title="bbox 2442 2652 4023 2745; baseline 0 -21"><span class='ocrx_word' id='word_1_290' title='bbox 2442 2681 2684 2745; x_wconf 88' lang='lat' dir='ltr'><strong>pauper</strong></span> <span class='ocrx_word' id='word_1_291' title='bbox 2717 2661 2961 2740; x_wconf 88' lang='lat' dir='ltr'><strong>fuisset,</strong></span> <span class='ocrx_word' id='word_1_292' title='bbox 2987 2664 3157 2744; x_wconf 88' lang='lat' dir='ltr'><strong>quod</strong></span> <span class='ocrx_word' id='word_1_293' title='bbox 3191 2671 3376 2726; x_wconf 89' lang='lat' dir='ltr'><strong>nocte</strong></span> <span class='ocrx_word' id='word_1_294' title='bbox 3405 2664 3485 2727; x_wconf 91' lang='lat' dir='ltr'><strong>ad</strong></span> <span class='ocrx_word' id='word_1_295' title='bbox 3513 2652 4023 2745; x_wconf 76' lang='lat' dir='ltr'><strong>operiendum²⁶</strong></span> 
     </span>
    </p>

    <p class='ocr_par' dir='ltr' id='par_1_14' title="bbox 2442 2760 3939 2839">
     <span class='ocr_line' id='line_1_47' title="bbox 2442 2760 3939 2839; baseline 0 -17"><span class='ocrx_word' id='word_1_296' title='bbox 2442 2779 2509 2822; x_wconf 87' lang='lat' dir='ltr'><strong>se</strong></span> <span class='ocrx_word' id='word_1_297' title='bbox 2540 2760 2919 2839; x_wconf 86' lang='lat' dir='ltr'><strong>indiguisset</strong></span> <span class='ocrx_word' id='word_1_298' title='bbox 2949 2761 3060 2823; x_wconf 89' lang='lat' dir='ltr'><strong>illa</strong></span> <span class='ocrx_word' id='word_1_299' title='bbox 3088 2771 3285 2839; x_wconf 88' lang='lat' dir='ltr'><strong>veste,</strong></span> <span class='ocrx_word' id='word_1_300' title='bbox 3318 2763 3640 2826; x_wconf 89' lang='lat' dir='ltr'><strong>reddenda</strong></span> <span class='ocrx_word' id='word_1_301' title='bbox 3678 2760 3801 2823; x_wconf 92' lang='lat' dir='ltr'><strong>sibi</strong></span> <span class='ocrx_word' id='word_1_302' title='bbox 3835 2761 3939 2823; x_wconf 86' lang='lat' dir='ltr'><strong>fu-</strong></span> 
     </span>
    </p>

    <p class='ocr_par' dir='ltr' id='par_1_15' title="bbox 2441 2859 3938 3038">
     <span class='ocr_line' id='line_1_48' title="bbox 2444 2859 3938 2943; baseline 0.001 -23"><span class='ocrx_word' id='word_1_303' title='bbox 2444 2859 2595 2922; x_wconf 91' lang='lat' dir='ltr'><strong>isset</strong></span> <span class='ocrx_word' id='word_1_304' title='bbox 2625 2860 2704 2922; x_wconf 90' lang='lat' dir='ltr'><strong>de</strong></span> <span class='ocrx_word' id='word_1_305' title='bbox 2736 2877 2896 2936; x_wconf 91' lang='lat' dir='ltr'><strong>sero,</strong></span> <span class='ocrx_word' id='word_1_306' title='bbox 2931 2868 2996 2922; x_wconf 93' lang='lat' dir='ltr'><strong>et</strong></span> <span class='ocrx_word' id='word_1_307' title='bbox 3028 2879 3247 2922; x_wconf 90' lang='lat' dir='ltr'><strong>rursus</strong></span> <span class='ocrx_word' id='word_1_308' title='bbox 3277 2860 3480 2943; x_wconf 86' lang='lat' dir='ltr'><strong>accipi</strong></span> <span class='ocrx_word' id='word_1_309' title='bbox 3511 2860 3824 2942; x_wconf 88' lang='lat' dir='ltr'><strong>potuisset</strong></span> <span class='ocrx_word' id='word_1_310' title='bbox 3852 2860 3938 2922; x_wconf 91' lang='lat' dir='ltr'><strong>de</strong></span> 
     </span>
     <span class='ocr_line' id='line_1_49' title="bbox 2441 2957 3934 3038; baseline 0.001 -19"><span class='ocrx_word' id='word_1_311' title='bbox 2441 2976 2648 3020; x_wconf 91' lang='lat' dir='ltr'><strong>mane.</strong></span> <span class='ocrx_word' id='word_1_312' title='bbox 2675 2957 2981 3020; x_wconf 89' lang='lat' dir='ltr'><strong>Similiter</strong></span> <span class='ocrx_word' id='word_1_313' title='bbox 3013 2958 3065 3020; x_wconf 93' lang='lat' dir='ltr'><strong>si</strong></span> <span class='ocrx_word' id='word_1_314' title='bbox 3099 2958 3478 3038; x_wconf 82' lang='lat' dir='ltr'><strong>indiguisset</strong></span> <span class='ocrx_word' id='word_1_315' title='bbox 3507 2977 3581 3022; x_wconf 89' lang='lat' dir='ltr'><strong>ea</strong></span> <span class='ocrx_word' id='word_1_316' title='bbox 3614 2958 3681 3020; x_wconf 90' lang='lat' dir='ltr'><strong>in</strong></span> <span class='ocrx_word' id='word_1_317' title='bbox 3713 2958 3839 3036; x_wconf 89' lang='lat' dir='ltr'><strong>die,</strong></span> <span class='ocrx_word' id='word_1_318' title='bbox 3867 2966 3934 3020; x_wconf 88' lang='lat' dir='ltr'><strong>et</strong></span> 
     </span>
    </p>
   </div>
   <div class='ocr_carea' id='block_1_10' title="bbox 839 3053 3936 3140">
    <p class='ocr_par' dir='ltr' id='par_1_16' title="bbox 839 3053 3936 3140">
     <span class='ocr_line' id='line_1_50' title="bbox 839 3053 3936 3140; baseline -0 -22"><span class='ocrx_word' id='word_1_319' title='bbox 839 3055 1089 3137; x_wconf 87' lang='lat' dir='ltr'><strong>possint</strong></span> <span class='ocrx_word' id='word_1_320' title='bbox 1118 3057 1338 3120; x_wconf 85' lang='lat' dir='ltr'><strong>audire</strong></span> <span class='ocrx_word' id='word_1_321' title='bbox 1372 3076 1575 3138; x_wconf 90' lang='lat' dir='ltr'><strong>usque</strong></span> <span class='ocrx_word' id='word_1_322' title='bbox 1618 3057 1683 3119; x_wconf 89' lang='lat' dir='ltr'><strong>in</strong></span> <span class='ocrx_word' id='word_1_323' title='bbox 1723 3066 2100 3140; x_wconf 71' lang='lat' dir='ltr'><strong>praesentem</strong></span> <span class='ocrx_word' id='word_1_324' title='bbox 2130 3059 2324 3121; x_wconf 90' lang='lat' dir='ltr'><strong>diem.</strong></span> <span class='ocrx_word' id='word_1_325' title='bbox 2367 3053 2410 3116; x_wconf 90' lang='lat' dir='ltr'>C</span> <span class='ocrx_word' id='word_1_326' title='bbox 2442 3074 2568 3118; x_wconf 91' lang='lat' dir='ltr'><strong>non</strong></span> <span class='ocrx_word' id='word_1_327' title='bbox 2620 3056 2698 3118; x_wconf 92' lang='lat' dir='ltr'><strong>de</strong></span> <span class='ocrx_word' id='word_1_328' title='bbox 2747 3064 2951 3131; x_wconf 91' lang='lat' dir='ltr'><strong>nocte,</strong></span> <span class='ocrx_word' id='word_1_329' title='bbox 3005 3065 3253 3139; x_wconf 88' lang='lat' dir='ltr'><strong>poterat</strong></span> <span class='ocrx_word' id='word_1_330' title='bbox 3297 3056 3435 3120; x_wconf 87' lang='lat' dir='ltr'><strong>tolli</strong></span> <span class='ocrx_word' id='word_1_331' title='bbox 3483 3057 3561 3119; x_wconf 87' lang='lat' dir='ltr'><strong>de</strong></span> <span class='ocrx_word' id='word_1_332' title='bbox 3610 3064 3816 3131; x_wconf 89' lang='lat' dir='ltr'><strong>nocte,</strong></span> <span class='ocrx_word' id='word_1_333' title='bbox 3869 3065 3936 3118; x_wconf 88' lang='lat' dir='ltr'><strong>et</strong></span> 
     </span>
    </p>
   </div>
   <div class='ocr_carea' id='block_1_11' title="bbox 643 3157 2330 4214">
    <p class='ocr_par' dir='ltr' id='par_1_17' title="bbox 643 3157 2330 4004">
     <span class='ocr_line' id='line_1_51' title="bbox 643 3157 2330 3239; baseline 0.002 -23"><span class='ocrx_word' id='word_1_334' title='bbox 643 3159 710 3217; x_wconf 81' lang='lat'><strong>13</strong></span> <span class='ocrx_word' id='word_1_335' title='bbox 836 3189 912 3200; x_wconf 89' lang='lat'><strong>—-</strong></span> <span class='ocrx_word' id='word_1_336' title='bbox 948 3157 1103 3218; x_wconf 85' lang='lat' dir='ltr'><strong>Noli</strong></span> <span class='ocrx_word' id='word_1_337' title='bbox 1141 3157 1414 3234; x_wconf 74' lang='lat' dir='ltr'><strong>diliyere</strong></span> <span class='ocrx_word' id='word_1_338' title='bbox 1450 3177 1747 3217; x_wconf 80' lang='lat' dir='ltr'><strong>somnum</strong></span> <span class='ocrx_word' id='word_1_339' title='bbox 1790 3157 2184 3239; x_wconf 87' lang='lat' dir='ltr'><strong>corporalem</strong></span> <span class='ocrx_word' id='word_1_340' title='bbox 2227 3177 2330 3219; x_wconf 89' lang='lat' dir='ltr'><strong>su-</strong></span> 
     </span>
     <span class='ocr_line' id='line_1_52' title="bbox 836 3252 2330 3336; baseline 0.003 -22"><span class='ocrx_word' id='word_1_341' title='bbox 836 3252 1183 3336; x_wconf 87' lang='lat' dir='ltr'><strong>perfluum,</strong></span> <span class='ocrx_word' id='word_1_342' title='bbox 1232 3271 1348 3315; x_wconf 88' lang='lat' dir='ltr'><strong>nec</strong></span> <span class='ocrx_word' id='word_1_343' title='bbox 1398 3272 1691 3317; x_wconf 91' lang='lat' dir='ltr'><strong>somnum</strong></span> <span class='ocrx_word' id='word_1_344' title='bbox 1742 3253 2139 3334; x_wconf 86' lang='lat' dir='ltr'><strong>ignorantiae,</strong></span> <span class='ocrx_word' id='word_1_345' title='bbox 2189 3274 2330 3336; x_wconf 91' lang='lat' dir='ltr'><strong>pec-</strong></span> 
     </span>
     <span class='ocr_line' id='line_1_53' title="bbox 835 3351 2326 3435; baseline 0.001 -21"><span class='ocrx_word' id='word_1_346' title='bbox 835 3351 959 3414; x_wconf 84' lang='lat' dir='ltr'><strong>cati</strong></span> <span class='ocrx_word' id='word_1_347' title='bbox 990 3351 1126 3416; x_wconf 84' lang='lat' dir='ltr'><strong>sive</strong></span> <span class='ocrx_word' id='word_1_348' title='bbox 1158 3351 1415 3435; x_wconf 82' lang='lat' dir='ltr'><strong>teporiS,</strong></span> <span class='ocrx_word' id='word_1_349' title='bbox 1438 3374 1519 3414; x_wconf 80' lang='lat' dir='ltr'><strong>ne</strong></span> <span class='ocrx_word' id='word_1_350' title='bbox 1550 3363 1869 3430; x_wconf 73' lang='lat' dir='ltr'><strong>le-eyeslas</strong></span> <span class='ocrx_word' id='word_1_351' title='bbox 1896 3357 2244 3432; x_wconf 77' lang='lat' dir='ltr'><strong>opprimat,</strong></span> <span class='ocrx_word' id='word_1_352' title='bbox 2265 3354 2326 3416; x_wconf 89' lang='lat' dir='ltr'><strong>id</strong></span> 
     </span>
     <span class='ocr_line' id='line_1_54' title="bbox 834 3448 2328 3533; baseline 0.002 -22"><span class='ocrx_word' id='word_1_353' title='bbox 834 3458 928 3512; x_wconf 89' lang='lat' dir='ltr'><strong>est</strong></span> <span class='ocrx_word' id='word_1_354' title='bbox 968 3448 1395 3532; x_wconf 87' lang='lat' dir='ltr'><strong>spiritualium</strong></span> <span class='ocrx_word' id='word_1_355' title='bbox 1440 3451 1971 3533; x_wconf 87' lang='lat' dir='ltr'><strong>temporaliumve</strong></span> <span class='ocrx_word' id='word_1_356' title='bbox 2013 3452 2328 3515; x_wconf 90' lang='lat' dir='ltr'><strong>bonorum</strong></span> 
     </span>
     <span class='ocr_line' id='line_1_55' title="bbox 834 3547 2330 3633; baseline 0.001 -23"><span class='ocrx_word' id='word_1_357' title='bbox 834 3547 1145 3611; x_wconf 75' lang='lat' dir='ltr'><strong>defectus,</strong></span> <span class='ocrx_word' id='word_1_358' title='bbox 1190 3552 1394 3627; x_wconf 74' lang='lat' dir='ltr'><strong>Aperi</strong></span> <span class='ocrx_word' id='word_1_359' title='bbox 1434 3553 1645 3610; x_wconf 81' lang='lat' dir='ltr'><strong>oculos</strong></span> <span class='ocrx_word' id='word_1_360' title='bbox 1689 3561 1849 3619; x_wconf 81' lang='lat' dir='ltr'><strong>tuos,</strong></span> <span class='ocrx_word' id='word_1_361' title='bbox 1892 3551 1956 3613; x_wconf 90' lang='lat' dir='ltr'><strong>id</strong></span> <span class='ocrx_word' id='word_1_362' title='bbox 2008 3558 2124 3628; x_wconf 91' lang='lat' dir='ltr'><strong>est,</strong></span> <span class='ocrx_word' id='word_1_363' title='bbox 2170 3551 2330 3633; x_wconf 82' lang='lat' dir='ltr'><strong>vigi-</strong></span> 
     </span>
     <span class='ocr_line' id='line_1_56' title="bbox 838 3645 2329 3728; baseline 0.001 -19"><span class='ocrx_word' id='word_1_364' title='bbox 838 3645 973 3709; x_wconf 87' lang='lat' dir='ltr'><strong>lans</strong></span> <span class='ocrx_word' id='word_1_365' title='bbox 1012 3654 1148 3710; x_wconf 90' lang='lat' dir='ltr'><strong>esto</strong></span> <span class='ocrx_word' id='word_1_366' title='bbox 1186 3665 1258 3709; x_wconf 91' lang='lat' dir='ltr'><strong>ac</strong></span> <span class='ocrx_word' id='word_1_367' title='bbox 1296 3647 1598 3728; x_wconf 87' lang='lat' dir='ltr'><strong>providus</strong></span> <span class='ocrx_word' id='word_1_368' title='bbox 1638 3649 1703 3709; x_wconf 89' lang='lat' dir='ltr'><strong>in</strong></span> <span class='ocrx_word' id='word_1_369' title='bbox 1746 3647 1992 3712; x_wconf 87' lang='lat' dir='ltr'><strong>actibus</strong></span> <span class='ocrx_word' id='word_1_370' title='bbox 2031 3648 2235 3724; x_wconf 79' lang='lat' dir='ltr'><strong>boniS,</strong></span> <span class='ocrx_word' id='word_1_371' title='bbox 2269 3660 2329 3710; x_wconf 77' lang='lat' dir='ltr'><strong>et</strong></span> 
     </span>
     <span class='ocr_line' id='line_1_57' title="bbox 837 3745 2327 3823; baseline 0.004 -19"><span class='ocrx_word' id='word_1_372' title='bbox 837 3754 1135 3806; x_wconf 78' lang='lat' dir='ltr'><strong>saturare</strong></span> <span class='ocrx_word' id='word_1_373' title='bbox 1157 3747 1467 3823; x_wconf 83' lang='lat' dir='ltr'><strong>panibus,</strong></span> <span class='ocrx_word' id='word_1_374' title='bbox 1499 3745 1563 3808; x_wconf 94' lang='lat' dir='ltr'><strong>id</strong></span> <span class='ocrx_word' id='word_1_375' title='bbox 1590 3754 1687 3809; x_wconf 89' lang='lat' dir='ltr'><strong>est</strong></span> <span class='ocrx_word' id='word_1_376' title='bbox 1718 3745 2065 3811; x_wconf 89' lang='lat' dir='ltr'><strong>refectione</strong></span> <span class='ocrx_word' id='word_1_377' title='bbox 2093 3747 2327 3810; x_wconf 90' lang='lat' dir='ltr'><strong>mentis</strong></span> 
     </span>
     <span class='ocr_line' id='line_1_58' title="bbox 835 3842 2330 3928; baseline 0.002 -23"><span class='ocrx_word' id='word_1_378' title='bbox 835 3843 911 3905; x_wconf 86' lang='lat' dir='ltr'><strong>ad</strong></span> <span class='ocrx_word' id='word_1_379' title='bbox 960 3842 1443 3921; x_wconf 87' lang='lat' dir='ltr'><strong>abundantiam,</strong></span> <span class='ocrx_word' id='word_1_380' title='bbox 1492 3863 1565 3907; x_wconf 88' lang='lat' dir='ltr'><strong>ac</strong></span> <span class='ocrx_word' id='word_1_381' title='bbox 1614 3845 1898 3927; x_wconf 90' lang='lat' dir='ltr'><strong>corporis</strong></span> <span class='ocrx_word' id='word_1_382' title='bbox 1948 3847 2027 3908; x_wconf 97' lang='lat' dir='ltr'><strong>ad</strong></span> <span class='ocrx_word' id='word_1_383' title='bbox 2078 3865 2330 3928; x_wconf 91' lang='lat' dir='ltr'><strong>compe-</strong></span> 
     </span>
     <span class='ocr_line' id='line_1_59' title="bbox 836 3941 1121 4004; baseline 0.007 -2"><span class='ocrx_word' id='word_1_384' title='bbox 836 3941 1121 4004; x_wconf 84' lang='lat' dir='ltr'><strong>tentiam.</strong></span> 
     </span>
    </p>

    <p class='ocr_par' dir='ltr' id='par_1_18' title="bbox 644 4042 2329 4214">
     <span class='ocr_line' id='line_1_60' title="bbox 644 4042 2329 4112; baseline 0.002 -12"><span class='ocrx_word' id='word_1_385' title='bbox 644 4043 711 4100; x_wconf 77' lang='lat' dir='ltr'><strong>u</strong></span> <span class='ocrx_word' id='word_1_386' title='bbox 918 4042 1171 4100; x_wconf 81' lang='lat' dir='ltr'><strong>Malum</strong></span> <span class='ocrx_word' id='word_1_387' title='bbox 1209 4049 1321 4112; x_wconf 80' lang='lat' dir='ltr'><strong>est,</strong></span> <span class='ocrx_word' id='word_1_388' title='bbox 1354 4043 1601 4100; x_wconf 87' lang='lat' dir='ltr'><strong>malum</strong></span> <span class='ocrx_word' id='word_1_389' title='bbox 1629 4049 1745 4111; x_wconf 81' lang='lat' dir='ltr'><strong>est,</strong></span> <span class='ocrx_word' id='word_1_390' title='bbox 1775 4043 1940 4102; x_wconf 74' lang='lat' dir='ltr'><strong>dicit</strong></span> <span class='ocrx_word' id='word_1_391' title='bbox 1963 4043 2173 4102; x_wconf 82' lang='lat' dir='ltr'><strong>omnis</strong></span> <span class='ocrx_word' id='word_1_392' title='bbox 2200 4063 2329 4104; x_wconf 88' lang='lat' dir='ltr'><strong>em-</strong></span> 
     </span>
     <span class='ocr_line' id='line_1_61' title="bbox 826 4136 2329 4214; baseline 0.002 -16"><span class='ocrx_word' id='word_1_393' title='bbox 826 4147 1019 4214; x_wconf 80' lang='lat' dir='ltr'><strong>ptor:</strong></span> <span class='ocrx_word' id='word_1_394' title='bbox 1054 4136 1116 4199; x_wconf 93' lang='lat' dir='ltr'><strong>id</strong></span> <span class='ocrx_word' id='word_1_395' title='bbox 1164 4145 1281 4212; x_wconf 87' lang='lat' dir='ltr'><strong>est,</strong></span> <span class='ocrx_word' id='word_1_396' title='bbox 1316 4145 1599 4200; x_wconf 89' lang='lat' dir='ltr'><strong>ementes</strong></span> <span class='ocrx_word' id='word_1_397' title='bbox 1641 4138 2067 4201; x_wconf 89' lang='lat' dir='ltr'><strong>communiter</strong></span> <span class='ocrx_word' id='word_1_398' title='bbox 2105 4140 2329 4203; x_wconf 91' lang='lat' dir='ltr'><strong>dicunt</strong></span> 
     </span>
    </p>
   </div>
   <div class='ocr_carea' id='block_1_12' title="bbox 2438 3154 4221 4218">
    <p class='ocr_par' dir='ltr' id='par_1_19' title="bbox 2443 3154 3938 3237">
     <span class='ocr_line' id='line_1_62' title="bbox 2443 3154 3938 3237; baseline 0.001 -23"><span class='ocrx_word' id='word_1_399' title='bbox 2443 3154 2760 3216; x_wconf 88' lang='lat' dir='ltr'><strong>reddenda</strong></span> <span class='ocrx_word' id='word_1_400' title='bbox 2798 3163 2932 3217; x_wconf 90' lang='lat' dir='ltr'><strong>erat</strong></span> <span class='ocrx_word' id='word_1_401' title='bbox 2981 3156 3058 3217; x_wconf 92' lang='lat' dir='ltr'><strong>de</strong></span> <span class='ocrx_word' id='word_1_402' title='bbox 3099 3174 3305 3232; x_wconf 89' lang='lat' dir='ltr'><strong>mane,</strong></span> <span class='ocrx_word' id='word_1_403' title='bbox 3343 3163 3716 3237; x_wconf 88' lang='lat' dir='ltr'><strong>poteratque</strong></span> <span class='ocrx_word' id='word_1_404' title='bbox 3765 3174 3938 3218; x_wconf 90' lang='lat' dir='ltr'><strong>resu-</strong></span> 
     </span>
    </p>

    <p class='ocr_par' dir='ltr' id='par_1_20' title="bbox 2440 3253 4212 3531">
     <span class='ocr_line' id='line_1_63' title="bbox 2440 3253 3936 3336; baseline 0 -22"><span class='ocrx_word' id='word_1_405' title='bbox 2440 3253 2529 3314; x_wconf 91' lang='lat' dir='ltr'><strong>mi</strong></span> <span class='ocrx_word' id='word_1_406' title='bbox 2572 3253 2651 3314; x_wconf 91' lang='lat' dir='ltr'><strong>ad</strong></span> <span class='ocrx_word' id='word_1_407' title='bbox 2699 3272 3051 3335; x_wconf 87' lang='lat' dir='ltr'><strong>vesperam.</strong></span> <span class='ocrx_word' id='word_1_408' title='bbox 3086 3253 3264 3316; x_wconf 84' lang='lat' dir='ltr'><strong>Unde</strong></span> <span class='ocrx_word' id='word_1_409' title='bbox 3311 3253 3696 3336; x_wconf 87' lang='lat' dir='ltr'><strong>quibusdam</strong></span> <span class='ocrx_word' id='word_1_410' title='bbox 3741 3253 3936 3316; x_wconf 85' lang='lat' dir='ltr'><strong>Amos</strong></span> 
     </span>
     <span class='ocr_line' id='line_1_64' title="bbox 2443 3351 4212 3435; baseline -0.001 -24"><span class='ocrx_word' id='word_1_411' title='bbox 2443 3351 2753 3433; x_wconf 89' lang='lat' dir='ltr'><strong>propheta</strong></span> <span class='ocrx_word' id='word_1_412' title='bbox 2803 3352 3213 3435; x_wconf 88' lang='lat' dir='ltr'><strong>improperat,</strong></span> <span class='ocrx_word' id='word_1_413' title='bbox 3266 3353 3438 3433; x_wconf 89' lang='lat' dir='ltr'><strong>quod</strong></span> <span class='ocrx_word' id='word_1_414' title='bbox 3487 3371 3678 3434; x_wconf 91' lang='lat' dir='ltr'><strong>super</strong></span> <span class='ocrx_word' id='word_1_415' title='bbox 3721 3360 3933 3415; x_wconf 89' lang='lat' dir='ltr'><strong>vestes</strong></span> <span class='ocrx_word' id='word_1_416' title='bbox 3979 3371 4212 3420; x_wconf 60' lang='lat' dir='ltr'><strong>amma.</strong></span> 
     </span>
     <span class='ocr_line' id='line_1_65' title="bbox 2441 3449 3936 3531; baseline 0 -21"><span class='ocrx_word' id='word_1_417' title='bbox 2441 3449 2804 3531; x_wconf 86' lang='lat' dir='ltr'><strong>pignoratas</strong></span> <span class='ocrx_word' id='word_1_418' title='bbox 2839 3450 3341 3531; x_wconf 89' lang='lat' dir='ltr'><strong>requiescebant.</strong></span> <span class='ocrx_word' id='word_1_419' title='bbox 3377 3454 3465 3512; x_wconf 75' lang='lat' dir='ltr'><strong>Et</strong></span> <span class='ocrx_word' id='word_1_420' title='bbox 3490 3471 3606 3529; x_wconf 83' lang='lat' dir='ltr'><strong>pro</strong></span> <span class='ocrx_word' id='word_1_421' title='bbox 3634 3461 3936 3512; x_wconf 74' lang='lat' dir='ltr'><strong>eoetrane-</strong></span> 
     </span>
    </p>

    <p class='ocr_par' dir='ltr' id='par_1_21' title="bbox 2442 3549 3932 3632">
     <span class='ocr_line' id='line_1_66' title="bbox 2442 3549 3932 3632; baseline 0.001 -24"><span class='ocrx_word' id='word_1_422' title='bbox 2442 3551 2498 3608; x_wconf 85' lang='lat' dir='ltr'><strong>is</strong></span> <span class='ocrx_word' id='word_1_423' title='bbox 2544 3568 2660 3631; x_wconf 92' lang='lat' dir='ltr'><strong>pro</strong></span> <span class='ocrx_word' id='word_1_424' title='bbox 2707 3549 2942 3631; x_wconf 89' lang='lat' dir='ltr'><strong>quibus</strong></span> <span class='ocrx_word' id='word_1_425' title='bbox 2984 3549 3326 3632; x_wconf 87' lang='lat' dir='ltr'><strong>fidejussit,</strong></span> <span class='ocrx_word' id='word_1_426' title='bbox 3351 3553 3544 3629; x_wconf 83' lang='lat' dir='ltr'><strong>aufer</strong></span> <span class='ocrx_word' id='word_1_427' title='bbox 3563 3553 3812 3629; x_wconf 71' lang='lat' dir='ltr'><strong>piynus</strong></span> <span class='ocrx_word' id='word_1_428' title='bbox 3846 3553 3932 3610; x_wconf 82' lang='lat' dir='ltr'><strong>ab</strong></span> 
     </span>
    </p>

    <p class='ocr_par' dir='ltr' id='par_1_22' title="bbox 2438 3647 4221 4026">
     <span class='ocr_line' id='line_1_67' title="bbox 2438 3647 3933 3731; baseline 0.001 -23"><span class='ocrx_word' id='word_1_429' title='bbox 2438 3669 2506 3708; x_wconf 86' lang='lat' dir='ltr'><strong>eo</strong></span> <span class='ocrx_word' id='word_1_430' title='bbox 2539 3669 2560 3707; x_wconf 95' lang='lat'><strong>.·</strong></span> <span class='ocrx_word' id='word_1_431' title='bbox 2591 3647 2758 3711; x_wconf 92' lang='lat' dir='ltr'><strong>sicut</strong></span> <span class='ocrx_word' id='word_1_432' title='bbox 2789 3649 2867 3711; x_wconf 91' lang='lat' dir='ltr'><strong>de</strong></span> <span class='ocrx_word' id='word_1_433' title='bbox 2902 3649 3022 3711; x_wconf 90' lang='lat' dir='ltr'><strong>hoc</strong></span> <span class='ocrx_word' id='word_1_434' title='bbox 3063 3657 3241 3710; x_wconf 89' lang='lat' dir='ltr'><strong>erant</strong></span> <span class='ocrx_word' id='word_1_435' title='bbox 3280 3649 3609 3729; x_wconf 84' lang='lat' dir='ltr'><strong>judicialia</strong></span> <span class='ocrx_word' id='word_1_436' title='bbox 3637 3649 3933 3731; x_wconf 81' lang='lat' dir='ltr'><strong>quaedam</strong></span> 
     </span>
     <span class='ocr_line' id='line_1_68' title="bbox 2440 3747 4220 3828; baseline 0.001 -20"><span class='ocrx_word' id='word_1_437' title='bbox 2440 3754 2755 3828; x_wconf 83' lang='lat' dir='ltr'><strong>praecepta</strong></span> <span class='ocrx_word' id='word_1_438' title='bbox 2785 3747 2848 3808; x_wconf 90' lang='lat' dir='ltr'><strong>in</strong></span> <span class='ocrx_word' id='word_1_439' title='bbox 2881 3747 3092 3810; x_wconf 89' lang='lat' dir='ltr'><strong>Exodo</strong></span> <span class='ocrx_word' id='word_1_440' title='bbox 3123 3767 3194 3810; x_wconf 88' lang='lat' dir='ltr'><strong>ac</strong></span> <span class='ocrx_word' id='word_1_441' title='bbox 3226 3747 3713 3811; x_wconf 89' lang='lat' dir='ltr'><strong>Deuteronomio</strong></span> <span class='ocrx_word' id='word_1_442' title='bbox 3743 3748 3928 3810; x_wconf 86' lang='lat' dir='ltr'><strong>data:</strong></span> <span class='ocrx_word' id='word_1_443' title='bbox 3985 3776 4100 3818; x_wconf 60' lang='lat' dir='ltr'><strong>Dm</strong></span> <span class='ocrx_word' id='word_1_444' title='bbox 4102 3788 4208 3817; x_wconf 66' lang='grc'><strong>,,,,,,</strong></span> <span class='ocrx_word' id='word_1_445' title='bbox 4211 3805 4220 3818; x_wconf 79' lang='lat'><strong>,</strong></span> 
     </span>
     <span class='ocr_line' id='line_1_69' title="bbox 2438 3839 4221 3926; baseline 0.002 -21"><span class='ocrx_word' id='word_1_446' title='bbox 2438 3863 2582 3926; x_wconf 84' lang='lat' dir='ltr'><strong>quae</strong></span> <span class='ocrx_word' id='word_1_447' title='bbox 2613 3844 2678 3907; x_wconf 89' lang='lat' dir='ltr'><strong>in</strong></span> <span class='ocrx_word' id='word_1_448' title='bbox 2709 3846 3075 3926; x_wconf 86' lang='lat' dir='ltr'><strong>evangelica</strong></span> <span class='ocrx_word' id='word_1_449' title='bbox 3110 3846 3248 3926; x_wconf 87' lang='lat' dir='ltr'><strong>lege</strong></span> <span class='ocrx_word' id='word_1_450' title='bbox 3279 3864 3354 3908; x_wconf 88' lang='lat' dir='ltr'><strong>ex</strong></span> <span class='ocrx_word' id='word_1_451' title='bbox 3386 3845 3496 3908; x_wconf 90' lang='lat' dir='ltr'><strong>illa</strong></span> <span class='ocrx_word' id='word_1_452' title='bbox 3528 3846 3934 3909; x_wconf 89' lang='lat' dir='ltr'><strong>institutione</strong></span> <span class='ocrx_word' id='word_1_453' title='bbox 3965 3839 4221 3890; x_wconf 44' lang='grc' dir='ltr'>(Μαίω-</span> 
     </span>
     <span class='ocr_line' id='line_1_70' title="bbox 2440 3942 3934 4026; baseline 0.003 -22"><span class='ocrx_word' id='word_1_454' title='bbox 2440 3961 2566 4005; x_wconf 89' lang='lat' dir='ltr'><strong>non</strong></span> <span class='ocrx_word' id='word_1_455' title='bbox 2611 3943 2832 4022; x_wconf 88' lang='lat' dir='ltr'><strong>ligant,</strong></span> <span class='ocrx_word' id='word_1_456' title='bbox 2855 3952 3047 4026; x_wconf 88' lang='lat' dir='ltr'><strong>prout·</strong></span> <span class='ocrx_word' id='word_1_457' title='bbox 3090 3945 3157 4006; x_wconf 90' lang='lat' dir='ltr'><strong>in</strong></span> <span class='ocrx_word' id='word_1_458' title='bbox 3198 3942 3406 4026; x_wconf 90' lang='lat' dir='ltr'><strong>prima</strong></span> <span class='ocrx_word' id='word_1_459' title='bbox 3435 3945 3730 4009; x_wconf 82' lang='lat' dir='ltr'><strong>secundae</strong></span> <span class='ocrx_word' id='word_1_460' title='bbox 3768 3943 3934 4008; x_wconf 88' lang='lat' dir='ltr'><strong>Tho—</strong></span> 
     </span>
    </p>

    <p class='ocr_par' dir='ltr' id='par_1_23' title="bbox 2439 4042 2921 4105">
     <span class='ocr_line' id='line_1_71' title="bbox 2439 4042 2921 4105; baseline 0 -2"><span class='ocrx_word' id='word_1_461' title='bbox 2439 4061 2573 4103; x_wconf 90' lang='lat' dir='ltr'><strong>mas</strong></span> <span class='ocrx_word' id='word_1_462' title='bbox 2622 4042 2921 4105; x_wconf 86' lang='lat' dir='ltr'><strong>declarat.</strong></span> 
     </span>
    </p>

    <p class='ocr_par' dir='ltr' id='par_1_24' title="bbox 2518 4142 4134 4218">
     <span class='ocr_line' id='line_1_72' title="bbox 2518 4142 4134 4218; baseline 0.002 -16"><span class='ocrx_word' id='word_1_463' title='bbox 2518 4143 2759 4202; x_wconf 85' lang='lat' dir='ltr'><strong>Suavis</strong></span> <span class='ocrx_word' id='word_1_464' title='bbox 2805 4151 2893 4202; x_wconf 81' lang='lat' dir='ltr'><strong>est</strong></span> <span class='ocrx_word' id='word_1_465' title='bbox 2939 4144 3194 4202; x_wconf 79' lang='lat' dir='ltr'><strong>homini</strong></span> <span class='ocrx_word' id='word_1_466' title='bbox 3232 4143 3434 4218; x_wconf 81' lang='lat' dir='ltr'><strong>panis</strong></span> <span class='ocrx_word' id='word_1_467' title='bbox 3479 4145 3828 4216; x_wconf 81' lang='lat' dir='ltr'><strong>mendacii,</strong></span> <span class='ocrx_word' id='word_1_468' title='bbox 3861 4142 3930 4204; x_wconf 88' lang='lat' dir='ltr'><strong>id</strong></span> <span class='ocrx_word' id='word_1_469' title='bbox 4071 4157 4134 4210; x_wconf 81' lang='lat'><strong>1¹¹1</strong></span> 
     </span>
    </p>
   </div>
   <div class='ocr_carea' id='block_1_13' title="bbox 836 4236 3928 4322">
    <p class='ocr_par' dir='ltr' id='par_1_25' title="bbox 836 4236 3928 4322">
     <span class='ocr_line' id='line_1_73' title="bbox 836 4236 3928 4322; baseline 0.002 -26"><span class='ocrx_word' id='word_1_470' title='bbox 836 4253 968 4297; x_wconf 89' lang='lat' dir='ltr'><strong>rem</strong></span> <span class='ocrx_word' id='word_1_471' title='bbox 1002 4236 1335 4298; x_wconf 86' lang='lat' dir='ltr'><strong>emendam</strong></span> <span class='ocrx_word' id='word_1_472' title='bbox 1377 4236 1593 4298; x_wconf 92' lang='lat' dir='ltr'><strong>minus</strong></span> <span class='ocrx_word' id='word_1_473' title='bbox 1624 4236 1855 4315; x_wconf 88' lang='lat' dir='ltr'><strong>valere,</strong></span> <span class='ocrx_word' id='word_1_474' title='bbox 1890 4257 2079 4319; x_wconf 91' lang='lat' dir='ltr'><strong>quam</strong></span> <span class='ocrx_word' id='word_1_475' title='bbox 2112 4237 2330 4300; x_wconf 90' lang='lat' dir='ltr'><strong>vendi·</strong></span> <span class='ocrx_word' id='word_1_476' title='bbox 2357 4240 2408 4302; x_wconf 94' lang='lat' dir='ltr'><strong>D</strong></span> <span class='ocrx_word' id='word_1_477' title='bbox 2438 4247 2534 4300; x_wconf 91' lang='lat' dir='ltr'><strong>est</strong></span> <span class='ocrx_word' id='word_1_478' title='bbox 2580 4237 2763 4302; x_wconf 84' lang='lat' dir='ltr'><strong>cibus</strong></span> <span class='ocrx_word' id='word_1_479' title='bbox 2811 4240 3145 4303; x_wconf 88' lang='lat' dir='ltr'><strong>mendacio</strong></span> <span class='ocrx_word' id='word_1_480' title='bbox 3193 4259 3304 4302; x_wconf 91' lang='lat' dir='ltr'><strong>seu</strong></span> <span class='ocrx_word' id='word_1_481' title='bbox 3348 4248 3568 4303; x_wconf 89' lang='lat' dir='ltr'><strong>contra</strong></span> <span class='ocrx_word' id='word_1_482' title='bbox 3615 4239 3928 4322; x_wconf 88' lang='lat' dir='ltr'><strong>justitiam</strong></span> 
     </span>
    </p>
   </div>
   <div class='ocr_carea' id='block_1_14' title="bbox 830 4333 2330 5400">
    <p class='ocr_par' dir='ltr' id='par_1_26' title="bbox 830 4333 2330 5400">
     <span class='ocr_line' id='line_1_74' title="bbox 835 4333 2330 4418; baseline 0.003 -24"><span class='ocrx_word' id='word_1_483' title='bbox 835 4341 933 4396; x_wconf 90' lang='lat' dir='ltr'><strong>tor</strong></span> <span class='ocrx_word' id='word_1_484' title='bbox 962 4333 1122 4396; x_wconf 90' lang='lat' dir='ltr'><strong>dicit</strong></span> <span class='ocrx_word' id='word_1_485' title='bbox 1152 4341 1261 4396; x_wconf 89' lang='lat' dir='ltr'><strong>aut</strong></span> <span class='ocrx_word' id='word_1_486' title='bbox 1294 4333 1528 4398; x_wconf 88' lang='lat' dir='ltr'><strong>veritas</strong></span> <span class='ocrx_word' id='word_1_487' title='bbox 1566 4335 1779 4412; x_wconf 87' lang='lat' dir='ltr'><strong>habet,</strong></span> <span class='ocrx_word' id='word_1_488' title='bbox 1824 4344 1897 4398; x_wconf 88' lang='lat' dir='ltr'><strong>ut</strong></span> <span class='ocrx_word' id='word_1_489' title='bbox 1925 4336 2159 4399; x_wconf 90' lang='lat' dir='ltr'><strong>minori</strong></span> <span class='ocrx_word' id='word_1_490' title='bbox 2189 4355 2330 4418; x_wconf 91' lang='lat' dir='ltr'><strong>pre-</strong></span> 
     </span>
     <span class='ocr_line' id='line_1_75' title="bbox 836 4431 2330 4514; baseline 0.003 -20"><span class='ocrx_word' id='word_1_491' title='bbox 836 4431 925 4496; x_wconf 86' lang='lat' dir='ltr'><strong>tio</strong></span> <span class='ocrx_word' id='word_1_492' title='bbox 963 4439 1179 4495; x_wconf 82' lang='lat' dir='ltr'><strong>emant</strong></span> <span class='ocrx_word' id='word_1_493' title='bbox 1221 4450 1396 4513; x_wconf 80' lang='lat' dir='ltr'><strong>eam3</strong></span> <span class='ocrx_word' id='word_1_494' title='bbox 1428 4443 1487 4494; x_wconf 82' lang='lat' dir='ltr'><strong>et</strong></span> <span class='ocrx_word' id='word_1_495' title='bbox 1516 4454 1719 4514; x_wconf 81' lang='lat' dir='ltr'><strong>quum</strong></span> <span class='ocrx_word' id='word_1_496' title='bbox 1750 4437 2071 4495; x_wconf 77' lang='lat' dir='ltr'><strong>recesserit</strong></span> <span class='ocrx_word' id='word_1_497' title='bbox 2102 4453 2171 4498; x_wconf 89' lang='lat' dir='ltr'><strong>re</strong></span> <span class='ocrx_word' id='word_1_498' title='bbox 2199 4453 2330 4497; x_wconf 82' lang='lat' dir='ltr'><strong>em-</strong></span> 
     </span>
     <span class='ocr_line' id='line_1_76' title="bbox 834 4530 2327 4613; baseline 0.003 -23"><span class='ocrx_word' id='word_1_499' title='bbox 834 4537 965 4612; x_wconf 89' lang='lat' dir='ltr'><strong>pta,</strong></span> <span class='ocrx_word' id='word_1_500' title='bbox 1004 4537 1157 4590; x_wconf 82' lang='lat' dir='ltr'><strong>tunc</strong></span> <span class='ocrx_word' id='word_1_501' title='bbox 1176 4530 1597 4606; x_wconf 73' lang='lat' dir='ltr'><strong>yloriabitur,</strong></span> <span class='ocrx_word' id='word_1_502' title='bbox 1629 4530 1801 4610; x_wconf 91' lang='lat' dir='ltr'><strong>quod</strong></span> <span class='ocrx_word' id='word_1_503' title='bbox 1844 4531 2164 4594; x_wconf 91' lang='lat' dir='ltr'><strong>modicum</strong></span> <span class='ocrx_word' id='word_1_504' title='bbox 2210 4549 2327 4613; x_wconf 90' lang='lat' dir='ltr'><strong>pro</strong></span> 
     </span>
     <span class='ocr_line' id='line_1_77' title="bbox 830 4626 2326 4710; baseline 0.001 -20"><span class='ocrx_word' id='word_1_505' title='bbox 830 4645 905 4690; x_wconf 89' lang='lat' dir='ltr'><strong>ea</strong></span> <span class='ocrx_word' id='word_1_506' title='bbox 934 4626 1697 4710; x_wconf 68' lang='lat' dir='ltr'><strong>exposuit-Verumtamen</strong></span> <span class='ocrx_word' id='word_1_507' title='bbox 1730 4635 1875 4691; x_wconf 88' lang='lat' dir='ltr'><strong>sunt</strong></span> <span class='ocrx_word' id='word_1_508' title='bbox 1906 4628 2164 4710; x_wconf 90' lang='lat' dir='ltr'><strong>quidam</strong></span> <span class='ocrx_word' id='word_1_509' title='bbox 2199 4638 2326 4693; x_wconf 90' lang='lat' dir='ltr'><strong>tam</strong></span> 
     </span>
     <span class='ocr_line' id='line_1_78' title="bbox 830 4724 2326 4808; baseline 0.001 -20"><span class='ocrx_word' id='word_1_510' title='bbox 830 4725 1010 4808; x_wconf 85' lang='lat' dir='ltr'><strong>justi,</strong></span> <span class='ocrx_word' id='word_1_511' title='bbox 1047 4724 1364 4788; x_wconf 88' lang='lat' dir='ltr'><strong>caritativi</strong></span> <span class='ocrx_word' id='word_1_512' title='bbox 1412 4745 1485 4788; x_wconf 93' lang='lat' dir='ltr'><strong>ac</strong></span> <span class='ocrx_word' id='word_1_513' title='bbox 1533 4725 1836 4802; x_wconf 87' lang='lat' dir='ltr'><strong>timorati,</strong></span> <span class='ocrx_word' id='word_1_514' title='bbox 1876 4727 2045 4807; x_wconf 91' lang='lat' dir='ltr'><strong>quod</strong></span> <span class='ocrx_word' id='word_1_515' title='bbox 2094 4746 2326 4808; x_wconf 89' lang='lat' dir='ltr'><strong>nequa-</strong></span> 
     </span>
     <span class='ocr_line' id='line_1_79' title="bbox 832 4823 2324 4909; baseline 0.002 -23"><span class='ocrx_word' id='word_1_516' title='bbox 832 4843 1023 4906; x_wconf 89' lang='lat' dir='ltr'><strong>quam</strong></span> <span class='ocrx_word' id='word_1_517' title='bbox 1062 4823 1339 4887; x_wconf 88' lang='lat' dir='ltr'><strong>scienter</strong></span> <span class='ocrx_word' id='word_1_518' title='bbox 1376 4823 1601 4888; x_wconf 88' lang='lat' dir='ltr'><strong>volunt</strong></span> <span class='ocrx_word' id='word_1_519' title='bbox 1640 4823 1919 4898; x_wconf 90' lang='lat' dir='ltr'><strong>mentiri,</strong></span> <span class='ocrx_word' id='word_1_520' title='bbox 1956 4843 2166 4906; x_wconf 89' lang='lat' dir='ltr'><strong>neque</strong></span> <span class='ocrx_word' id='word_1_521' title='bbox 2210 4845 2324 4909; x_wconf 89' lang='lat' dir='ltr'><strong>pro</strong></span> 
     </span>
     <span class='ocr_line' id='line_1_80' title="bbox 830 4921 2326 5005; baseline 0.001 -21"><span class='ocrx_word' id='word_1_522' title='bbox 830 4941 900 4985; x_wconf 88' lang='lat' dir='ltr'><strong>re</strong></span> <span class='ocrx_word' id='word_1_523' title='bbox 942 4921 1157 4986; x_wconf 84' lang='lat' dir='ltr'><strong>venali</strong></span> <span class='ocrx_word' id='word_1_524' title='bbox 1206 4922 1423 4984; x_wconf 90' lang='lat' dir='ltr'><strong>minus</strong></span> <span class='ocrx_word' id='word_1_525' title='bbox 1470 4923 1620 4985; x_wconf 89' lang='lat' dir='ltr'><strong>dare</strong></span> <span class='ocrx_word' id='word_1_526' title='bbox 1662 4940 1853 5004; x_wconf 89' lang='lat' dir='ltr'><strong>quam</strong></span> <span class='ocrx_word' id='word_1_527' title='bbox 1894 4923 2061 4986; x_wconf 88' lang='lat' dir='ltr'><strong>valet</strong></span> <span class='ocrx_word' id='word_1_528' title='bbox 2108 4941 2122 4985; x_wconf 90' lang='lat'>:</span> <span class='ocrx_word' id='word_1_529' title='bbox 2171 4925 2326 5005; x_wconf 84' lang='lat' dir='ltr'><strong>quia</strong></span> 
     </span>
     <span class='ocr_line' id='line_1_81' title="bbox 832 5019 2322 5101; baseline 0.002 -19"><span class='ocrx_word' id='word_1_530' title='bbox 832 5039 949 5084; x_wconf 90' lang='lat' dir='ltr'><strong>nec</strong></span> <span class='ocrx_word' id='word_1_531' title='bbox 980 5019 1130 5083; x_wconf 89' lang='lat' dir='ltr'><strong>licet</strong></span> <span class='ocrx_word' id='word_1_532' title='bbox 1160 5020 1539 5100; x_wconf 90' lang='lat' dir='ltr'><strong>(secundum</strong></span> <span class='ocrx_word' id='word_1_533' title='bbox 1573 5019 2061 5101; x_wconf 88' lang='lat' dir='ltr'><strong>conscientiam)</strong></span> <span class='ocrx_word' id='word_1_534' title='bbox 2100 5019 2322 5086; x_wconf 86' lang='lat' dir='ltr'><strong>fallere</strong></span> 
     </span>
     <span class='ocr_line' id='line_1_82' title="bbox 830 5117 2321 5194; baseline 0.001 -14"><span class='ocrx_word' id='word_1_535' title='bbox 830 5126 939 5180; x_wconf 91' lang='lat' dir='ltr'><strong>aut</strong></span> <span class='ocrx_word' id='word_1_536' title='bbox 977 5117 1397 5180; x_wconf 80' lang='lat' dir='ltr'><strong>damnificare</strong></span> <span class='ocrx_word' id='word_1_537' title='bbox 1429 5117 1830 5194; x_wconf 88' lang='lat' dir='ltr'><strong>vendentem,</strong></span> <span class='ocrx_word' id='word_1_538' title='bbox 1866 5118 2214 5182; x_wconf 89' lang='lat' dir='ltr'><strong>minuendo</strong></span> <span class='ocrx_word' id='word_1_539' title='bbox 2244 5121 2321 5182; x_wconf 94' lang='lat' dir='ltr'><strong>de</strong></span> 
     </span>
     <span class='ocr_line' id='line_1_83' title="bbox 831 5216 2318 5301; baseline 0.003 -23"><span class='ocrx_word' id='word_1_540' title='bbox 831 5217 1037 5301; x_wconf 88' lang='lat' dir='ltr'><strong>pretio</strong></span> <span class='ocrx_word' id='word_1_541' title='bbox 1071 5217 1267 5297; x_wconf 83' lang='lat' dir='ltr'><strong>justo,</strong></span> <span class='ocrx_word' id='word_1_542' title='bbox 1300 5216 1597 5298; x_wconf 86' lang='lat' dir='ltr'><strong>quamvis</strong></span> <span class='ocrx_word' id='word_1_543' title='bbox 1640 5218 1989 5280; x_wconf 88' lang='lat' dir='ltr'><strong>secundum</strong></span> <span class='ocrx_word' id='word_1_544' title='bbox 2038 5219 2186 5298; x_wconf 87' lang='lat' dir='ltr'><strong>jura</strong></span> <span class='ocrx_word' id='word_1_545' title='bbox 2227 5219 2318 5282; x_wconf 93' lang='lat' dir='ltr'><strong>ci-</strong></span> 
     </span>
     <span class='ocr_line' id='line_1_84' title="bbox 831 5313 2314 5400; baseline 0.001 -21"><span class='ocrx_word' id='word_1_546' title='bbox 831 5313 985 5379; x_wconf 77' lang='lat' dir='ltr'><strong>vilia</strong></span> <span class='ocrx_word' id='word_1_547' title='bbox 1029 5314 1149 5378; x_wconf 84' lang='lat' dir='ltr'><strong>hoc</strong></span> <span class='ocrx_word' id='word_1_548' title='bbox 1194 5313 1400 5392; x_wconf 87' lang='lat' dir='ltr'><strong>liceat,</strong></span> <span class='ocrx_word' id='word_1_549' title='bbox 1424 5313 1525 5377; x_wconf 86' lang='lat' dir='ltr'><strong>vel</strong></span> <span class='ocrx_word' id='word_1_550' title='bbox 1572 5315 1784 5397; x_wconf 87' lang='lat' dir='ltr'><strong>potius</strong></span> <span class='ocrx_word' id='word_1_551' title='bbox 1828 5334 1953 5380; x_wconf 89' lang='lat' dir='ltr'><strong>non</strong></span> <span class='ocrx_word' id='word_1_552' title='bbox 1994 5318 2314 5400; x_wconf 88' lang='lat' dir='ltr'><strong>puniatur,</strong></span> 
     </span>
    </p>
   </div>
   <div class='ocr_carea' id='block_1_15' title="bbox 2431 4336 4217 5404">
    <p class='ocr_par' dir='ltr' id='par_1_27' title="bbox 2431 4336 4217 5404">
     <span class='ocr_line' id='line_1_85' title="bbox 2437 4336 3932 4418; baseline 0.003 -21"><span class='ocrx_word' id='word_1_553' title='bbox 2437 4337 2812 4417; x_wconf 81' lang='lat' dir='ltr'><strong>acquisituS,</strong></span> <span class='ocrx_word' id='word_1_554' title='bbox 2846 4337 3028 4418; x_wconf 89' lang='lat' dir='ltr'><strong>quasi</strong></span> <span class='ocrx_word' id='word_1_555' title='bbox 3070 4336 3348 4401; x_wconf 81' lang='lat' dir='ltr'><strong>faciliter</strong></span> <span class='ocrx_word' id='word_1_556' title='bbox 3391 4347 3455 4400; x_wconf 88' lang='lat' dir='ltr'><strong>et</strong></span> <span class='ocrx_word' id='word_1_557' title='bbox 3496 4338 3744 4402; x_wconf 92' lang='lat' dir='ltr'><strong>lucrose</strong></span> <span class='ocrx_word' id='word_1_558' title='bbox 3787 4340 3932 4402; x_wconf 88' lang='lat' dir='ltr'><strong>ade-</strong></span> 
     </span>
     <span class='ocr_line' id='line_1_86' title="bbox 2437 4438 3926 4516; baseline 0.002 -21"><span class='ocrx_word' id='word_1_559' title='bbox 2437 4443 2622 4516; x_wconf 87' lang='lat' dir='ltr'><strong>ptus;</strong></span> <span class='ocrx_word' id='word_1_560' title='bbox 2653 4445 2710 4495; x_wconf 78' lang='lat' dir='ltr'><strong>el</strong></span> <span class='ocrx_word' id='word_1_561' title='bbox 2732 4446 2950 4513; x_wconf 79' lang='lat' dir='ltr'><strong>postea</strong></span> <span class='ocrx_word' id='word_1_562' title='bbox 2987 4438 3364 4514; x_wconf 78' lang='lat' dir='ltr'><strong>implebitur</strong></span> <span class='ocrx_word' id='word_1_563' title='bbox 3392 4458 3457 4497; x_wconf 87' lang='lat' dir='ltr'><strong>os</strong></span> <span class='ocrx_word' id='word_1_564' title='bbox 3483 4439 3623 4514; x_wconf 82' lang='lat' dir='ltr'><strong>ejus</strong></span> <span class='ocrx_word' id='word_1_565' title='bbox 3655 4441 3926 4509; x_wconf 72' lang='lat' dir='ltr'><strong>caleulO,</strong></span> 
     </span>
     <span class='ocr_line' id='line_1_87' title="bbox 2437 4532 3930 4617; baseline 0.003 -23"><span class='ocrx_word' id='word_1_566' title='bbox 2437 4533 2502 4595; x_wconf 93' lang='lat' dir='ltr'><strong>id</strong></span> <span class='ocrx_word' id='word_1_567' title='bbox 2537 4542 2634 4596; x_wconf 88' lang='lat' dir='ltr'><strong>est</strong></span> <span class='ocrx_word' id='word_1_568' title='bbox 2663 4534 2842 4615; x_wconf 80' lang='lat' dir='ltr'><strong>gravi</strong></span> <span class='ocrx_word' id='word_1_569' title='bbox 2873 4532 3253 4598; x_wconf 83' lang='lat' dir='ltr'><strong>confusione</strong></span> <span class='ocrx_word' id='word_1_570' title='bbox 3283 4543 3348 4596; x_wconf 87' lang='lat' dir='ltr'><strong>et</strong></span> <span class='ocrx_word' id='word_1_571' title='bbox 3378 4553 3590 4617; x_wconf 87' lang='lat' dir='ltr'><strong>poena,</strong></span> <span class='ocrx_word' id='word_1_572' title='bbox 3623 4537 3776 4598; x_wconf 91' lang='lat' dir='ltr'><strong>dum</strong></span> <span class='ocrx_word' id='word_1_573' title='bbox 3807 4536 3930 4598; x_wconf 92' lang='lat' dir='ltr'><strong>cri-</strong></span> 
     </span>
     <span class='ocr_line' id='line_1_88' title="bbox 2435 4631 3930 4715; baseline 0.002 -22"><span class='ocrx_word' id='word_1_574' title='bbox 2435 4650 2583 4694; x_wconf 86' lang='lat' dir='ltr'><strong>men</strong></span> <span class='ocrx_word' id='word_1_575' title='bbox 2639 4651 2824 4694; x_wconf 89' lang='lat' dir='ltr'><strong>suum</strong></span> <span class='ocrx_word' id='word_1_576' title='bbox 2885 4631 3071 4696; x_wconf 85' lang='lat' dir='ltr'><strong>fateri</strong></span> <span class='ocrx_word' id='word_1_577' title='bbox 3129 4632 3556 4715; x_wconf 87' lang='lat' dir='ltr'><strong>compellitur,</strong></span> <span class='ocrx_word' id='word_1_578' title='bbox 3607 4643 3670 4696; x_wconf 88' lang='lat' dir='ltr'><strong>et</strong></span> <span class='ocrx_word' id='word_1_579' title='bbox 3724 4636 3930 4715; x_wconf 85' lang='lat' dir='ltr'><strong>justas</strong></span> 
     </span>
     <span class='ocr_line' id='line_1_89' title="bbox 2435 4730 4217 4815; baseline 0.002 -23"><span class='ocrx_word' id='word_1_580' title='bbox 2435 4730 2612 4793; x_wconf 86' lang='lat' dir='ltr'><strong>luere</strong></span> <span class='ocrx_word' id='word_1_581' title='bbox 2640 4749 2860 4812; x_wconf 83' lang='lat' dir='ltr'><strong>poenas</strong></span> <span class='ocrx_word' id='word_1_582' title='bbox 2897 4749 2910 4794; x_wconf 92' lang='lat'>:</span> <span class='ocrx_word' id='word_1_583' title='bbox 2943 4731 3094 4793; x_wconf 91' lang='lat' dir='ltr'><strong>dum</strong></span> <span class='ocrx_word' id='word_1_584' title='bbox 3134 4749 3248 4812; x_wconf 90' lang='lat' dir='ltr'><strong>per</strong></span> <span class='ocrx_word' id='word_1_585' title='bbox 3277 4749 3421 4812; x_wconf 82' lang='lat' dir='ltr'><strong>quae</strong></span> <span class='ocrx_word' id='word_1_586' title='bbox 3460 4733 3770 4813; x_wconf 79' lang='lat' dir='ltr'><strong>peccavit,</strong></span> <span class='ocrx_word' id='word_1_587' title='bbox 3813 4753 3930 4815; x_wconf 91' lang='lat' dir='ltr'><strong>per</strong></span> <span class='ocrx_word' id='word_1_588' title='bbox 3961 4759 4217 4815; x_wconf 44' lang='lat' dir='ltr'><strong>sapsam.</strong></span> 
     </span>
     <span class='ocr_line' id='line_1_90' title="bbox 2435 4829 3928 4914; baseline 0.003 -24"><span class='ocrx_word' id='word_1_589' title='bbox 2435 4829 2568 4892; x_wconf 81' lang='lat' dir='ltr'><strong>haec</strong></span> <span class='ocrx_word' id='word_1_590' title='bbox 2609 4829 2896 4910; x_wconf 89' lang='lat' dir='ltr'><strong>punitur,</strong></span> <span class='ocrx_word' id='word_1_591' title='bbox 2930 4829 3468 4910; x_wconf 90' lang='lat' dir='ltr'><strong>quemadmodum</strong></span> <span class='ocrx_word' id='word_1_592' title='bbox 3515 4830 3694 4894; x_wconf 83' lang='lat' dir='ltr'><strong>dives</strong></span> <span class='ocrx_word' id='word_1_593' title='bbox 3735 4831 3928 4914; x_wconf 91' lang='lat' dir='ltr'><strong>epulo</strong></span> 
     </span>
     <span class='ocr_line' id='line_1_91' title="bbox 2433 4925 4216 5009; baseline 0.003 -22"><span class='ocrx_word' id='word_1_594' title='bbox 2433 4927 2796 5008; x_wconf 89' lang='lat' dir='ltr'><strong>specialiter</strong></span> <span class='ocrx_word' id='word_1_595' title='bbox 2823 4925 3235 5006; x_wconf 83' lang='lat' dir='ltr'><strong>affligebatur</strong></span> <span class='ocrx_word' id='word_1_596' title='bbox 3265 4927 3332 4988; x_wconf 89' lang='lat' dir='ltr'><strong>in</strong></span> <span class='ocrx_word' id='word_1_597' title='bbox 3365 4926 3606 5009; x_wconf 85' lang='lat' dir='ltr'><strong>lingua.</strong></span> <span class='ocrx_word' id='word_1_598' title='bbox 3630 4928 3801 4991; x_wconf 84' lang='lat' dir='ltr'><strong>Istud</strong></span> <span class='ocrx_word' id='word_1_599' title='bbox 3834 4930 3930 4992; x_wconf 88' lang='lat' dir='ltr'><strong>in·</strong></span> <span class='ocrx_word' id='word_1_600' title='bbox 3958 4955 4216 4998; x_wconf 57' lang='lat' dir='ltr'><strong>mamm.</strong></span> 
     </span>
     <span class='ocr_line' id='line_1_92' title="bbox 2434 5024 3926 5104; baseline 0.003 -18"><span class='ocrx_word' id='word_1_601' title='bbox 2434 5024 2851 5104; x_wconf 89' lang='lat' dir='ltr'><strong>telligendum</strong></span> <span class='ocrx_word' id='word_1_602' title='bbox 2901 5032 2997 5087; x_wconf 89' lang='lat' dir='ltr'><strong>est</strong></span> <span class='ocrx_word' id='word_1_603' title='bbox 3040 5024 3118 5086; x_wconf 93' lang='lat' dir='ltr'><strong>de</strong></span> <span class='ocrx_word' id='word_1_604' title='bbox 3163 5024 3420 5087; x_wconf 88' lang='lat' dir='ltr'><strong>homine</strong></span> <span class='ocrx_word' id='word_1_605' title='bbox 3467 5025 3701 5091; x_wconf 84' lang='lat' dir='ltr'><strong>vitioso</strong></span> <span class='ocrx_word' id='word_1_606' title='bbox 3753 5047 3770 5090; x_wconf 75' lang='grc' dir='ltr'>ε</span> <span class='ocrx_word' id='word_1_607' title='bbox 3821 5028 3926 5091; x_wconf 89' lang='lat' dir='ltr'><strong>cui</strong></span> 
     </span>
     <span class='ocr_line' id='line_1_93' title="bbox 2431 5122 3928 5202; baseline 0.003 -18"><span class='ocrx_word' id='word_1_608' title='bbox 2431 5122 2806 5184; x_wconf 89' lang='lat' dir='ltr'><strong>delectabile</strong></span> <span class='ocrx_word' id='word_1_609' title='bbox 2840 5130 2935 5184; x_wconf 86' lang='lat' dir='ltr'><strong>est</strong></span> <span class='ocrx_word' id='word_1_610' title='bbox 2973 5122 3223 5202; x_wconf 87' lang='lat' dir='ltr'><strong>operari</strong></span> <span class='ocrx_word' id='word_1_611' title='bbox 3267 5124 3620 5185; x_wconf 90' lang='lat' dir='ltr'><strong>secundum</strong></span> <span class='ocrx_word' id='word_1_612' title='bbox 3666 5124 3928 5188; x_wconf 87' lang='lat' dir='ltr'><strong>inclina-</strong></span> 
     </span>
     <span class='ocr_line' id='line_1_94' title="bbox 2431 5219 4214 5303; baseline 0.003 -21"><span class='ocrx_word' id='word_1_613' title='bbox 2431 5221 2668 5283; x_wconf 89' lang='lat' dir='ltr'><strong>tionem</strong></span> <span class='ocrx_word' id='word_1_614' title='bbox 2701 5220 2914 5282; x_wconf 88' lang='lat' dir='ltr'><strong>vitiosi</strong></span> <span class='ocrx_word' id='word_1_615' title='bbox 2945 5219 3201 5281; x_wconf 88' lang='lat' dir='ltr'><strong>habitus</strong></span> <span class='ocrx_word' id='word_1_616' title='bbox 3231 5220 3370 5300; x_wconf 90' lang='lat' dir='ltr'><strong>sui;</strong></span> <span class='ocrx_word' id='word_1_617' title='bbox 3402 5221 3469 5282; x_wconf 90' lang='lat' dir='ltr'><strong>in</strong></span> <span class='ocrx_word' id='word_1_618' title='bbox 3501 5240 3630 5303; x_wconf 91' lang='lat' dir='ltr'><strong>quo</strong></span> <span class='ocrx_word' id='word_1_619' title='bbox 3669 5241 3799 5285; x_wconf 89' lang='lat' dir='ltr'><strong>non</strong></span> <span class='ocrx_word' id='word_1_620' title='bbox 3827 5234 3926 5286; x_wconf 85' lang='lat' dir='ltr'><strong>est</strong></span> <span class='ocrx_word' id='word_1_621' title='bbox 3977 5250 4059 5293; x_wconf 64' lang='lat' dir='ltr'><strong>ps.</strong></span> <span class='ocrx_word' id='word_1_622' title='bbox 4079 5249 4214 5297; x_wconf 52' lang='lat' dir='ltr'><strong>nna.</strong></span> 
     </span>
     <span class='ocr_line' id='line_1_95' title="bbox 2433 5317 3924 5404; baseline 0.003 -24"><span class='ocrx_word' id='word_1_623' title='bbox 2433 5317 2622 5382; x_wconf 87' lang='lat' dir='ltr'><strong>timor</strong></span> <span class='ocrx_word' id='word_1_624' title='bbox 2653 5317 2782 5396; x_wconf 89' lang='lat' dir='ltr'><strong>Dei,</strong></span> <span class='ocrx_word' id='word_1_625' title='bbox 2816 5325 2878 5381; x_wconf 92' lang='lat' dir='ltr'><strong>et</strong></span> <span class='ocrx_word' id='word_1_626' title='bbox 2898 5317 3306 5382; x_wconf 80' lang='lat' dir='ltr'><strong>conscientiae</strong></span> <span class='ocrx_word' id='word_1_627' title='bbox 3335 5336 3656 5382; x_wconf 88' lang='lat' dir='ltr'><strong>remorsus</strong></span> <span class='ocrx_word' id='word_1_628' title='bbox 3687 5340 3924 5404; x_wconf 85' lang='lat' dir='ltr'><strong>parvus</strong></span> 
     </span>
    </p>
   </div>
  </div>
 </body>
</html>
