4284 6267
949 522 1302 570 trimano
1344 523 1408 569 m
1449 523 1587 571 GAP.
1634 522 1702 569 m
1743 521 1982 570 cmm
2023 522 2427 571 cmconnu.
2473 544 2555 555 -
2594 524 2737 571 ΛΒΤ.
2782 523 2846 570 xl

3322 504 3433 569 361

348 702 444 755 est
486 694 556 755 in
604 694 848 757 animas
900 694 1489 775 congregationum,
1538 712 1653 777 pro
1702 694 1844 775 qui·
1870 694 1922 755 A
1953 692 2241 775 profectu
2274 694 2820 778 contemplationis
2851 693 3071 756 nullus
3094 692 3263 758 valet
3290 691 3444 755 satis

349 791 470 854 bus
519 811 653 869 oro,
699 801 1012 875 quatenus
1059 793 1196 875 ipse
1234 812 1338 855 eas
1380 792 1736 855 inhabitare
1784 800 1846 855 et

352 892 704 957 reformare
745 894 1040 973 dignetur
1075 912 1088 955 :
1125 913 1269 975 quae
1301 892 1842 973 congregationeS,

355 999 504 1053 sunt
541 991 833 1072 quaedam
873 990 1289 1072 particulares
1319 990 1546 1053 domus
1579 1010 1651 1053 ac
1692 988 1846 1053 filiae

357 1090 552 1152 totius
596 1090 964 1173 Synagogae,
1003 1090 1190 1171 cujus
1232 1098 1296 1152 et
1339 1108 1456 1170 ego
1501 1088 1642 1152 filia
1679 1108 1842 1151 sum.

439 1192 594 1258 Quoe
635 1199 725 1250 est
764 1190 914 1256 ista,
967 1209 1109 1268 quoe
1151 1190 1438 1249 ascendit
1478 1207 1598 1265 per
1643 1190 1849 1247 deser-

359 1296 524 1356 tum,
569 1289 738 1347 sicut
786 1288 1052 1363 virgula
1100 1287 1280 1364 fumi
1323 1307 1405 1345 em
1451 1286 1848 1345 aromatibus

355 1386 640 1461 myrrkae
659 1395 718 1445 et
751 1386 962 1445 thuris
983 1394 1042 1445 et
1070 1386 1366 1445 universi
1395 1386 1682 1463 pulveris
1703 1385 1847 1460 piy-

351 1485 664 1543 mencarii
692 1488 723 1543 ?
767 1483 852 1545 De
901 1502 1169 1545 ascensu
1221 1482 1575 1563 quotidiani
1636 1481 1846 1563 profe-

349 1589 488 1643 ctus
524 1581 592 1642 in
633 1582 808 1644 omni
841 1582 1102 1658 virtute,
1138 1582 1472 1644 sanctitate
1507 1600 1581 1644 ac
1609 1579 1843 1643 deifor-

349 1679 437 1740 mi
477 1678 876 1761 perfectione
915 1678 1492 1743 honorabilissimae
1534 1678 1836 1758 Virginis,

346 1795 569 1840 omnes
627 1778 802 1841 cives
864 1777 1320 1861 triumphantis
1376 1796 1450 1839 ac
1504 1775 1840 1838 militantis

1953 792 2174 855 mirari
2217 810 2231 855 :
2272 813 2465 875 quam
2513 791 3013 875 profundissime
3062 791 3445 873 contempla-

1953 889 2140 953 batur
2179 891 2583 955 altitudinem
2628 888 3197 975 imperscrutabilis
3240 889 3447 953 consi-

1955 990 2026 1052 lii
2060 991 2641 1072 superbeatissimae
2671 988 3018 1065 TrinitatiS‚
3040 1007 3229 1071 super
3256 989 3445 1051 modo

1956 1088 2331 1151 salvationis
2376 1088 2629 1170 generis
2679 1088 2942 1150 humani
2997 1107 3110 1170 per
3159 1087 3447 1149 incarna-

1959 1186 2192 1250 tionem
2245 1206 2319 1250 ac
2369 1195 2578 1250 cetera
2630 1186 2929 1269 mysteria
2979 1184 3172 1248 Verbi
3222 1185 3444 1249 aeterni

1956 1306 2030 1349 ex
2070 1306 2144 1349 ea
2184 1286 2492 1351 veraciter
2540 1285 2883 1349 humanati.
2904 1284 3443 1359 Quemadmodum

1953 1385 2127 1447 enim
2190 1384 2667 1448 amabilissimae
2725 1383 2970 1465 Virgini
3030 1382 3444 1465 singulariter

1953 1483 2172 1545 datum
2204 1492 2319 1559 est,
2357 1491 2429 1545 ut
2462 1482 2754 1545 bumanae
2786 1482 3007 1545 salutis
3036 1480 3337 1563 mysteria
3366 1499 3442 1543 ex

1951 1601 2024 1645 ea
2055 1591 2118 1645 et
2150 1600 2264 1664 per
2296 1600 2435 1644 eam
2476 1579 2931 1659 efficerentur3
2966 1581 3059 1643 sic
3086 1578 3443 1643 eminenter

1951 1681 2167 1743 datum
2220 1690 2314 1743 est
2364 1682 2446 1757 ei,
2500 1689 2570 1743 ut
2613 1680 2695 1743 ab
2743 1700 2817 1742 ea
2866 1678 3249 1761 profundius
3296 1697 3444 1741 con-

1951 1778 2432 1860 templarentur.
2450 1779 2793 1853 Postremo,
2817 1786 3125 1859 quantum
3154 1775 3442 1858 quotidie

347 1874 648 1938 Ecclesiae
683 1876 803 1939 rite
831 1877 1126 1939 eumdem
1170 1874 1532 1958 profectum
1573 1892 1842 1955 pensan·
1877 1881 1923 1942 B
1950 1876 2223 1940 creverit
2282 1878 2349 1939 in
2410 1877 2771 1965 dilectione·
2808 1874 3241 1939 sincerissima
3295 1874 3439 1937 Filii

351 1982 464 2049 teS,
507 1991 638 2036 non
689 1974 1010 2038 imme-rito
1058 1973 1456 2036 mirabantur
1503 1972 1842 2037 vehemen-

353 2072 621 2135 tissime.
643 2072 1179 2136 Inaestimabiliter
1207 2072 1381 2135 enim
1413 2071 1684 2153 profecit
1715 2071 1843 2133 sin-

350 2170 518 2249 gulis
579 2169 778 2247 horiS,
841 2189 1040 2252 quum
1103 2169 1366 2233 haberet
1428 2168 1840 2251 purissimum

351 2288 584 2352 eorpus
619 2269 850 2331 animae
890 2288 1019 2331 suae
1062 2269 1326 2332 omnino
1369 2267 1844 2351 promptissime

350 2368 679 2432 subditum
709 2376 905 2449 atque
934 2368 1407 2449 obtemperans,
1425 2365 1844 2447 fomitemque

349 2486 612 2550 prorsus
643 2466 1052 2541 exstinctum,
1089 2484 1162 2528 ac
1206 2464 1604 2544 diligentiam
1645 2464 1840 2525 animi

343 2584 666 2628 summam
718 2584 792 2629 ac
839 2564 1253 2639 indefessam,
1304 2564 1629 2627 caritatem
1687 2581 1844 2644 quo-

343 2682 468 2746 que
529 2663 1113 2740 aestuantissimam‚
1179 2670 1351 2725 stans
1411 2660 1844 2723 indesinenter

343 2763 464 2825 sub
501 2770 800 2825 contactu
845 2760 1007 2824 Solis
1041 2760 1328 2842 justitiae,
1354 2760 1468 2841 qui
1503 2759 1713 2822 radios
1753 2778 1845 2819 sa-

345 2859 629 2943 pientiae,
666 2859 940 2922 flumina
987 2858 1228 2941 gratiae,
1263 2858 1545 2921 caritatis
1587 2859 1843 2921 ardores

343 2957 604 3021 assidue
635 2976 708 3021 ac
727 2956 1278 3021 abundantissime
1310 2954 1566 3018 influxit
1592 2956 1656 3018 in
1685 2974 1840 3018 eam.

346 3056 468 3120 Sed
511 3065 576 3119 et
609 3054 1214 3138 superdulcissimus
1260 3054 1532 3137 Spiritus
1577 3054 1844 3117 Sanctus
1873 3057 1922 3137 *C

345 3156 604 3219 Matrem
655 3154 794 3236 ejus
835 3172 874 3215 a
908 3172 1036 3236 quo
1076 3154 1215 3236 ipse
1248 3172 1397 3217 vere
1435 3153 1845 3217 {eternaliter-

343 3274 470 3336 que
531 3252 842 3335 procedit,
893 3252 1199 3316 continuo
1252 3252 1565 3330 incitavit,
1618 3254 1839 3330 movit,

341 3352 640 3416 accendit
668 3353 746 3415 ad
797 3352 1192 3414 incrementa
1224 3350 1650 3433 profectuum.
1683 3351 1843 3426 Quid

341 3470 497 3515 vero
527 3450 710 3513 Pater
739 3459 1014 3514 aeternus
1045 3449 1504 3533 comparentali
1543 3470 1674 3513 suae
1715 3468 1841 3513 non

341 3551 718 3631 largiretur?
744 3549 880 3613 Non
911 3548 1178 3612 dubium
1211 3548 1368 3630 quin
1399 3549 1839 3627 secretissime,

343 3647 892 3731 frequentissime,
948 3648 1517 3710 exuberantissime
1573 3648 1842 3710 inunda-

341 3748 436 3811 vit
489 3766 653 3810 eam.
702 3747 846 3829 Ipsa
897 3765 1155 3828 quoque
1207 3746 1448 3829 optime
1500 3745 1701 3808 fertur
1747 3766 1844 3809 as-

341 3844 637 3910 cendisse
689 3854 760 3908 ut
811 3844 1058 3926 virgula
1107 3845 1291 3919 fumi,
1343 3844 1646 3925 quoniam
1701 3844 1840 3926 ejus

344 3943 661 4028 profectui
695 3962 824 4007 non
851 3942 975 4005 fuit
1004 3944 1286 4006 admixta
1315 3942 1530 4025 aliqua
1561 3944 1839 4007 curvitas

343 4043 572 4127 eulpae,
605 4061 722 4106 nec
753 4042 1144 4124 negligentia
1172 4043 1338 4121 ulla;
1383 4042 1491 4105 sed
1523 4042 1842 4105 linealiter

343 4161 606 4225 prorsus
647 4141 1004 4205 rectissime
1044 4141 1566 4224 progrediebatur
1611 4141 1676 4204 in
1715 4160 1843 4205 om·

1953 1974 2072 2051 sui,
2102 1974 2231 2038 imo
2272 1976 2469 2039 totius
2507 1974 3061 2059 superessentialis
3102 1973 3445 2036 incircum-

1951 2074 2327 2156 scriptibilis
2360 2073 2705 2150 TrinitatiS,
2740 2073 2885 2155 quis
2914 2080 3125 2156 posset
3156 2071 3445 2153 concipe-

1954 2176 2070 2235 re?
2119 2174 2273 2254 quia
2317 2191 2518 2254 quum
2570 2172 2762 2236 fuerit
2808 2172 2887 2235 ab
2937 2172 3110 2235 omni
3165 2169 3443 2235 sensuali

1953 2269 2301 2335 affectione
2339 2280 2401 2334 et
2446 2272 2807 2335 inordinato
2850 2289 3065 2334 amore
3103 2268 3447 2332 mundissi-

1955 2389 2056 2433 me
2089 2369 2319 2445 aliena,
2356 2378 2547 2451 atque
2596 2371 2663 2432 in
2712 2369 2931 2433 habitu
2978 2368 3259 2431 caritatis
3309 2386 3446 2450 per-

1955 2467 2326 2545 fectissima,
2362 2468 2636 2531 maxime
2674 2467 2796 2530 fuit
2836 2466 3141 2549 disposita
3181 2467 3262 2529 ad
3292 2466 3447 2529 emi-

1953 2566 2333 2629 nentissima
2380 2566 2663 2629 caritatis
2710 2574 3054 2647 augmenta
3104 2582 3120 2627 ε
3169 2564 3321 2647 quia
3368 2584 3445 2627 ex

1953 2664 2177 2727 habitu
2226 2664 2509 2727 caritatis
2566 2663 2876 2747 processit
2934 2662 2999 2724 in
3051 2661 3446 2727 ferventissi-

1954 2782 2090 2826 mos
2121 2771 2299 2826 actus
2329 2762 2531 2826 divini
2564 2762 2836 2840 amoris3
2877 2769 2940 2823 et
2976 2780 3105 2842 quo
3134 2770 3313 2823 actus
3346 2760 3443 2823 illi

1953 2869 2132 2923 erant
2174 2860 2615 2935 ferventioreS,
2650 2877 2724 2923 eo
2765 2860 2973 2941 majus
3018 2858 3446 2922 sortiebantur

1954 2966 2188 3021 sanctae
2230 2959 2510 3021 caritatis
2550 2966 2987 3041 augmentum.

2048 3056 2419 3139 Specialiter
2466 3056 2656 3119 etiam
2720 3064 2989 3138 possunt
3036 3056 3156 3119 ista
3213 3055 3444 3138 exponi

1952 3157 2030 3219 de
2060 3174 2328 3218 ascensu
2361 3154 2645 3236 Virginis
2685 3154 3136 3219 illustrissimae
3164 3174 3238 3219 ac
3271 3173 3446 3236 rega-

1954 3254 2032 3316 lis
2078 3255 2144 3316 in
2191 3273 2305 3315 sua
2346 3253 2786 3337 assumptione
2829 3253 2897 3315 in
2937 3255 3154 3329 coeloS,
3189 3253 3443 3335 quando

1955 3352 2355 3418 velocissime
2384 3372 2457 3415 ac
2489 3352 3009 3435 splendidissime
3038 3352 3323 3416 ascendit
3353 3371 3449 3414 su-

1954 3471 2067 3535 per
2097 3452 2433 3517 universos
2462 3452 2893 3532 angelicorum
2930 3452 3270 3534 spirituum
3299 3451 3447 3515 cbo-

1954 3570 2056 3615 ros
2095 3570 2300 3632 usque
2340 3552 2420 3613 ad
2458 3550 2780 3614 dexteram
2830 3550 3072 3633 sponsi,
3095 3558 3160 3613 et
3196 3550 3443 3632 positus

1951 3650 2053 3712 vel
2095 3648 2309 3732 potius
2342 3649 2665 3713 exhibitus
2697 3658 2793 3712 est
2826 3649 3089 3713 thronus
3126 3649 3303 3711 Matri
3332 3649 3443 3712 Re·

1951 3747 2050 3828 gis
2095 3747 2563 3810 universorum.

2031 3848 2138 3907 En
2184 3850 2489 3907 lectulum
2530 3847 2900 3909 Salomonis
2936 3846 3274 3922 seoeayinta
3304 3846 3440 3923 for-

1955 3954 2042 4005 tes
2089 3946 2388 4007 ambiunt
2436 3966 2517 4005 em
2560 3945 2937 4023 fortissimis
2984 3947 3214 4005 Israel.
3267 3942 3437 4005 Nulli

1951 4062 2128 4125 purae
2184 4052 2489 4107 creaturae
2549 4050 2678 4105 tam
2742 4041 3098 4105 eminenter
3158 4060 3233 4103 ac
3291 4060 3440 4105 vere

1950 4142 2257 4224 competit
2302 4160 2440 4205 esse
2491 4140 2818 4217 lectulum,
2871 4139 2933 4201 id
2983 4149 3079 4203 est
3126 4140 3439 4203 humilem

344 4241 412 4304 ni
453 4242 648 4315 bono,
687 4239 920 4303 similis
950 4240 1170 4322 vapori
1215 4240 1491 4303 resoluto
1521 4260 1598 4303 ex
1629 4242 1842 4304 incen-
1868 4245 1919 4307 D
1951 4242 2187 4305 lectum
2234 4240 2589 4304 Salomonis
2634 4258 2747 4302 seu
2788 4239 3043 4317 Christi,
3082 4246 3151 4301 ut
3191 4238 3441 4320 glorifi-

341 4340 521 4403 sione
573 4338 1006 4422 thymiamatis
1055 4339 1305 4420 optimi,
1360 4358 1437 4402 ex
1484 4340 1660 4402 omni
1702 4358 1840 4402 aro-

339 4439 576 4502 matica
606 4436 820 4520 specie
855 4436 1132 4500 confecti
1177 4454 1191 4497 :
1228 4438 1380 4518 quia
1419 4438 1483 4499 in
1517 4436 1839 4519 profundo

340 4545 642 4620 praetacto
672 4534 958 4615 Virginis
986 4534 1842 4613 excellentissimae,concur-

341 4634 569 4697 rebant
600 4633 1022 4716 plurimarum
1050 4642 1228 4696 actus
1257 4642 1322 4695 et
1353 4634 1841 4698 ordinatissimae

339 4732 960 4814 contemperationes
990 4732 1316 4808 virtutum,
1341 4733 1720 4795 suavissime
1751 4752 1842 4797 re-

341 4831 632 4895 dolentes
663 4830 832 4913 apud
863 4829 1600 4894 Altissimum.Ascendit
1627 4840 1837 4895 autem

344 4948 458 5012 per
517 4928 864 5004 desertum,
917 4946 1032 5010 per
1080 4926 1306 4991 vallem
1367 4928 1530 4991 hanc
1577 4927 1838 4991 calami-

345 5036 547 5090 tatum
593 5046 667 5090 ac
714 5026 1010 5103 fletuum,
1045 5046 1159 5109 per
1202 5033 1434 5089 terram
1478 5027 1842 5108 peregrina-

345 5126 540 5188 tionis
596 5124 950 5207 praesentiS,
1002 5142 1118 5206 per
1175 5123 1566 5206 Synagogam
1629 5144 1666 5187 a
1713 5126 1838 5189 Deo

345 5224 658 5287 relictam.

409 5322 686 5407 Insuper,
712 5341 1048 5387 ascensum
1079 5322 1218 5403 ejus
1251 5324 1319 5386 in
1349 5323 1744 5388 sublimitate
1775 5332 1840 5387 et

1949 4338 2351 4403 candissimae
2381 4337 2628 4417 Virgini
2669 4355 2683 4400 :
2729 4336 2795 4399 in
2834 4356 2961 4418 qua
3000 4356 3288 4400 summus
3331 4337 3441 4401 ille

1949 4437 2263 4501 Pacificus
2306 4437 2498 4517 elegit
2536 4436 2810 4519 concipi,
2846 4436 3187 4513 incarnari,
3220 4456 3295 4499 ac
3332 4437 3442 4499 ha-

1948 4537 2155 4600 bitare
2200 4536 2262 4597 in
2316 4535 2527 4599 medio
2580 4534 2742 4598 uteri
2794 4536 2969 4616 ejus;
3022 4535 3442 4617 spiritualiter

1949 4655 2207 4718 quoque
2274 4634 2733 4716 gratiosissime
2802 4634 2868 4696 in
2936 4643 3149 4697 mente
3216 4634 3437 4717 ipsius,

1949 4735 2120 4798 Hanc
2151 4735 2345 4815 igitur
2385 4734 2834 4797 electissimam
2876 4734 3161 4797 omnium
3204 4742 3441 4797 creatu-

1952 4852 2187 4910 rarum,
2214 4834 2427 4896 statim
2467 4842 2537 4895 ut
2569 4832 2635 4895 in
2666 4842 2846 4896 utero
2878 4832 3100 4895 matris
3134 4851 3261 4895 suae
3292 4852 3441 4895 con-

1949 4938 2134 5013 cepta
2189 4938 2303 5007 est,
2357 4930 2523 4993 Deus
2573 4929 2848 4993 Trinitas
2906 4930 3149 5010 angelis
3203 4928 3439 4993 sanctis

1949 5029 2430 5093 custodiendam
2473 5028 2815 5103 commisit,
2848 5046 3117 5110 eamque
3143 5027 3442 5108 frequen-

1949 5135 2045 5190 ter
2089 5126 2351 5190 vallavit
2391 5135 2455 5189 et
2495 5127 2831 5190 bonoravit
2875 5125 3215 5188 multitudo
3254 5124 3442 5189 coele-

1950 5225 2064 5288 stis
2097 5224 2362 5300 militiae,
2377 5244 2501 5289 non
2530 5234 2656 5288 tam
2686 5225 2769 5288 ob
2797 5224 3211 5303 indigentiam
3244 5242 3437 5305 quam

1946 5325 2031 5389 ob
2064 5322 2485 5387 reverentiam
2526 5324 2687 5405 ejus.
2723 5323 2843 5386 Sed
2884 5332 2947 5387 et
2982 5322 3244 5405 gloriosi
3276 5321 3437 5404 Apo-
