4284 6267
797 464 918 529 400

1390 480 1745 529 RNARRATIO
1792 480 1856 527 m
1897 478 2038 527 cAP.
2075 480 2114 523 V
2157 476 2399 524 cauum
2440 476 2845 527 effluentum.
2890 500 2970 510 —
3010 479 3153 527 ΛΒΤ.
3199 480 3327 526 xvn

800 652 946 714 dem
998 661 1125 715 tam
1177 652 1640 715 amarissimam
1687 660 1952 715 mortem
2004 648 2300 733 pensavit
2329 648 2380 710 A
2412 649 2512 710 nis
2556 668 2714 713 meae
2752 650 2818 712 in
2862 651 3124 728 mund0‚
3157 669 3329 714 nunc
3364 649 3631 730 gaudete
3656 658 3721 712 ct
3750 647 3905 711 refi-

801 768 1415 833 passurum‚moeror
1444 750 1670 831 ingens
1699 767 1846 813 mox
1876 748 2247 831 supervenit
2281 764 2296 809 :

803 850 917 931 qui
958 858 1169 912 tamen
1209 868 1285 912 ex
1325 849 1832 912 consideratione
1873 845 2300 930 copiosissimi

806 946 1054 1010 fructus
1094 947 1410 1030 passionis
1453 947 1629 1010 illius
1670 946 2102 1027 mitigabatur.
2140 944 2301 1007 Veni

806 1065 1061 1128 quoque
1111 1046 1178 1108 in
1228 1047 1478 1109 hortum
1531 1063 1771 1121 meum,
1823 1044 1890 1106 in
1935 1044 2299 1126 paradisum

807 1145 1130 1209 coelestem
1179 1144 1767 1222 deliciosissimum,
1812 1142 2304 1225 contemplando

807 1242 1038 1326 gaudia
1064 1242 1300 1307 civium
1331 1261 1770 1324 supernorum,
1795 1240 2126 1324 potissime
2156 1240 2299 1317 mei,

808 1340 953 1402 Filii
1007 1341 1120 1417 tui,
1175 1348 1320 1423 post
1365 1341 1803 1404 ascensionem
1867 1339 2040 1403 illico
2089 1339 2306 1421 praesi-

808 1439 1039 1517 dentiS,
1102 1447 1164 1501 et
1212 1439 1562 1501 secundum
1620 1447 1954 1520 utramque
2015 1446 2306 1499 naturam

807 1535 1268 1618 gloriosissime
1324 1536 1683 1599 residentis,
1736 1537 1997 1618 Insuper
2052 1536 2305 1598 hortum

810 1654 1048 1713 meum,
1092 1634 1157 1697 id
1204 1642 1300 1697 est
1342 1634 1723 1697 militantem
1772 1634 2140 1710 Ecclesiam,
2186 1632 2310 1694 fre-

811 1744 1083 1818 quenter
1142 1734 1492 1815 ingredere,
1554 1742 1788 1796 statum
1835 1734 1974 1816 ejus
2024 1732 2311 1795 conside-

2411 748 2673 810 ciamini
2730 768 2981 812 mecum
3039 750 3105 812 in
3164 749 3348 826 coe10‚
3397 756 3461 811 et
3516 748 3597 811 de
3649 747 3905 809 deitatis

2412 865 2569 909 meae
2611 846 2801 928 plena
2838 866 2911 910 ac
2955 848 3386 911 contentativa
3425 845 3727 909 fruitione
3768 846 3905 908 ine-

2414 944 2713 1007 briemini
2763 965 2909 1008 cum
2961 945 3304 1009 sobrietate
3353 944 3623 1020 interna,
3670 964 3745 1008 ac
3782 952 3905 1007 tor·
3932 962 4204 1010 Panna.

2412 1052 2593 1105 rente
2644 1043 2990 1126 voluptatis
3039 1063 3195 1107 meae
3238 1044 3544 1127 potemini
3602 1062 3747 1107 cum
3810 1062 3905 1105 se—

2412 1142 2684 1206 curitate
2744 1143 3045 1224 jucunda,
3116 1144 3651 1225 quemadmodum
3722 1141 3905 1206 vobis

2417 1241 2681 1322 promisi
2729 1258 2745 1302 :
2792 1241 2947 1323 Ego,
2998 1240 3319 1323 inquienS,
3371 1242 3641 1324 dispono
3696 1240 3901 1317 vobiS,
3972 1259 4199 1302 Lucam.

2416 1339 2583 1401 sicut
2617 1338 2933 1421 disposuit
2970 1339 3127 1402 mihi
3176 1341 3355 1421 Pater
3395 1360 3573 1403 meus
3616 1358 3901 1420 regnum,
3934 1324 4092 1373 ²⁹'³⁰·

2418 1445 2488 1499 ut
2526 1438 2729 1500 edatis
2773 1446 2836 1501 et
2883 1438 3117 1501 bibatis
3150 1457 3343 1522 super
3380 1458 3658 1503 mensam
3698 1456 3901 1501 meam

2418 1534 2485 1597 in
2516 1554 2713 1617 regno
2742 1554 2917 1617 meo;
2940 1545 3004 1599 et
3032 1557 3272 1615 rursuS,
3296 1537 3495 1599 Amen
3526 1538 3667 1601 dico
3696 1537 3899 1615 vobis,
3934 1556 4202 1605 maxum.

2420 1636 2589 1714 quod
2626 1633 2818 1698 faciet
2858 1635 3001 1699 illos
3040 1635 3464 1712 discumbere,
3500 1644 3563 1699 et
3592 1636 3904 1699 transiens

2420 1731 2810 1795 ministrabit
2852 1733 2968 1797 eis.

809 1834 1032 1910 rande,
1089 1840 1152 1896 et
1199 1851 1315 1915 pro
1363 1852 1440 1895 ea
1497 1833 1798 1913 rogando,
1841 1850 2110 1913 eamque
2172 1838 2309 1892 tan·
2344 1838 2391 1900 Β
2500 1836 2635 1910 Ερο
2676 1836 2953 1902 dormio,
2985 1844 3045 1895 ec
3080 1854 3189 1895 eor
3230 1854 3445 1895 meum
3484 1836 3739 1911 viqilac.
3780 1832 3907 1895 Hoc
4050 1840 4087 1893 2

809 1952 1002 2015 quam
1072 1931 1516 2014 potentissima
1579 1932 1886 1995 advocata
1939 1930 2177 1993 tuendo
2235 1948 2307 1991 ac

807 2031 1170 2112 adjuvando
1220 2029 1286 2091 in
1330 2029 1650 2093 omnibuS.

891 2123 1135 2184 Mes-sui
1187 2123 1525 2197 myrrham
1574 2140 1784 2181 meam
1815 2140 1964 2180 eum
2003 2120 2310 2180 aromati·

811 2223 925 2281 bus
963 2222 1175 2279 meis:
1215 2217 1280 2281 id
1315 2226 1434 2295 est,
1480 2235 1596 2300 pro
1647 2217 2181 2281 amaritudinibus
2222 2214 2310 2278 af·

811 2318 1172 2383 flictionum
1233 2325 1296 2380 et
1340 2316 1654 2399 passionis
1699 2335 1855 2380 meae
1901 2315 2307 2397 glorificatus

811 2436 952 2479 sum
984 2434 1271 2498 corpore,
1303 2424 1368 2478 ct
1395 2414 1725 2497 praemium
1760 2414 2152 2478 accidentale
2183 2433 2311 2477 sor-

814 2515 968 2578 titus
1011 2533 1175 2591 sum,
1211 2512 1783 2595 manifestatusque
1815 2514 2055 2577 mundo
2085 2522 2149 2576 et
2176 2512 2308 2576 cla-

813 2611 1128 2690 rificatuS,
1182 2612 1346 2674 sicut
1401 2611 1645 2674 Patrem
1707 2610 1923 2691 rogavi
1971 2611 2242 2674 dicendo
2290 2627 2305 2672 :

528 2735 786 2781 Joamxvn,
813 2712 1014 2788 Pater,
1057 2711 1236 2774 venit
1278 2711 1455 2785 hora,
1499 2709 1788 2773 clarifica
1829 2709 2059 2771 Filium
2103 2719 2307 2772 tuum.

523 2802 564 2842 ¹·
818 2812 1074 2872 Comedi
1118 2811 1350 2887 favum
1389 2830 1601 2871 mum
1638 2830 1786 2869 cum
1827 2812 2012 2869 melle
2047 2829 2210 2878 mec,
2248 2807 2310 2869 id

815 2918 931 2985 est,
983 2909 1062 2972 de
1119 2908 1392 2991 propriae
1457 2907 1712 2971 deitatis
1780 2915 1842 2970 et
1895 2906 2311 2969 humanitatis

814 3027 972 3072 meae
1024 3007 1564 3089 contemplatione
1619 3004 1880 3069 reficior
1929 3014 1992 3067 et
2037 3004 2309 3068 exsulto.
2350 3012 2394 3076 C
2428 3010 2704 3075 factione
2758 3012 3077 3095 perfecta*
3134 3013 3467 3077 insistendi
3529 3015 3788 3091 divinis,
3840 3036 3915 3079 ex
3966 3028 3984 3045 ·

813 3109 969 3169 Bibt'
1023 3108 1253 3167 vinum
1300 3126 1536 3174 meum,
1588 3104 1651 3168 id
1712 3114 1829 3181 est,
1879 3104 2312 3184 evangelicam

815 3224 1022 3269 meam
1079 3204 1432 3268 doctrinam
1487 3202 1906 3285 personaliter
1953 3202 2311 3297 degustavi,

816 3303 1105 3386 implevi,
1141 3302 1378 3384 digessi
1417 3320 1432 3363 ι
1465 3301 1768 3383 quoniam
1816 3301 1982 3383 coepi
2014 3300 2227 3364 facere
2255 3310 2317 3364 et

817 3404 1079 3481 docere;
1112 3422 1259 3463 cum
1292 3406 1451 3463 lacte
1481 3422 1640 3471 meo,
1663 3398 1726 3463 id
1757 3408 1854 3462 est
1883 3418 2028 3463 cum
2060 3399 2319 3482 propria

820 3499 1206 3577 innocentia,
1241 3500 1320 3563 de
1353 3518 1478 3582 qua
1507 3497 1826 3581 gloriabar
1858 3498 1925 3560 in
1959 3498 2082 3561 Deo
2113 3497 2312 3573 Patre,

534 3623 789 3671 Joanmm,
822 3598 1062 3681 iniquis
1100 3598 1370 3661 dicendo
1403 3615 1417 3660 :
1461 3596 1611 3671 Quis
1641 3616 1717 3660 ex
1746 3596 1931 3661 vobis
1963 3604 2187 3678 arguet
2216 3614 2320 3658 me

525 3688 597 3730 ⁴⁶·
819 3700 899 3761 de
954 3701 1251 3780 peccato?
1296 3697 1532 3759 Vinum
1580 3714 1836 3777 quoque
1885 3694 2141 3773 Christi,
2198 3693 2324 3757 fuit

820 3798 1112 3861 doctrina
1140 3795 1554 3859 consiliorum
1583 3794 1808 3877 ipsiuS,
1845 3803 1907 3857 et
1935 3794 2324 3857 eminentior

823 3914 938 3958 sua
977 3894 1345 3973 instructi03
1383 3892 1480 3956 lac
1520 3900 1756 3969 autem,
1790 3892 2046 3955 traditio
2091 3910 2325 3974 praece-

797 4002 1101 4079 ‘ptorum,
1147 3991 1525 4072 faciliorque
1563 3991 1852 4055 doctrina
1891 4011 2007 4053 sua
2035 3990 2318 4054 moralis.

824 4095 941 4158 Pro
971 4093 1206 4175 quibus
1237 4090 1534 4155 omnibus
1561 4091 1806 4173 accepit
1837 4091 1904 4152 in
1935 4090 2141 4173 patria
2170 4110 2327 4173 prae-

549 3326 650 3371 Act.
673 3340 701 3377 ι,
719 3327 759 3369 1.

2417 1931 2904 2014 praeclarissima
2950 1951 3183 2014 sponsa
3230 1932 3422 1995 Verbi
3477 1933 3718 2005 aeterni,
3768 1951 3911 1993 san-

2416 2030 2699 2093 ctissima
2717 2029 2923 2112 Virgo,
2945 2030 3433 2112 praeeminenter
3456 2031 3665 2094 dicere
3690 2032 3903 2112 potuit,

2416 2128 2568 2209 quia
2596 2128 3336 2210 contemplativissimam
3378 2130 3573 2193 vitam
3616 2129 3816 2203 duxit,
3847 2136 3911 2190 et

2417 2225 2498 2289 ab
2540 2226 2837 2289 exteriori
2878 2226 3177 2302 tumultu,
3212 2228 3515 2309 omnique
3547 2227 3907 2290 inordinato

2418 2324 2688 2407 strepitu
2730 2333 2792 2387 et
2822 2344 2973 2388 cura
3004 2324 3331 2407 superflua
3369 2334 3559 2407 atque
3592 2326 3911 2407 inquietu-

2419 2421 2569 2485 dine
2614 2422 2819 2505 culpae
2868 2424 3122 2505 penitus
3178 2423 3507 2486 abstinens
3564 2433 3627 2487 et
3684 2424 3907 2507 sopita,

2420 2519 2913 2600 vigilantissima
2948 2529 3163 2585 mente
3200 2522 3325 2585 Deo
3353 2524 3623 2600 vacavit,
3657 2542 3773 2606 pro
3802 2523 3913 2585 Ee-

2420 2618 2617 2682 clesia
2682 2619 2984 2694 exoravit,
3046 2620 3422 2703 actibusque
3478 2622 3785 2684 virtutum
3846 2623 3911 2684 in

2424 2718 2696 2781 termino
2723 2718 3115 2782 excellentiae
3158 2717 3640 2801 perfectissimis
3677 2720 3915 2801 jugiter

2427 2814 2548 2877 fuit
2597 2815 2862 2878 intenta.
2910 2815 3191 2897 Denique
3239 2816 3306 2878 in
3346 2833 3568 2880 somno
3599 2818 3910 2900 corporali

2423 2932 2534 2977 cor
2561 2915 2701 2995 ejus
2731 2913 3001 2996 pervigil
3033 2912 3177 2993 fuit,
3211 2923 3276 2978 et
3312 2934 3388 2979 ex
3424 2916 3679 2979 assidua
3705 2936 3917 2980 assue-

2426 3110 2869 3173 ardentissima
2899 3119 2961 3173 et
2991 3112 3513 3175 exercitatissima
3542 3113 3823 3191 caritate,
3841 3133 3917 3177 ex

2426 3208 2942 3290 splendidissima
2978 3218 3041 3272 ct
3070 3209 3640 3274 exuberantissima
3668 3213 3919 3294 sapien-

2428 3306 2515 3369 tia
2553 3306 2676 3370 sibi
2714 3305 2948 3385 infusa‚
2982 3316 3043 3371 et
3088 3309 3626 3390 contemplatione
3663 3310 3730 3372 in
3761 3312 3922 3391 vigi-

2429 3407 2555 3483 liis,
2582 3426 2745 3489 pene
2768 3415 2878 3469 aut
2906 3425 3165 3489 prorsus
3196 3408 3520 3484 continue,
3544 3408 3737 3472 etiam
3768 3419 3926 3473 tem·

2429 3523 2584 3588 pore
2612 3504 3025 3586 somni‚vigili
3052 3506 3243 3568 corde
3270 3504 3393 3567 fuit
3416 3506 3541 3571 Deo
3564 3509 3921 3590 conjuncta,

2430 3612 2493 3667 et
2523 3622 2638 3686 pro
2668 3603 3009 3667 commissa
3039 3602 3164 3666 sibi
3194 3602 3476 3667 Ecclesia
3500 3604 3767 3685 vigilare
3797 3626 3925 3672 non

2430 3710 2657 3765 cessat.

2560 3803 2693 3860 Vox
2738 3800 2963 3861 dilecti
3012 3802 3135 3860 mei
3188 3803 3547 3877 pulsantia,
3595 3809 3788 3884 atque
3833 3802 3929 3866 di-

2433 3898 2639 3962 centis
2674 3915 2689 3959 :
2726 3900 2934 3976 Aperi
2963 3899 3157 3967 milei,
3185 3918 3365 3959 soror
3393 3920 3531 3960 mea
3574 3901 3927 3979 carissima,

2433 4000 2647 4059 amica
2676 4018 2815 4057 mea
2871 3995 3250 4059 fidelissima
3287 4016 3361 4059 ac
3411 3996 3929 4077 familiarissima,

2434 4098 2723 4157 columba
2767 4116 2907 4157 mea
2955 4095 3381 4178 pudicissima,
3432 4096 3929 4180 simplicissima,

825 4192 1026 4256 mium
1073 4190 1485 4267 accidentale,
1530 4197 1591 4253 et
1635 4189 1922 4253 omnium
1975 4188 2323 4253 electorum
2360 4194 2409 4255 D
2438 4198 2859 4256 immaculata
2890 4215 3053 4264 mea,
3083 4212 3227 4275 quae
3258 4212 3373 4257 nec
3414 4195 3698 4260 minimae
3726 4198 3934 4281 culpae

827 4290 1162 4354 hominum
1213 4290 1694 4353 conversionem
1743 4290 1818 4352 ad
1871 4289 2104 4371 ipsum,
2151 4288 2328 4369 juxta

551 4417 799 4469 12.1.m‚1o.
831 4388 990 4452 illud
1034 4388 1206 4470 quod
1251 4386 1556 4469 scriptum
1596 4395 1693 4450 est
1729 4406 1742 4449 :
1789 4387 1852 4450 Si
1888 4387 2176 4470 posuerit
2213 4405 2329 4469 pro

831 4494 1089 4571 peccato
1121 4484 1398 4548 animam
1443 4504 1645 4563 suam,
1681 4484 1926 4549 videbit
1954 4504 2167 4548 semen
2194 4486 2331 4549 lon-

827 4604 1100 4667 gaevum,
1133 4593 1195 4647 et
1238 4584 1532 4648 voluntas
1571 4582 1822 4646 Domini
1863 4582 1928 4644 in
1967 4602 2161 4645 manu
2190 4584 2330 4665 ejus

830 4685 1178 4764 dirigetur;
1211 4691 1274 4746 et
1300 4682 1533 4757 denuo,
1566 4681 1683 4745 Pro
1714 4700 1788 4744 eo
1817 4682 1988 4762 quod
2020 4680 2334 4746 laboravit

835 4783 1048 4846 anima
1085 4783 1248 4864 ejuS,
1297 4780 1539 4845 videbit
1576 4788 1638 4842 et
1679 4780 2100 4860 saturabitur3
2155 4780 2333 4843 item-

837 4900 984 4962 que,
1047 4879 1329 4943 Tradidit
1375 4878 1438 4941 in
1485 4885 1752 4940 mortem
1802 4878 2076 4940 animam
2125 4900 2327 4958 suam,

841 4982 984 5043 ideo
1033 4978 1404 5061 dispertiam
1464 4976 1522 5039 ei
1573 4976 1904 5058 plurimOS‚
1956 4986 2018 5039 et
2069 4978 2331 5041 fortium

836 5079 1082 5142 dividet
1130 5075 1357 5159 spolia.
1406 5075 1583 5150 Hinc,
1623 5077 1959 5147 comedite,
2005 5079 2233 5147 amici,
2275 5088 2335 5139 et

837 5180 1067 5249 bibite,·
1102 5186 1162 5239 ei
1205 5173 1655 5243 inebriamini,
1696 5175 2024 5234 carissimi
2050 5195 2072 5234 .·
2105 5174 2172 5237 id
2212 5184 2330 5253 est,

838 5275 1052 5340 fructu
1077 5291 1150 5336 ac
1191 5270 1420 5335 merito
1450 5272 1952 5335 conversationis
1979 5292 2053 5336 ac
2082 5273 2333 5356 passio-

565 4703 688 4749 loia.
711 4706 777 4746 ¹¹.

569 4900 690 4948 laid.
713 4902 780 4945 ¹3.

2438 4312 2721 4375 unquam
2760 4292 3071 4355 maculam
3127 4292 3473 4355 incurristi.
3526 4298 3695 4364 Quia
3742 4306 3935 4374 eaput

2439 4413 2650 4452 meum
2672 4396 2945 4468 plenum
2968 4400 3057 4451 est
3084 4411 3245 4459 rore,
3268 4390 3332 4453 id
3360 4400 3456 4454 est
3483 4394 3657 4455 omni
3688 4394 3933 4459 coelesti

2438 4489 2903 4566 benedictione,
2951 4507 3024 4551 ac
3062 4488 3236 4552 omni
3272 4488 3492 4552 divino
3528 4491 3930 4555 charismate.

2438 4588 2584 4652 Ideo
2640 4588 2718 4651 de
2776 4587 3077 4651 universa
3134 4586 3533 4669 plenitudine
3579 4591 3801 4670 gratiae
3864 4610 3935 4654 ac

2438 4686 2659 4767 gloriae
2714 4704 2871 4749 meae
2932 4684 3371 4767 paratissimus
3430 4704 3572 4748 sum
3628 4688 3747 4750 tibi
3809 4708 3935 4771 prae

2439 4784 2739 4850 omnibus
2788 4783 3231 4846 liberalissime
3284 4792 3345 4847 et
3400 4782 3937 4851 affectuosissime

2440 4880 2937 4945 communicare.
2977 4880 3104 4943 Hoc
3142 4880 3329 4943 modo
3358 4900 3631 4963 sponsus
3660 4883 3936 4947 coelestis

2440 4979 2617 5043 omni
2647 4979 2802 5041 hora
2832 4977 3249 5060 spiritualiter
3273 4978 3548 5060 pulsavit
3576 4982 3654 5043 ad
3681 4982 3935 5063 januam

2442 5077 2803 5161 purissimae
2830 5077 3066 5139 mentis
3096 5095 3217 5139 suae
3246 5076 3545 5156 virginem
3576 5081 3939 5161 praecordia-

2441 5176 2703 5240 lissimae
2728 5174 3089 5250 GenitriciS,
3130 5175 3416 5238 eamdem
3456 5176 3537 5239 ad
3580 5178 3935 5243 indesinen-

2442 5284 2569 5338 tem
2631 5275 2697 5337 in
2754 5273 2931 5338 omni
2988 5274 3302 5356 sapientia
3340 5282 3403 5337 et
3446 5276 3684 5341 virtute
3734 5278 3940 5363 profe·
