4284 6267
590 1554 737 1598 Eecli.
760 1569 815 1608 xi,

554 1618 618 1659 ¹4.

554 1848 813 1903 DeuLxxxn,

549 1914 616 1957 39.

558 2350 667 2405 Sap.
682 2365 727 2403 ιι,
743 2354 809 2396 23.

544 2841 707 2893 lxxiv,
720 2844 757 2895 6,
770 2847 807 2886 7.

544 2942 681 2983 Amos
696 2956 752 2991 ιιι,
766 2944 805 2986 6.

540 3139 663 3182 Jonae
678 3142 805 3191 ιιι,ίῠ.

540 3832 556 3876 l
574 3834 686 3878 Tim.
703 3849 746 3885 ιι,
760 3840 801 3879 4.

590 3933 759 3980 Εεεσὴ.

537 4010 651 4048 xviu.
674 4002 741 4042 2³.

850 470 970 534 460

848 657 1075 736 nihilo,
1100 659 1291 723 habet
1321 670 1391 723 ut
1424 662 1625 744 possit
1652 664 1930 729 deficere
1960 675 2023 730 et
2050 683 2335 749 peccare.
2371 662 2420 723 A
2451 670 2590 725 ctus
2638 662 2753 727 Job
2802 662 3086 745 loquitur
3131 666 3258 730 Deo
3312 685 3327 731 ε
3369 664 3762 730 constituisti
3805 672 3935 729 ter·
3984 682 4068 727 ,ιω
4093 688 4214 733 ms.

846 758 1103 821 Mortem
1129 777 1281 822 vero
1313 762 1704 843 corporalem
1726 764 1898 846 (quae
1928 784 2055 829 non
2087 772 2183 827 est
2213 764 2341 826 nisi

848 856 1124 939 privatio
1167 877 1279 921 seu
1327 860 1639 922 terminus
1680 862 1847 939 vitae,
1881 871 1991 925 aut
2026 862 2340 946 separatio

847 956 1076 1019 animae
1104 975 1142 1018 a
1178 960 1471 1039 corpore)
1501 959 1661 1022 Deus
1703 979 1833 1024 non
1884 960 2035 1025 fecit
2074 962 2334 1037 directe,

846 1054 954 1116 sed
1003 1055 1218 1136 potius
1247 1058 1768 1135 concomitanter,
1812 1059 1966 1141 quia
2014 1079 2126 1143 per
2173 1059 2341 1123 acci-

846 1151 1005 1215 dens
1051 1154 1341 1235 sequitur
1388 1155 1583 1219 vitam
1643 1158 1709 1218 in
1769 1158 2019 1240 mixtis3
2072 1178 2190 1223 nec
2245 1167 2340 1221 est

844 1252 1103 1333 proprie
1150 1252 1396 1335 aliquid
1456 1254 1825 1335 positivum,
1880 1257 1989 1320 sed
2046 1258 2338 1339 quaedam

845 1350 1190 1413 destructio
1229 1359 1339 1413 aut
1366 1351 1652 1435 expulsio
1685 1353 1927 1417 formae.
1959 1355 2138 1418 Unde
2167 1374 2338 1419 mors

843 1447 1062 1529 aliquo
1112 1450 1298 1512 modo
1328 1468 1365 1511 a
1395 1450 1523 1514 Deo
1552 1460 1667 1528 est,
1702 1472 1903 1535 quum
1934 1453 2001 1515 in
2030 1453 2340 1517 Ecclesia-

846 1548 1008 1611 stico
1041 1548 1349 1629 scriptum
1381 1549 1465 1611 sit
1498 1568 1512 1612 ε
1546 1550 1706 1614 Mors
1738 1560 1800 1614 et
1830 1552 1961 1617 vita
1998 1571 2035 1615 a
2062 1552 2190 1616 Deo
2219 1563 2333 1616 est.

845 1645 1319 1725 Verumtamen,
1353 1648 1419 1710 in
1452 1657 1761 1730 quantum
1806 1669 1977 1714 mors
2014 1659 2113 1713 est
2151 1669 2339 1734 poena

845 1745 1109 1826 peccati,
1152 1746 1391 1809 directe
1440 1767 1477 1810 a
1525 1748 1646 1811 Deo
1694 1756 1811 1826 est,
1857 1749 1968 1830 qui
2016 1757 2334 1812 testatur:

843 1842 973 1923 Ego
1003 1844 1310 1922 occidam,
1346 1852 1409 1907 et
1437 1862 1553 1925 ego
1584 1845 1799 1910 vivere
1830 1846 2083 1910 faciam.
2120 1848 2339 1931 Respi-

843 1943 1071 2006 ciendo
1120 1950 1331 2006 autem
1383 1944 1460 2006 ad
1504 1944 1777 2027 primam
1828 1946 2107 2009 hominis
2157 1947 2338 2009 insti-

845 2041 1179 2118 tutionem,
1222 2061 1351 2123 qua
1398 2042 1562 2105 Deus
1612 2043 1893 2106 instituit
1938 2061 2082 2106 eum
2127 2045 2338 2109 taliter

843 2140 1293 2217 immortalem,
1328 2141 1498 2221 quod
1541 2141 1666 2203 nisi
1699 2150 2009 2223 peccaret,
2046 2161 2174 2205 non
2205 2162 2338 2207 mo-

841 2247 1107 2315 reretur,
1159 2240 1321 2301 Deus
1370 2249 1639 2303 mortem
1689 2240 1926 2304 directe
1978 2260 2105 2304 non
2158 2240 2332 2319 fecit,

840 2356 1037 2418 quum
1071 2337 1379 2419 scriptum
1409 2339 1493 2400 sit
1515 2339 1713 2402 :Deus
1741 2339 1982 2403 creavit
2009 2339 2334 2404 hominem

840 2435 1481 2499 inexterminabilem.
1515 2437 1769 2500 Mortem
1804 2456 1955 2501 vero
1984 2439 2337 2501 damnatio-

843 2535 941 2596 nis
988 2543 1239 2598 aeternae
1271 2536 1442 2616 (quai
1471 2544 1565 2598 est
1594 2536 1828 2599 malum
1864 2537 2141 2618 poenale)
2173 2538 2333 2600 Deus

842 2632 993 2696 fecit
1038 2642 1101 2695 et
1146 2632 1364 2711 infert,
1400 2634 1562 2696 sicut
1611 2643 1675 2697 et
1722 2644 1933 2698 cetera
1969 2636 2135 2698 mala
2175 2655 2334 2718 pure

840 2732 1139 2815 poenalia,
1174 2752 1373 2814 quum
1424 2752 1536 2814 per
1576 2732 1950 2816 Prophetam
1992 2733 2279 2797 affirmet
2313 2752 2327 2796 z

840 2831 969 2911 Ego
1027 2829 1332 2893 Dominus
1394 2830 1636 2894 faciens
1694 2851 1937 2914 pacem,
1992 2840 2055 2895 et
2108 2851 2331 2896 creans

840 2929 1102 2993 malum.
1154 2929 1329 2991 Unde
1374 2938 1437 2991 et
1483 2930 1646 2991 alius
1696 2930 1785 2991 ait
1832 2930 2141 3012 Propheta
2198 2948 2212 2992 τ
2267 2930 2330 2994 Si

838 3028 961 3090 erit
991 3027 1225 3090 malum
1261 3028 1324 3089 in
1368 3027 1627 3090 civitate
1662 3029 1833 3110 quod
1863 3029 2168 3092 Dominus
2201 3047 2330 3092 non
2366 3026 2409 3090 C
2441 3038 2504 3093 ta
2547 3030 2730 3105 illud,
2765 3028 2915 3103 Quis
2956 3037 3052 3092 est
3090 3031 3282 3093 homo
3321 3030 3434 3111 qui
3479 3030 3672 3108 vivet,
3705 3038 3770 3093 et
3805 3048 3928 3094 non
3967 3050 4216 3099 auum,

2437 3128 2684 3191 videbit
2731 3130 3041 3191 mortem?
3071 3129 3208 3206 Vel,
3247 3129 3382 3191 Non
3413 3136 3510 3191 est
3550 3128 3616 3190 in
3648 3127 3778 3191 illis
3808 3147 3934 3191 me·
3961 3116 4038 3157 ⁴⁹·

839 3124 1025 3190 fecit?
1048 3126 1124 3187 Et
1153 3126 1323 3207 apud
1352 3125 1572 3188 Jonam
1604 3126 1839 3189 dicitur
1872 3148 1885 3192 ε
1914 3127 2203 3190 Misertus
2235 3136 2332 3191 est

838 3224 1141 3286 Dominus
1199 3242 1391 3306 super
1458 3222 1767 3286 malitiam
1828 3244 2019 3307 quam
2080 3226 2330 3288 locutus

840 3322 1047 3385 fuerat
1089 3330 1161 3383 ut
1204 3320 1443 3384 faceret
1484 3321 1597 3399 eis,
1648 3330 1709 3385 et
1754 3341 1881 3386 non
1926 3322 2097 3386 fecit.

917 3424 1049 3483 Nec
1093 3426 1354 3483 laetatur
1392 3422 1465 3480 in
1502 3424 1869 3499 perditione
1910 3425 2234 3494 vivorum,
2266 3424 2327 3486 id

834 3528 931 3582 est
980 3519 1046 3581 in
1095 3527 1297 3583 morte
1347 3538 1457 3582 seu
1499 3521 1904 3584 damnatione
1940 3520 2324 3596 viventium,

836 3618 901 3680 in
952 3626 1262 3700 quantum
1315 3628 1466 3681 sunt
1512 3619 1820 3697 viventeS‚
1874 3639 1983 3683 seu
2034 3619 2328 3683 homines

834 3716 1058 3779 salutis
1104 3736 1389 3799 capaceS‚
1444 3726 1504 3780 ct
1553 3726 1859 3781 creaturae
1920 3719 2144 3800 ipsius,
2198 3718 2328 3781 lmo

834 3815 925 3878 sic
976 3815 1115 3879 vult
1164 3834 1385 3877 omnes
1436 3815 1729 3879 homines
1781 3816 1991 3880 salvos
2032 3815 2200 3879 fieri.
2253 3816 2329 3877 Et

834 3932 948 3995 per
984 3912 1379 3977 Ezechielem
1413 3913 1661 3977 locutus
1694 3922 1789 3977 est
1825 3932 1839 3976 ε
1873 3913 2196 3996 Numquid
2226 3933 2330 3977 vo-

833 4010 1096 4073 luntatis
1123 4029 1281 4073 meae
1308 4019 1404 4073 est
1433 4030 1601 4075 mors
1633 4012 1838 4093 impii,
1872 4021 1935 4074 et
1967 4030 2093 4074 non
2126 4012 2328 4091 magis

835 4117 903 4170 ut
952 4117 1379 4185 convertatur,
1414 4116 1477 4172 et
1506 4110 1717 4172 vivat?
1750 4110 2226 4187 Verumtamen,
2262 4110 2326 4171 in

1566 488 1919 537 malumno
1960 489 2025 537 m
2066 489 2206 537 cAP.
2250 490 2273 537 1
2314 489 2472 537 Lmlu
2513 490 2869 538 summ.
2914 510 2995 522 -
3035 490 3176 539 Am.
3223 493 3244 538 1

2451 760 2660 825 minos
2703 763 2866 843 ejuS,
2914 764 3027 845 qui
3069 764 3380 847 praeteriri
3429 782 3554 827 non
3609 772 3931 846 poterunt.

2448 858 2742 933 Quaedam
2788 880 2937 926 vero
2980 862 3279 944 produxit
3322 862 3832 946 incorruptibilia
3873 870 3936 925 et

2450 958 2858 1038 immortalia,
2891 967 2964 1023 ut
2991 961 3249 1042 angelos
3287 980 3360 1024 ac
3389 961 3635 1025 animas
3663 960 3937 1026 rationa-

2450 1056 2565 1134 165,
2598 1066 2789 1139 atque
2833 1059 3119 1121 coelestia
3147 1077 3436 1141 corpora,
3465 1078 3541 1123 ac
3569 1060 3884 1123 elementa
3915 1077 3932 1122 z

2449 1156 2540 1218 ita
2599 1157 2790 1237 quod,
2853 1158 3064 1239 quoad
3125 1176 3192 1220 56
3240 1165 3394 1234 tota,
3443 1157 3769 1241 corrumpi
3802 1176 3934 1221 non

2447 1254 2684 1317 valent.
2717 1255 2904 1317 Mixta
2942 1274 3092 1319 vero
3124 1254 3278 1319 fecit
3324 1264 3394 1318 ut
3432 1263 3666 1333 essent,
3695 1254 3938 1319 directa

2451 1351 2851 1434 intentione3
2926 1356 3034 1418 sed
3094 1353 3418 1437 corruptio
3475 1354 3938 1417 concomitatur

2447 1451 2878 1515 conditionem
2921 1471 3165 1517 eorum.
3216 1452 3293 1515 Et
3339 1472 3482 1535 quae
3526 1452 3592 1515 in
3651 1472 3720 1515 se
3777 1452 3936 1534 ipsis

2448 1551 2811 1635 perpetuari
2844 1570 2972 1615 non
3003 1559 3268 1634 queunt,
3302 1551 3508 1615 voluit
3549 1570 3664 1635 per
3690 1571 3940 1617 succes-

2447 1650 2693 1714 sionem
2752 1658 3132 1733 perpetuum
3189 1670 3330 1714 esse
3385 1650 3602 1715 sortiri
3650 1667 3665 1713 :
3711 1658 3782 1713 ut
3841 1650 3934 1715 sic

2447 1749 2664 1814 omnia
2696 1749 2913 1831 aliquo
2944 1751 3132 1814 modo
3174 1750 3468 1813 divinum
3506 1768 3646 1813 esse
3683 1750 3938 1833 partici-

2375 1850 2422 1913 B
2448 1857 2624 1930 pent,
2671 1857 2742 1910 ut
2787 1848 2977 1911 etiam
3019 1849 3203 1911 docet
3249 1848 3691 1930 Philosophus.

2530 1950 2612 2009 Ec
2655 1950 2974 2009 sanabiles
3010 1949 3165 2026 fecit
3195 1950 3491 2009 nationes
3529 1949 3697 2009 orbis
3737 1958 3936 2009 terra-

2445 2066 2597 2106 rum
2626 2067 2648 2106 .·
2679 2045 2744 2107 id
2773 2054 2889 2122 est,
2924 2063 3146 2108 omnes
3176 2045 3469 2109 homines
3499 2054 3692 2128 atque
3718 2064 3936 2128 proge-

2447 2143 2584 2205 nies
2617 2141 2772 2207 fecit
2801 2143 3024 2206 salutis
3063 2162 3349 2226 capaceS,
3381 2152 3446 2207 et
3472 2162 3586 2226 per
3624 2144 3934 2208 rationem

2448 2240 2850 2323 liberumque
2896 2241 3231 2305 arbitrium
3273 2242 3584 2325 poenitere
3618 2261 3692 2305 ac
3736 2240 3936 2307 refor-

2445 2341 2607 2403 mari
2641 2349 2947 2422 potenteS,
2967 2341 3314 2405 auxiliante
3341 2341 3547 2422 gratia
3572 2340 3712 2421 Dei3
3737 2342 3936 2404 multa

2443 2458 2701 2521 quoque
2729 2438 3041 2503 concessit
3067 2439 3381 2501 naturalia
3407 2440 3689 2502 remedia
3717 2448 3936 2503 contra

2445 2538 2722 2601 morbos,
2750 2540 2895 2599 Non
2924 2540 3101 2598 enim
3130 2548 3219 2599 est
3249 2541 3322 2599 in
3343 2540 3482 2599 illis
3513 2540 3936 2599 medicamen-

2445 2646 2582 2698 tum
2629 2638 3036 2706 exterminii,
3069 2636 3132 2698 id
3183 2644 3279 2700 est
3318 2637 3672 2700 remedium
3713 2646 3937 2700 contra

2441 2744 2734 2798 mortem.
2769 2734 2957 2809 Quasi
2987 2735 3154 2797 dicat
3190 2753 3205 2798 ε
3238 2734 3536 2799 Nationes
3567 2744 3840 2817 possunt
3867 2735 3931 2797 in

2441 2834 2560 2897 hac
2599 2833 2732 2895 vita
2775 2833 2985 2895 sanari
3027 2842 3090 2895 et
3141 2833 3501 2912 reformari,
3547 2851 3676 2897 non
3719 2841 3930 2897 autem

2441 2940 2710 2995 mortem
2743 2932 3139 3014 corporalem
3171 2932 3434 2995 omnino
3466 2932 3772 2997 evadere:
3795 2931 3934 3013 jux-

2439 3228 2872 3290 dicamentum
2905 3226 3292 3304 exterminii,
3318 3227 3379 3289 id
3414 3236 3531 3303 est,
3568 3226 3933 3290 interimen-

2441 3327 2521 3389 do
2553 3344 2620 3388 se
2653 3325 2824 3407 ipsos
2857 3343 2984 3389 non
3027 3325 3364 3389 medentur
3405 3325 3538 3388 suis
3577 3324 3928 3403 doloribus,

2440 3426 2548 3488 sed
2604 3423 2928 3504 graviores
2988 3424 3342 3501 incurrunt,
3398 3433 3468 3487 ut
3523 3424 3751 3505 patuit.
3807 3427 3938 3489 Nec

2439 3525 2805 3601 inferorum
2832 3544 3106 3601 reynum
3135 3525 3210 3584 in
3239 3533 3412 3584 terra
3432 3522 3543 3585 :id
3572 3530 3692 3599 est,
3711 3524 3938 3587 daemo-

2438 3641 2551 3684 nes
2582 3639 2710 3684 non
2749 3628 3018 3702 possunt
3047 3620 3417 3684 hominibus
3449 3620 3514 3683 in
3547 3620 3669 3685 hoc
3697 3622 3936 3683 mundo

2437 3721 2517 3783 ad
2551 3739 2735 3782 suum
2783 3719 3038 3781 libitum
3067 3719 3407 3796 dominari,
3445 3738 3652 3801 neque
3681 3736 3932 3796 nocere,

2438 3819 2564 3883 nisi
2611 3819 2903 3883 homines
2948 3827 3174 3901 sponte
3223 3819 3480 3883 illorum
3524 3819 3934 3882 tentamentis

2438 3917 2862 3993 consentiant,
2913 3924 3023 3979 aut
3068 3917 3230 3980 Deus
3273 3918 3620 4000 permittat.
3669 3917 3930 3993 RursuS,

2439 4018 2722 4097 Regnum
2762 4014 3117 4079 inferorum
3155 4033 3283 4079 non
3325 4024 3423 4080 cst
3458 4016 3522 4078 in
3563 4023 3752 4092 terra,
3785 4015 3936 4098 quia

2438 4124 2502 4178 et
2534 4114 2656 4191 his,
2690 4122 2842 4197 puta
2875 4113 3139 4195 iniquis,
3174 4113 3413 4195 quibus
3458 4113 3696 4177 diaboli
3735 4114 3938 4177 domi-

834 4214 1143 4286 quantum
1175 4206 1307 4270 vivi
1358 4216 1506 4269 sunt
1551 4207 1758 4290 impii,
1783 4208 2087 4271 obstinati
2131 4227 2204 4271 ac
2235 4227 2330 4271 re-
2359 4212 2408 4274 D
2439 4220 2694 4290 uantur,
2732 4230 2858 4275 non
2889 4212 2981 4274 ita
3022 4212 3438 4275 dominantur
3477 4212 3644 4275 sicut
3676 4212 3936 4275 damna-

831 4304 1041 4386 probi,
1093 4305 1185 4368 sic
1237 4304 1395 4368 Deus
1446 4306 1579 4369 zelo
1634 4306 1901 4387 justitiae
1959 4306 2211 4369 laetatur
2261 4306 2326 4369 in
2442 4312 2545 4387 tis,
2580 4330 2777 4392 quum
2820 4310 2926 4373 isti
2960 4310 3215 4374 valeant
3242 4311 3576 4393 poenitere,
3613 4320 3676 4373 et
3704 4312 3935 4373 daemo-

537 4420 602 4463 es
634 4422 801 4469 mum.
831 4421 1049 4465 eorum
1082 4403 1459 4484 perditione,
1481 4405 1645 4467 sicut
1674 4412 1737 4467 et
1772 4405 1981 4485 justus
2014 4404 2330 4467 laetabitur
2441 4430 2592 4472 num
2631 4429 2850 4471 manus
2879 4410 3168 4485 evadere,
3206 4408 3303 4471 illi
3337 4426 3765 4490 nequaquam.
3807 4408 3934 4471 lmo

832 4520 1027 4581 quum
1061 4500 1293 4564 viderit
1336 4502 1709 4567 vindictam.
1746 4502 2005 4583 Propter
2045 4501 2217 4583 quod
2263 4501 2328 4563 in
2442 4507 2546 4570 isti
2579 4506 2948 4589 poenitendo
2995 4516 3261 4588 possunt
3293 4506 3360 4567 in
3393 4514 3698 4569 aetcrnum
3733 4507 3934 4571 salva-

536 4616 673 4658 Pron.
690 4628 717 4667 ι,
732 4618 800 4659 26.
830 4600 1187 4662 Proverbiis
1218 4600 1306 4662 ait
1341 4618 1354 4662 :
1390 4601 1520 4682 Ego
1551 4620 1807 4683 quoque
1836 4601 1903 4663 in
1937 4601 2200 4663 interitu
2229 4619 2332 4663 ve·
2441 4604 2518 4667 ri.
2555 4605 2815 4686 Propter
2856 4604 3026 4686 quod
3071 4603 3369 4667 subditur
3404 4622 3418 4668 z

834 4705 964 4761 stro
1016 4698 1257 4775 ridebo,
1305 4707 1367 4761 et
1416 4698 1847 4775 subsannabo,
1896 4719 2094 4780 quum
2143 4698 2330 4762 vobis
2519 4703 2791 4765 Iustitia
2829 4704 3006 4762 enim
3039 4710 3358 4781 perpetua
3388 4710 3571 4762 estet
3605 4703 3932 4763 immor-ta·
4058 4709 4124 4765 15

831 4798 1001 4877 quod
1054 4797 1396 4873 timebatiS,
1450 4797 1767 4873 evenerit;
1814 4806 1877 4860 et
1934 4797 2111 4875 alibi,
2154 4798 2332 4861 Com·
2443 4803 2538 4862 lis.
2594 4801 2765 4863 Hanc
2816 4808 3028 4863 autem
3069 4798 3348 4880 acquirit
3391 4799 3582 4863 homo
3624 4800 3934 4863 veraciter
4273 4748 4275 4844 1

834 4895 1027 4977 plebo
1059 4894 1341 4959 furorem
1371 4914 1583 4958 meum
1617 4897 1686 4958 in,
1714 4896 1824 4972 eiS,
1848 4904 1912 4959 et
1938 4896 2328 4961 consolabor.
2441 4898 2834 4982 poenitendo.
2870 4898 3003 4961 Non
3046 4904 3260 4959 tamen
3305 4906 3401 4960 est
3443 4897 3537 4959 sic
3576 4896 3933 4977 intelligen-

640 5003 707 5058 Η
922 4996 1177 5055 Creavic
1203 4997 1403 5065 enim,
1432 5004 1505 5055 ut
1538 5005 1763 5062 essent,
1796 4998 2071 5057 omnia:
2104 4996 2167 5058 id
2209 5004 2325 5073 est,
2440 4999 2616 5073 dum,
2671 4997 2840 5078 quod
2890 4996 3097 5077 justus
3155 5013 3284 5059 non
3353 4995 3559 5078 possit
3616 4996 3935 5078 peccando

837 5100 1068 5154 cuncta
1116 5091 1516 5172 originaliter
1560 5092 1855 5175 produxit
1897 5112 1972 5155 ex
2004 5093 2230 5171 nihilo,
2263 5102 2333 5157 ut
2440 5095 2753 5177 justitiam
2787 5095 3073 5176 perdere,
3098 5094 3206 5157 sed
3240 5094 3409 5175 quod
3441 5093 3692 5175 justitia
3723 5113 3801 5157 ex
3829 5112 3938 5155 sua

843 5191 1350 5271 unumquodque
1396 5199 1560 5253 esset
1604 5199 1667 5253 et
1718 5201 2118 5273 permaneret
2156 5193 2333 5273 juxta
2443 5201 2667 5255 natura
2706 5200 2915 5274 potest
2959 5200 3267 5274 perpetua
3311 5210 3711 5274 permanere,
3743 5210 3932 5273 quum

841 5306 1101 5351 cursum
1134 5306 1263 5351 suae
1293 5289 1563 5371 periodi,
1599 5290 1763 5353 sicut
1792 5290 1871 5353 de
1900 5290 2160 5355 homine
2191 5311 2335 5354 san-
2441 5290 2584 5373 ejus
2617 5289 2976 5372 subject-um
3007 5289 3092 5352 sit
3122 5289 3503 5353 immortalis
3535 5288 3853 5364 volunta3‚
3877 5295 3935 5351 et

572 4811 740 4855 Ezech.
757 4825 799 4867 v,

541 4878 605 4918 ¹3.
