4284 6267
853 456 958 501 xvi
1409 432 1418 444 ’
1609 432 1616 440 ’
2004 454 2295 500 amsa-om
2336 452 2804 499 nunonem-oum

853 630 1100 694 multos
1157 631 1488 713 praecipue
1550 648 1622 695 se
1684 628 1878 693 nobis
1937 626 2179 691 obtulit
2232 626 2374 690 Tua
2428 626 2799 714 Celsitudo,
2857 623 3168 687 Pontifex
3227 622 3671 700 celeberrime,
3722 621 3949 702 Tuque

849 735 1013 801 adeo
1075 738 1144 799 in
1203 738 1438 820 primis
1484 738 1766 801 idoneus
1828 735 2021 799 nobis
2077 734 2449 812 occurristi,
2503 732 2698 813 quus
2749 732 3021 795 nomine
3078 748 3247 813 opus
3298 731 3423 793 hoc
3476 729 3949 810 Dionysiacum

850 844 1304 925 insigniretur.
1361 844 1686 919 Quamvis
1741 845 1920 908 enim
1967 841 2109 923 jam
2166 843 2327 906 olim
2377 858 2577 905 suum
2630 840 2935 904 habuerit
2997 840 3376 920 patronum,
3429 840 3497 902 at
3554 854 3727 901 nova
3778 851 3950 899 nunc

849 951 1217 1033 diligentia,
1271 970 1641 1034 magnaque
1697 951 1907 1015 animi
1963 950 2293 1013 industria
2352 949 2751 1030 castigatum
2806 948 2872 1011 et
2927 947 3378 1024 emendatum,
3434 945 3670 1009 merito
3725 944 3949 1008 debuit

850 1059 1389 1141 praecellentioris
1444 1060 1571 1122 viri
1627 1059 1948 1142 auspiciis
2004 1057 2245 1121 emitti.
2297 1057 2420 1120 Est
2468 1057 2647 1119 enim
2702 1072 2928 1119 revera
2987 1054 3069 1118 ab
3124 1052 3496 1116 innumeris
3544 1052 3949 1115 vindicatum

851 1165 1133 1244 mendiS,
1169 1184 1368 1249 opera
1408 1169 1473 1231 et
1516 1167 1864 1248 vigilantia
1899 1164 2187 1229 studiosi
2227 1164 2354 1227 viri
2390 1162 2868 1227 Bartholomaei
2906 1161 3287 1240 Laurentis,
3318 1162 3388 1223 in
3431 1160 3688 1224 aedibus
3725 1159 3949 1233 Quen·

849 1273 1116 1338 telianis
1153 1274 1613 1357 typographici
1654 1272 2073 1355 castigatoris
2112 1292 2125 1332 ε
2160 1271 2278 1352 qui
2314 1271 2413 1333 sic
2461 1270 2533 1332 in
2577 1288 2655 1334 eo
2693 1270 2777 1333 ad
2814 1270 3141 1333 amussim
3186 1268 3570 1349 corrigendo
3606 1266 3947 1344 laboravit,

850 1382 926 1445 ut
954 1380 1268 1463 quisquis
1297 1381 1469 1444 hanc
1498 1381 1860 1445 editionem
1898 1397 2050 1443 cum
2082 1379 2234 1441 aliis
2270 1378 2648 1454 contulerit,
2690 1376 3043 1440 manifesto
3082 1378 3146 1440 et
3175 1376 3389 1458 ipsius
3424 1375 3862 1456 vigilantiam,
3888 1375 3950 1437 et

851 1488 1136 1552 aliorum
1185 1489 1512 1552 incuriam
1563 1505 1638 1552 ac
1697 1487 2120 1551 oscitantiam
2172 1486 2260 1549 sit
2309 1485 2863 1568 deprehensurus
2905 1484 3163 1548 Deinde
3206 1484 3471 1565 quando
3515 1500 3683 1564 opus
3730 1484 3951 1564 ipsum

849 1596 1206 1678 Sapientiae
1238 1596 1553 1677 peculiari
1584 1596 1989 1677 praenotatur
2019 1594 2215 1657 titulo
2242 1593 2585 1674 (dicuntur
2612 1592 2790 1655 enim
2822 1592 2976 1655 libri
3004 1591 3120 1653 isti
3144 1592 3441 1673 quinque
3469 1588 3947 1672 Sapientiales),

851 1703 1054 1767 etiam
1097 1721 1174 1767 eo
1211 1703 1482 1767 nomine
1517 1703 1677 1767 Tuae
1716 1702 2144 1785 potissimum
2186 1699 2635 1781 Amplitudini
2672 1700 2851 1763 idem
2896 1700 3189 1781 oportuit
3220 1700 3702 1781 nuncupatum,
3742 1715 3947 1779 quum

850 1812 946 1876 sis
971 1811 1292 1894 Princeps
1329 1812 1472 1892 ipse
1505 1810 1718 1874 multa
1753 1809 2107 1891 prudentia
2141 1807 2460 1889 insignite
2490 1808 2787 1884 ornatuS,
2814 1823 2945 1887 qua
2971 1805 3070 1870 Tu
3100 1806 3593 1889 sapientissime
3629 1805 3952 1868 creditum

850 1918 973 1982 tibi
1024 1918 1349 1981 divinitus
1394 1916 1784 1981 Pontificale
1839 1934 2087 1980 munus
2137 1914 2591 1991 administraS,
2638 1914 3224 1977 constantissimus
3274 1914 3344 1977 in
3402 1912 3537 1976 fide
3584 1911 3945 1991 Catholica,

851 2026 1067 2090 hostis
1101 2025 1462 2090 acerrimus
1503 2025 1843 2103 vitiorum,
1878 2024 2111 2087 Pastor
2155 2022 2616 2104 pientissimus
2662 2021 2889 2085 ovium
2934 2020 3183 2084 Christi
3218 2021 3377 2085 Tuae
3416 2037 3591 2083 curae
3637 2021 3951 2084 commis-

851 2151 1102 2212 sarum,
1149 2133 1432 2214 denique
1473 2133 1572 2196 sic
1612 2131 1986 2213 omnigenis
2031 2130 2352 2212 praeditus
2395 2129 2780 2208 virtutibus,
2813 2130 2889 2192 ut
2929 2128 3277 2192 Pontificia
3319 2128 3642 2208 dignitate
3679 2128 3949 2191 omnino

853 2241 1098 2322 dignus
1133 2240 1466 2304 habearis.
1505 2238 1668 2312 Quae
1707 2239 1832 2302 etsi
1871 2255 1994 2302 nos
2030 2238 2333 2320 pluribus
2370 2236 2682 2319 prosequi
2712 2235 3001 2316 juvaret,
3034 2235 3119 2298 iis
3167 2237 3387 2299 tamen
3416 2236 3949 2316 supersedemuS,

852 2366 936 2412 ne
977 2366 1109 2412 non
1154 2350 1290 2412 tam
1326 2364 1512 2411 veras
1549 2345 1946 2430 praedicasse
1993 2345 2274 2408 virtutes
2312 2347 2487 2423 tutia,
2522 2361 2723 2426 quam
2768 2343 3170 2406 adulationis
3202 2341 3576 2407 detestabili
3611 2342 3776 2406 vitio
3808 2360 3949 2406 ser-

853 2456 1058 2519 viisse
1104 2456 1469 2518 videamur.
1513 2450 1598 2519 Ut
1635 2471 1788 2533 ergo
1821 2452 1963 2533 jam
2003 2452 2220 2516 dicere
2262 2452 2613 2534 coepimuS,
2647 2450 2807 2514 Tuae
2851 2450 3245 2514 Celsitudini
3277 2451 3404 2514 hoc
3438 2450 3746 2530 Dionysii
3782 2468 3951 2532 opus

853 2562 1100 2644 grande
1143 2565 1208 2626 et
1257 2562 1594 2625 eruditum
1632 2561 2041 2638 dedicamus,
2084 2560 2211 2622 hoc
2262 2560 2500 2623 obnixe
2544 2561 2877 2639 rogantes,
2919 2559 2995 2620 ut
3041 2576 3154 2639 pro
3200 2557 3397 2621 solita
3435 2557 3843 2637 benignitate
3889 2561 3953 2623 et

852 2670 1203 2734 clementia
1248 2670 1366 2731 tua
1408 2668 1709 2750 placidus
1756 2668 2067 2748 accipias,
2099 2666 2593 2748 sapientissime
2629 2664 2960 2742 Pontifex,
2992 2666 3171 2745 quod
3212 2682 3335 2729 nos
3371 2665 3647 2729 candide
3691 2666 3953 2729 exhibe-

855 2795 1028 2840 mus.
1057 2776 1192 2839 Alii
1217 2775 1371 2853 alia,
1395 2793 1604 2857 eaque
1634 2776 1824 2856 longe
1857 2774 2321 2855 praestantiora
2350 2773 2630 2836 fortasse
2660 2790 2934 2835 munera
2964 2773 3251 2836 offerunt
3283 2794 3295 2832 :
3329 2774 3398 2835 at
3431 2790 3553 2836 nos
3582 2790 3697 2853 pro
3726 2776 3953 2837 nostra

853 2883 1027 2946 virili
1069 2883 1368 2965 portione
1400 2882 1742 2946 offerimus
1767 2882 1950 2962 quod
1985 2881 2329 2945 habemus,
2352 2882 2489 2945 Nec
2518 2879 2958 2943 formidamus
2987 2897 3070 2942 ne
3099 2880 3419 2961 despiciat
3446 2880 3587 2943 Tua
3616 2880 3954 2945 Celsitudo

858 2991 1334 3054 munusculum
1373 2990 1521 3068 hoc,
1555 2988 1866 3070 quamvis
1922 2988 2263 3069 exiguum,
2304 2988 2362 3051 si
2415 2987 2700 3069 pretium
2748 2988 3055 3068 spectes:
3101 2988 3237 3050 imo
3277 3004 3429 3050 vero
3482 2987 3607 3050 hoc
3658 2988 3803 3069 ipso
3852 2987 3956 3051 illi

854 3098 1314 3179 gratissimum
1365 3097 1499 3161 fore
1548 3096 1970 3175 confidimuS,
2002 3096 2184 3177 quod
2216 3094 2306 3157 sit
2334 3095 2755 3173 litterarium,
2802 3112 2922 3158 nec
2958 3095 3445 3176 qualecumque
3489 3111 3670 3173 sane,
3712 3096 3829 3159 sed
3876 3113 3958 3160 ex

855 3205 1076 3269 medio
1115 3205 1492 3271 divinarum
1532 3204 2020 3285 Scripturarum
2067 3219 2336 3284 corpore
2377 3203 2768 3265 extractum.
2812 3203 2921 3266 Sic
2954 3202 3131 3265 enim
3170 3219 3563 3284 persuasum
3602 3201 3951 3282 habemuS,

849 3313 1063 3377 Tuam
1095 3312 1576 3376 Celsitudinem
1611 3312 1784 3375 inter
1821 3310 2116 3373 diversas
2152 3308 2576 3372 saecularium
2614 3326 2688 3371 ac
2724 3308 3179 3390 spiritualium
3216 3310 3635 3390 negotiorum
3672 3326 3958 3391 occupa-

849 3421 1088 3499 tioneS,
1121 3420 1293 3483 inter
1333 3419 1588 3483 medios
1625 3434 1933 3481 curarum
1972 3417 2329 3495 tumultUS,
2365 3416 2536 3479 inter
2574 3417 2675 3480 tot
2719 3416 3207 3479 occurrentium
3244 3433 3465 3480 rerum
3507 3416 3951 3496 diversitates,

843 3527 1124 3591 libenter
1151 3525 1431 3589 subinde
1462 3526 1546 3588 ad
1575 3526 1885 3605 legendas
1913 3523 2293 3587 divinorum
2330 3523 2743 3604 Scriptorum
2772 3522 3071 3605 paginaS,
3095 3524 3415 3605 tanquam
3452 3524 3535 3587 ad
3573 3524 3954 3606 gratissima

845 3634 1217 3699 animarum
1258 3648 1504 3713 pascua
1537 3647 1894 3708 recurrere,
1916 3632 2115 3712 atque
2144 3630 2300 3694 inde
2330 3648 2553 3694 veram
2585 3632 2650 3694 et
2684 3631 3043 3695 salutarem
3076 3630 3340 3694 haurire
3376 3631 3795 3713 sapientiam,
3818 3649 3954 3713 qua

844 3742 1063 3824 possis
1115 3743 1260 3804 tum
1312 3739 1618 3821 propriae,
1681 3739 1825 3801 tum
1891 3738 2179 3801 aliorum
2230 3738 2432 3801 saluti
2492 3738 2862 3801 rectissime
2913 3738 3277 3802 consulere.
3320 3738 3449 3801 Sed
3500 3756 3583 3802 ne
3648 3738 3952 3803 fortassis

844 3849 1007 3912 dum
1037 3847 1298 3929 longior
1332 3862 1508 3924 sum,
1541 3845 1744 3908 etiam
1782 3845 1982 3908 taedio
2021 3846 2177 3923 sim,
2223 3844 2331 3907 hic
2372 3846 2572 3909 finem
2612 3846 2889 3927 facienS,
2920 3845 3134 3910 Tuam
3173 3845 3649 3910 Celsitudinem
3685 3846 3949 3911 Christo

849 3956 1006 4037 Opt.
1066 3955 1241 4017 Max.
1295 3952 1682 4016 medullitus
1739 3952 1936 4034 cupio
1997 3969 2141 4015 esse
2195 3952 2731 4017 commendatam
2784 3954 2855 4016 in
2910 3971 3119 4017 annos
3162 3953 3511 4036 plurimos,
3561 3954 3638 4016 ut
3692 3970 3808 4036 per
3860 3953 3952 4017 Te

849 4063 1151 4127 Ecclesia
1185 4059 1595 4123 Trevirensis
1645 4076 1776 4122 non
1817 4059 2036 4123 solum
2075 4058 2158 4123 ab
2194 4060 2659 4124 haereticorum
2706 4061 3151 4125 monstruosis
3192 4060 3618 4141 dogmatibus
3653 4062 3953 4125 servetur

851 4168 1202 4245 immuniS,
1233 4167 1353 4232 sed
1403 4166 1606 4229 etiam
1657 4167 1727 4231 in
1765 4167 1908 4230 dies
1949 4186 1990 4231 a
2035 4167 2366 4250 corruptis
2420 4168 2739 4246 moribuS,
2786 4169 2845 4233 si
2896 4170 3012 4250 qui
3060 4169 3279 4232 adhuc
3328 4168 3589 4249 uspiam
3634 4168 3947 4247 resident,

853 4293 1124 4359 prorsus
1151 4273 1562 4355 repurgetur,
1599 4276 1663 4336 et
1693 4275 1775 4338 ad
1806 4274 2163 4355 pristinum
2187 4275 2433 4339 veteris
2470 4276 2785 4339 Ecclesiae
2825 4277 3126 4340 decorem
3164 4275 3605 4357 pulcherrime
3639 4274 3953 4341 reforme-

855 4384 986 4462 tur,
1021 4384 1097 4445 ut
1128 4379 1528 4463 ,iampridem
1571 4396 1839 4445 summo
1870 4382 2094 4445 studio
2134 4385 2413 4446 conatus
2444 4400 2537 4462 eS,
2570 4400 2690 4446 nec
2728 4384 3097 4447 etiamnum
3133 4381 3357 4446 conari
3394 4382 3669 4461 desiniS‚
3704 4382 3951 4446 Christi

852 4488 1062 4553 fretus
1091 4487 1302 4569 gratia
1332 4489 1398 4550 et
1426 4504 1572 4569 ope,
1594 4487 1711 4569 qui
1737 4488 1895 4551 Tuae
1927 4488 2324 4554 Celsitudini
2354 4491 2421 4553 et
2445 4490 2748 4554 animum
2780 4490 3074 4571 suggerit
3105 4490 3170 4552 et
3198 4490 3373 4553 vires
3404 4490 3486 4553 ad
3514 4490 3953 4570 aggredienda

851 4595 1390 4679 perficiendaque
1422 4612 1521 4673 ea,
1554 4612 1704 4676 quae
1734 4597 1872 4659 sint
1899 4596 1982 4660 ad
2020 4597 2235 4678 ipsius
2267 4597 2586 4661 honorem
2616 4600 2682 4661 et
2709 4597 2938 4680 populi
2966 4598 3068 4660 tui
3098 4598 3407 4661 salutem.
3426 4597 3612 4675 Vale,
3642 4596 3952 4661 Pontifex

852 4702 1295 4767 celeberrime.
1350 4702 1452 4765 Ex
1508 4702 1812 4767 Cartusia
1870 4703 2276 4783 Coloniensi,
2332 4705 2543 4787 pridie
2610 4706 2675 4769 S.
2743 4704 3043 4769 Matthiae
3099 4704 3407 4787 apostoli,
3462 4721 3635 4768 anno
3701 4703 3949 4768 Christi

851 4810 996 4875 nati
1039 4808 1314 4873 MDLV.

1611 4916 2021 4982 Reverentiae
2062 4918 2314 4982 Vestrae
2346 4919 2842 5001 Archiepiscop.

2191 5026 2668 5091 Deditissimus
2700 5026 3020 5104 Servitor,

2729 5134 2806 5197 F.
2838 5134 3064 5198 Bruno
3102 5134 3272 5198 Loer
3308 5151 3347 5197 a
3383 5133 3645 5212 Stratis,

2624 5240 2946 5307 Cartusiae
2988 5241 3403 5307 Coloniensis
3434 5230 3851 5309 Procurator.
