4284 6267
841 492 962 555 338
1445 508 1800 557 mannano
1841 508 1904 555 m
1947 508 2086 555 cAr.
2132 508 2177 553 n
2220 506 2462 554 camier
2502 504 2907 553 csmconmr.
2953 526 3035 537 -—
3072 508 3215 553 aar.
3250 508 3337 553 vn

541 701 810 755 Apoexmt.
839 681 906 743 in
954 680 1332 763 Apocalypsi
1380 682 1460 743 de
1508 679 1744 743 talibus
1793 678 2000 743 fertur
2050 697 2064 740 :
2117 679 2193 741 Hi
2246 697 2338 741 se-
2366 678 2416 741 A
2447 678 2537 741 nil
2576 696 2763 759 agere
2794 697 2983 761 queo.
3016 679 3299 758 Insuper,
3336 686 3650 741 revertere
3684 676 3763 738 ad
3798 694 3923 751 me,
3980 693 4203 741 aon-..m

646 789 714 844 17
833 788 1120 860 quuntur
1159 780 1406 859 Agnum
1450 796 1866 860 quocumque
1912 778 2079 839 ierit.
2125 780 2337 837 Donec

837 882 1124 955 adspiret
1161 881 1299 938 dies
1329 899 1351 937 .·
1385 878 1449 939 id
1491 886 1608 952 est,
1644 895 1847 957 usque
1893 877 1973 938 ad
2014 876 2183 937 diem
2234 876 2337 955 ju-

837 976 1013 1055 dicii,
1067 985 1130 1039 et
1174 995 1510 1059 quousque
1559 976 1696 1038 dies
1742 974 1962 1054 gloriae
2018 974 2337 1037 aeternalis

836 1076 1156 1153 adveniat,
1197 1076 1290 1139 sic
1331 1076 1616 1159 pascitur
1659 1092 1936 1157 sponsus
1985 1074 2151 1136 inter
2195 1092 2339 1135 can-

837 1174 1018 1237 didos
1077 1174 1400 1239 viatores:
1439 1192 1602 1255 quos
1653 1181 1805 1235 tunc
1870 1171 2209 1235 transferet
2259 1173 2337 1234 ad

838 1272 1282 1356 plenissimam
1321 1270 1639 1335 beatificae
1679 1269 2011 1333 fruitionis
2042 1269 2339 1333 refectio-

841 1390 986 1433 nem
1028 1390 1155 1452 qua
1199 1380 1414 1453 pascet
1456 1387 1604 1449 eos;
1645 1380 1706 1429 et
1748 1370 2157 1429 inclinentur
2198 1389 2339 1428 um-

842 1471 970 1529 broe·
998 1491 1020 1528 .·
1049 1469 1202 1551 quia
1249 1477 1401 1530 tunc
1452 1466 1728 1530 cessabit
1776 1466 2177 1548 imperfectio
2226 1483 2339 1528 no-

582 1578 810 1631 mer-xv.
845 1575 990 1631 strae
1045 1566 1452 1646 cognitioniS,
1506 1574 1569 1628 et
1618 1565 1886 1628 mortale
1947 1565 2068 1627 boc
2117 1564 2339 1627 induet

548 1646 618 1687 ⁵⁴·
843 1666 1410 1743 immortalitatem,
1458 1684 1574 1727 nec
1623 1665 1867 1726 diutius
1915 1672 2101 1727 erunt
2150 1663 2336 1726 electi

561 1778 672 1822 Luc.
695 1782 808 1829 mo.
842 1766 1130 1828 sedentes
1163 1766 1230 1827 in
1261 1764 1540 1828 tenebris
1571 1773 1634 1825 et
1665 1763 1888 1825 umbra
1919 1762 2163 1825 mortis.
2196 1761 2339 1825 Om-

2446 786 2758 858 quatenus
2801 778 2880 840 de
2919 777 3112 859 hujus
3154 777 3433 840 incolatu
3478 775 3711 849 exsilii,
3746 783 3809 836 et
3847 775 3930 835 de
3958 759 4003 799 ⁵·

2449 876 2725 939 tenebris
2765 876 3119 958 umbraque
3154 877 3377 939 mortis
3414 876 3561 938 vitae
3606 875 3811 949 istim,
3850 874 3929 935 ad

2447 975 2616 1037 diem
2659 975 3033 1037 aeternitatis
3075 984 3139 1037 et
3180 974 3559 1057 splendoriS,
3591 974 3669 1035 ad
3714 973 3933 1035 lumen

2444 1073 2663 1153 gloriae
2700 1093 2803 1136 me
2841 1073 3187 1137 transferre-
3228 1072 3549 1154 digneris3
3578 1080 3641 1135 et
3682 1072 3748 1133 in
3788 1071 3931 1147 hoc,

2446 1181 2581 1235 esto
2610 1171 2839 1234 similis
2872 1193 3116 1249 capreoe
3146 1174 3547 1251 hinnuloque
3577 1190 3933 1239 cervorum,

2448 1270 2767 1352 implendo
2794 1269 3085 1334 celeriter
3106 1270 3495 1334 desiderium
3526 1288 3753 1342 meum,
3771 1268 3939 1330 sicut

2446 1368 2750 1432 animalia
2806 1370 2925 1431 ista
2972 1370 3077 1449 (de
3122 1387 3393 1451 quorum
3440 1366 3937 1451 proprietatibus

2445 1468 2685 1529 dictum
2726 1470 2849 1548 est)
2885 1467 3271 1530 velocissimi
3309 1474 3519 1529 motus
3560 1473 3731 1539 sunt,
3772 1484 3935 1546 quo-

2446 1565 2615 1628 niam
2673 1574 2735 1629 te
2777 1566 2949 1628 clare
2989 1585 3061 1627 ac
3104 1564 3363 1628 fruitive
3408 1564 3639 1626 intueri
3686 1582 3937 1627 summe

2446 1664 2735 1727 desidero
2782 1684 2797 1728 :
2840 1665 3003 1726 sicut
3050 1664 3209 1726 dixit
3250 1662 3587 1745 Apostolus
3641 1681 3655 1725 :
3708 1660 3935 1725 Infelix
4004 1686 4205 1734 noman,

2446 1780 2563 1842 ego
2604 1762 2830 1827 homo!
2873 1764 3019 1843 quis
3060 1781 3165 1825 me
3206 1762 3506 1825 liberabit
3545 1762 3623 1824 de
3668 1778 3935 1841 corpore
3964 1751 4029 1791 ²⁴·

839 1864 942 1925 nis
996 1872 1208 1925 autem
1265 1861 1718 1943 contemplatio
1777 1860 1922 1924 vitae
1979 1860 2332 1942 praesentiS,
2372 1865 2421 1927 Β
2448 1862 2670 1924 mortis
2703 1862 2938 1943 hujus?
2974 1860 3074 1924 Sic
3107 1878 3366 1943 quoque
3401 1858 3631 1922 similis
3666 1868 3801 1923 esto
3830 1878 3937 1921 ca-

839 1970 1130 2043 respectu
1169 1960 1488 2024 beatifieae
1528 1959 1820 2035 visioniS,
1856 1956 2084 2020 umbra
2122 1966 2241 2034 est,
2273 1966 2336 2021 et

838 2058 1017 2121 velut
1055 2058 1263 2140 caligo
1305 2077 1380 2120 ac
1423 2074 1710 2121 somnus.

917 2160 1288 2228 Revercere,·
1325 2158 1566 2216 similis
1607 2164 1757 2223 estc,
1788 2157 2019 2214 dilecte
2060 2156 2179 2226 mi,
2210 2162 2333 2217 etc.

838 2254 980 2317 Haec
1022 2254 1220 2319 verba
1264 2263 1412 2317 sunt
1461 2270 1734 2335 sponsae,
1767 2259 2072 2334 tanquam
2123 2251 2338 2314 Eccle-

840 2352 938 2415 sia
978 2353 1043 2414 in
1089 2372 1362 2435 persona
1406 2350 1816 2433 praelatorum
1864 2369 1938 2412 ac
1986 2350 2336 2432 praedican-

841 2452 1000 2513 tium
1046 2452 1216 2514 dicat
1249 2468 1264 2512 ε
1297 2451 1387 2513 Tu
1433 2449 1616 2526 mibi,
1660 2468 1698 2511 o
1726 2464 1992 2530 sponse,
2037 2446 2336 2512 officium

838 2548 1307 2632 praedicationis
1339 2557 1402 2612 et
1432 2547 1844 2629 pastoralium
1872 2546 2335 2610 exsecutionem

838 2655 1094 2710 actuum
1134 2647 1510 2711 commisisti
1548 2664 1562 2707 :
1599 2646 1664 2707 in
1703 2644 1938 2726 quibus
1975 2645 2130 2727 quia
2159 2664 2339 2726 para-

840 2753 902 2807 ta
939 2765 1080 2807 sum
1119 2754 1228 2810 tuo
1266 2746 1526 2808 obedire
1569 2743 1862 2825 imperio,
1897 2761 2122 2825 precor
2154 2752 2225 2805 ut
2251 2742 2339 2804 ci-

838 2851 903 2906 to
937 2844 1218 2925 digneris
1257 2844 1491 2908 reverti
1531 2843 1610 2905 ad
1649 2861 1772 2917 me,
1807 2842 2192 2924 applicando
2234 2860 2339 2903 me

839 2941 954 3004 tibi
1001 2942 1066 3004 in
1113 2943 1432 3006 exercitiis
1475 2943 1623 3004 vitae
1669 2940 2203 3022 contemplativae,
2250 2948 2341 3001 at-

2447 1978 2613 2041 preae
2649 1979 2723 2022 ac
2763 1958 3032 2021 hinnulo
3070 1980 3263 2037 super
3304 1968 3543 2021 montes
3589 1960 3833 2030 Bethel,
3868 1956 3930 2019 id

2444 2067 2540 2121 est
2592 2057 2655 2120 in
2714 2057 3003 2139 personis
3062 2057 3395 2120 militantis
3450 2056 3745 2119 Ecclesiae
3800 2057 3933 2137 Jam

2445 2155 2795 2239 perfectis:
2838 2175 2978 2237 quoe
3018 2156 3287 2237 cupiunt
3328 2154 3617 2232 dissolvi,
3664 2162 3727 2216 et
3770 2162 3935 2235 aptae
3976 2184 4201 2239 pam-W„

2446 2264 2595 2315 sunt
2638 2262 2698 2317 te
2730 2254 3022 2336 protinus
3064 2252 3226 2332 frui3
3260 2260 3323 2315 et
3356 2260 3525 2315 recte
3562 2260 3809 2316 montes
3841 2251 3937 2313 di·
3962 2249 4027 2289 2³·

2444 2362 2697 2429 cuntur,
2731 2360 2991 2434 propter
3018 2350 3429 2414 eminentiam
3457 2350 3675 2431 gratiae
3704 2369 3777 2411 ac
3812 2349 3937 2411 vir-

2444 2460 2652 2514 tutum
2684 2470 2964 2527 suarum,
2999 2459 3063 2513 ct
3100 2457 3358 2532 propter
3395 2448 3799 2511 altitudinem
3841 2448 3937 2510 di-

2445 2548 2707 2631 gnitatis
2749 2548 2842 2611 eis
2884 2565 3231 2627 concessae3
3264 2565 3405 2628 quae
3446 2547 3638 2609 etiam
3685 2554 3934 2609 montes

2446 2646 2659 2709 Bethel
2704 2654 3031 2723 vocantur,
3075 2645 3139 2707 id
3181 2653 3278 2708 est
3317 2652 3565 2707 montes
3610 2643 3928 2718 Ecclesia,

2445 2764 2589 2827 quoe
2630 2753 2727 2807 est
2766 2746 2992 2807 domus
3040 2744 3171 2807 Dei.
3205 2742 3421 2806 Bethel
3464 2742 3783 2824 equidem,
3825 2743 3934 2805 do-

2448 2864 2589 2906 mus
2629 2843 2739 2906 Dei
2778 2844 3254 2925 interpretatur.
3285 2841 3399 2904 Vel
3434 2859 3449 2903 :
3490 2860 3529 2905 o
3565 2841 3819 2917 dilecte,
3852 2840 3935 2903 si-

2447 2942 2621 3004 milis
2678 2951 2836 3016 esto,
2890 2948 3038 3016 etc„
3093 2941 3156 3002 id
3204 2948 3321 3017 est,
3373 2949 3439 3003 tu
3496 2940 3805 3002 exsistens
3863 2958 3934 3001 ae

837 3058 964 3121 que
1005 3041 1068 3103 in
1111 3039 1344 3104 florido
1389 3040 1621 3103 lectulo
1669 3048 1884 3102 nostro
1927 3037 2193 3121 praefato
2238 3056 2339 3101 me
2373 3048 2418 3113 C
2450 3040 2743 3102 habitans
2782 3058 2974 3121 super
3014 3037 3539 3113 montesBethe-l,
3573 3038 3636 3100 id
3684 3046 3781 3101 est
3829 3056 3933 3099 su-

838 3139 1174 3218 dignanter
1211 3158 1284 3203 ac
1324 3138 1596 3201 dulciter
1632 3138 2074 3219 amplexando
2118 3137 2341 3201 Rever-

837 3238 990 3299 taris
1027 3256 1282 3320 quoque
1319 3236 1573 3300 assidue
1602 3237 1680 3299 ad
1711 3255 1833 3311 me,
1872 3254 1986 3317 per
2025 3236 2341 3316 quotidia-

839 3356 985 3399 nam
1016 3345 1142 3400 tuae
1171 3338 1388 3418 gratiae
1417 3335 1964 3409 confortationem,
1985 3354 2057 3397 ac
2091 3335 2181 3396 tui
2213 3352 2341 3415 gra·

835 3434 986 3497 tiosi
1018 3436 1287 3499 subsidii
1325 3435 1783 3497 exhibitionem
1820 3454 1834 3498 :
1873 3442 1941 3495 ut
1974 3434 2145 3514 quod
2177 3434 2336 3496 mihi

835 3532 1107 3613 jussisti,
1164 3534 1356 3614 digne
1411 3532 1816 3615 adimpleam,
1875 3551 2018 3614 quoe
2077 3532 2217 3594 sine
2278 3540 2337 3595 te

2452 3158 2563 3221 per
2619 3157 2839 3201 omnes
2895 3138 3123 3201 choros
3176 3137 3568 3217 angelorum,
3620 3137 3731 3217 qui
3789 3145 3938 3198 sunt

2449 3246 2697 3300 montes
2734 3236 2971 3312 Bethel,
3007 3237 3072 3299 id
3108 3244 3205 3299 est
3244 3234 3697 3317 triumphantis
3731 3234 3938 3297 Eccle-

2448 3338 2579 3409 siae,
2613 3354 2757 3417 quae
2786 3344 2881 3398 est
2909 3354 3179 3411 summa,
3214 3332 3666 3416 pulcherrima,
3694 3351 3771 3395 ac
3800 3352 3939 3414 per-

2450 3433 2797 3496 fectissima
2826 3434 3052 3496 domus
3086 3434 3191 3496 Dei
3221 3450 3235 3495 z
3260 3441 3352 3509 tu,
3384 3432 3670 3512 inquam,
3706 3429 3936 3492 similis

2446 3541 2581 3595 esto
2611 3550 2874 3614 capreae,
2897 3540 3039 3608 etc.,
3074 3532 3238 3593 sicut
3266 3530 3396 3612 jam
3428 3529 3783 3610 expositum
3813 3536 3931 3592 est.

1945 3960 2603 4048 ARTICULUS
2680 3961 2847 4045 VII

1121 4236 1435 4285 Exposlrto
1477 4234 1742 4284 EIUSDEM
1789 4235 2068 4283 CAPITULI
2111 4234 2389 4295 SECUNDI,
2434 4235 2512 4279 DE
2553 4233 2808 4280 emus'ro
2852 4234 2925 4279 ET
2968 4232 3201 4280 SPONSA
3242 4232 3665 4280 PAnTmULAm.

968 4518 1324 4593 OQUITUR
1353 4536 1623 4600 sponsus
1653 4517 1925 4579 coelcstis
1953 4517 2031 4579 ad
2060 4515 2337 4578 animam
2372 4515 2421 4576 D
2448 4532 2610 4591 mea,
2660 4531 2727 4575 es
2777 4531 3040 4594 campus
3088 4510 3357 4573 floridus
3406 4520 3469 4573 et
3524 4511 3812 4574 decorus,
3863 4510 3939 4573 Et

672 4627 699 4682 ί
995 4636 1346 4681 amorosam
1384 4634 1397 4677 :
1433 4618 1571 4693 Eyo
1600 4620 1719 4693 flos
1747 4618 1986 4694 campi.
2009 4614 2338 4695 Tanquam

846 4718 1017 4780 dicat
1051 4733 1065 4778 ε
1101 4717 1286 4778 Recte
1317 4714 1558 4791 dixisti,
1594 4713 1887 4776 Lectulus
1918 4720 2132 4775 noster
2166 4710 2341 4773 flori-

848 4816 988 4891 duS,
1023 4814 1326 4895 quoniam
1357 4830 1474 4892 ego
1505 4810 1640 4893 ipse
1680 4830 1820 4872 sum
1855 4809 1978 4873 flos
2007 4808 2239 4891 campi,
2276 4808 2340 4869 id

848 4923 942 4977 est
981 4912 1188 4976 omnis
1230 4910 1589 4973 intellectus
1628 4908 1820 4971 creati
1865 4908 2074 4971 devoti
2112 4926 2183 4969 ac
2220 4906 2342 4969 fer-

848 5012 1004 5089 vidi,
1037 5012 1188 5094 quia
1231 5012 1294 5072 in
1327 5011 1467 5091 ipso
1506 5017 1806 5088 tanquam
1842 5007 1906 5068 in
1947 5024 2171 5088 campo
2201 5006 2342 5087 pul-

850 5112 1004 5174 chro
1043 5128 1115 5172 ac
1155 5109 1347 5191 plano
1385 5115 1504 5183 sto,
1539 5123 1770 5181 moror,
1813 5105 2073 5186 quiesco
2111 5123 2184 5165 ac
2227 5102 2344 5165 flo-

853 5227 975 5285 reo,
997 5217 1061 5270 et
1089 5208 1299 5289 ipsum
1330 5206 1570 5269 adorno
1600 5223 1672 5266 ac
1707 5202 2042 5266 florentem
2073 5201 2337 5265 el'ficio:

853 5314 914 5370 et
963 5307 1050 5369 ita
1105 5314 1172 5368 tu
1233 5304 1393 5387 ipsa,
1442 5322 1481 5367 o
1529 5303 1741 5366 anima
1793 5301 2060 5376 fervida,
2111 5318 2345 5382 sponsa

2448 4612 2613 4673 sicut
2658 4629 2920 4692 campus
2963 4609 3234 4672 exterior
3280 4609 3570 4687 floribuS,
3616 4609 3934 4689 virgultiS,

2448 4708 2822 4786 seminibuS,
2884 4708 3325 4789 fructibusque
3378 4715 3669 4787 ornatur3
3722 4707 3813 4769 sic
3873 4716 3939 4769 tu

2450 4808 2743 4870 decorata
2787 4825 2856 4869 es
2902 4806 3105 4886 gratia
3158 4806 3629 4887 virtutibusque
3678 4804 3936 4882 infusis,

2451 4906 2657 4973 donis,
2696 4905 3031 4982 fructibuS,
3066 4904 3311 4967 meritis
3338 4923 3411 4966 ac
3440 4903 3941 4967 beatitudinibus

2454 5005 2594 5067 viae.
2628 5004 2701 5065 Et
2732 5004 2883 5084 quia
2913 5004 3159 5065 sincera
3189 5009 3253 5064 ct
3281 5001 3553 5083 simplex
3582 5020 3673 5078 eS,
3709 5010 3943 5066 tortuo-

2452 5102 2746 5165 sitatibus
2778 5100 3131 5182 injustitiae,
3166 5099 3370 5182 spinis
3408 5120 3479 5163 ac
3508 5100 3764 5162 tribulis
3800 5120 3939 5183 pas-

2452 5202 2703 5263 sionum
2748 5199 3198 5280 ‚vitiorumque
3262 5217 3506 5276 carenS,
3572 5208 3767 5280 atque
3834 5217 3942 5280 per

2450 5299 2731 5362 caritatis
2771 5297 3172 5362 latitudinem
3208 5299 3290 5360 ad
3329 5316 3551 5361 omncs
3590 5298 3784 5361 etiam
3822 5296 3941 5359 ini·-
