4284 6267
933 513 1283 561 mxnnx'no
1328 512 1390 559 m
1434 510 1572 559 (ω’.
1615 472 1681 556 ἰν
1722 508 1964 556 cmm
2005 508 2412 557 cmnconun.
2458 530 2538 539 —
2580 510 2721 557 aar.
2768 512 2873 557 x1v
3324 494 3435 558 381

351 683 642 762 tissimae,
694 693 886 766 atque
941 684 1401 761 mundissimae,
1457 682 1648 745 totius
1697 680 1853 744 cari-
1880 681 1932 742 A
1960 680 2225 743 dubium
2269 682 2427 763 quin
2470 690 2533 746 et
2578 699 2756 761 genre
2797 683 2937 764 ejus
2980 701 3319 765 corporeae,
3368 704 3447 747 ex

353 782 503 845 tatis
556 782 810 846 fervore
859 782 1154 865 perfusae,
1209 782 1516 858 formatae,
1571 780 1854 862 splendi-
1961 780 2203 861 optima
2242 782 2701 864 complexione,
2753 781 3157 845 convenienti
3209 782 3441 859 colore,

358 880 524 955 fluae,
559 891 791 944 etcum
821 881 998 944 omni
1023 881 1527 964 promptitudine
1557 880 1624 942 in
1655 880 1854 941 Deum
1963 886 2025 940 et
2083 878 2404 960 frequenti
2458 880 2928 943 deosculatione
2985 880 3286 943 adorandi
3348 880 3446 943 sui

357 980 658 1057 reduetae,
695 980 1044 1044 recollectae
1081 1000 1155 1043 ac
1203 979 1523 1043 stabilitae.
1563 979 1640 1040 Et
1683 977 1857 1040 testi·
1967 977 2128 1053 Filii,
2173 978 2347 1041 velut
2389 978 2675 1059 fragmen
2722 979 2871 1041 mali
2922 979 3163 1062 punici,
3209 987 3446 1062 tempe-

356 1079 573 1141 monia
602 1078 1070 1162 Scripturarum
1101 1078 1181 1140 ad
1211 1077 1531 1141 Christum
1575 1084 1858 1159 spectan-
1964 1084 2095 1138 rate
2143 1076 2585 1155 rubescebant,
2637 1097 2711 1139 ac
2757 1077 2973 1141 dulces
3030 1086 3231 1141 erant.
3284 1078 3446 1141 Prae-

356 1177 462 1251 tia,
484 1176 654 1239 intra
684 1196 753 1240 se
783 1176 1280 1259 prudentissima
1307 1176 1574 1238 Domina
1603 1172 1856 1237 recolle-
1963 1174 2245 1236 cedentis
2289 1194 2542 1256 quoque
2570 1176 2823 1238 articuli
2863 1176 2941 1239 de
2968 1176 3068 1238 his
3107 1176 3319 1240 verbis
3348 1196 3448 1239 ex·

69 1305 324 1353 cua-..12
357 1274 471 1354 git,
509 1274 849 1338 conferens
891 1273 958 1337 in
1001 1276 1192 1338 corde
1240 1292 1376 1352 sue,
1413 1272 1730 1356 quidquid
1773 1272 1853 1334 de
1965 1272 2219 1353 positio,
2254 1273 2313 1336 ei
2354 1282 2523 1337 recte
2559 1282 2832 1357 aptatur,
2880 1274 3292 1357 intelligendo
3338 1295 3451 1358 per

359 1373 908 1456 praedilectissimo
955 1373 1118 1437 Filio
1167 1393 1284 1437 suo
1329 1372 1579 1435 audivit
1617 1372 1699 1433 ab
1742 1390 1853 1433 an-
1962 1386 2158 1449 genas
2202 1372 2340 1453 ejus
2380 1372 2735 1449 interioreS,
2778 1373 3146 1437 memoriam
3194 1383 3450 1456 praeter-

359 1472 526 1553 gele,
559 1492 596 1533 a
632 1472 1018 1553 pastoribuS,
1052 1471 1135 1534 ab
1173 1472 1519 1549 Elisabeth,
1556 1491 1592 1533 a
1629 1469 1852 1531 Zacha-
1966 1468 2221 1544 iterum,
2274 1490 2416 1551 quae
2474 1470 2539 1532 in
2589 1489 2662 1533 ea
2719 1490 2794 1534 ex
2848 1472 3103 1534 assidua
3158 1473 3254 1535 sui
3306 1472 3447 1534 Filii

361 1570 476 1647 ria,
513 1590 552 1632 a
595 1570 890 1634 Simeone
932 1579 996 1632 et
1036 1571 1238 1647 Anna,
1276 1590 1314 1633 a
1352 1570 1608 1652 loseph,
1654 1589 1691 1631 a
1733 1568 1854 1629 Ma-
1966 1568 2281 1649 passione,
2308 1570 2487 1650 quasi
2523 1569 2871 1649 sanguineo
2906 1569 3027 1633 fuit
3057 1571 3285 1635 rubore
3315 1591 3453 1653 per-

358 1668 456 1749 gis
491 1686 505 1731 :
543 1670 631 1731 ita
657 1669 832 1751 quod
861 1670 942 1733 de
975 1677 1192 1732 monte
1223 1668 1478 1747 Galaad,
1512 1669 1593 1731 de
1626 1684 1851 1730 acervo
1967 1664 1994 1726 f
1998 1685 2138 1747 usa3
2170 1675 2361 1748 atque
2396 1668 2858 1749 providentiam
2890 1667 3273 1749 futurorum,
3306 1690 3449 1752 quae

359 1767 894 1845 testimoniorum,
929 1787 966 1831 a
992 1767 1242 1831 tumulo
1275 1767 1454 1831 testis
1487 1764 1853 1847 agnoscitur
1964 1782 2041 1825 ex
2087 1764 2593 1829 consideratione
2638 1766 2885 1829 fructus
2930 1769 3245 1850 passionis
3287 1770 3451 1849 ejus-

361 1867 746 1930 ascendisse.
1889 1862 1934 1923 B
1964 1863 2130 1940 dem,
2185 1863 2366 1944 quasi
2408 1866 2684 1927 candens
2728 1866 3006 1947 pollebat
3027 1868 3071 1941 *‚
3114 1876 3177 1931 et
3225 1887 3447 1932 conso-
3494 1889 3717 1945 munim

177 1974 212 2027 Ξ
440 1969 674 2029 Dentes
715 1967 815 2026 tui
852 1966 1020 2026 sicut
1051 1985 1272 2043 yreyes
1314 1974 1672 2035 tonsarum,
1711 1983 1854 2044 quoe
1963 1961 2221 2024 lationis
2272 1962 2726 2025 refloritionem
2773 1965 3069 2046 produxit
3117 1966 3182 2028 in
3233 1974 3447 2029 mente

361 2066 785 2124 ascenderunt
813 2064 890 2122 de
919 2066 1197 2123 lavacro,
1231 2062 1602 2143 Spirituales
1632 2063 1852 2124 dentes
1964 2059 2188 2141 ipsiuS.

361 2160 882 2242 incomparabilis
919 2160 1224 2237 Dominae,
1271 2160 1532 2223 fuerunt
1573 2158 1856 2223 subtilis·
2042 2160 2231 2220 Sicut
2280 2162 2481 2221 turris
2528 2164 2748 2222 David
2792 2166 3027 2223 collum
3078 2174 3284 2225 cuum.
3336 2162 3451 2225 Per
3589 2172 3625 2229 4

361 2260 540 2323 simae
587 2266 652 2323 et
696 2257 1082 2322 acutissimae
1130 2258 1671 2323 considerationes
1721 2257 1856 2320 ani-
1962 2256 2197 2319 collum
2223 2257 2771 2338 mentiS,intelligi
2794 2260 2953 2323 solet
2976 2261 3285 2336 voluntaS,
3308 2278 3452 2342 quae

359 2378 480 2423 mae
525 2358 690 2441 ejuS,
735 2356 971 2439 quibus
1020 2356 1190 2419 intra
1236 2377 1304 2421 se
1352 2359 1552 2435 trivit,
1599 2366 1662 2421 et
1710 2356 1855 2419 aliis
1964 2375 2077 2418 sua
2125 2355 2417 2419 libertate
2464 2356 2529 2418 in
2580 2356 2776 2420 altum
2830 2360 3210 2422 extenditur.
3264 2360 3451 2423 Porro

360 2456 508 2519 trita
539 2456 851 2539 exposuit,
886 2475 960 2519 ac
997 2455 1238 2538 optime
1274 2457 1606 2520 masticata
1644 2455 1856 2536 diges-
1964 2454 2258 2517 voluntas
2299 2454 2580 2535 Virginis
2623 2456 2973 2521 benedictae
3017 2477 3163 2521 vere
3210 2457 3334 2521 fuit
3380 2458 3453 2521 li-

359 2557 444 2619 sit
490 2556 794 2637 mysteria
855 2554 1003 2616 Filii
1051 2555 1172 2631 sui,
1225 2574 1611 2637 omnemque
1666 2552 1858 2637 grati-
1966 2554 2257 2629 berrima‚
2293 2554 2357 2616 id
2403 2563 2499 2617 est
2535 2555 3007 2637 subjectissime,
3044 2578 3116 2621 ac
3159 2558 3455 2622 obedien-

359 2674 460 2718 am
513 2654 638 2718 sibi
678 2654 761 2717 ab
808 2654 948 2737 ipso
988 2673 1378 2730 concessam,
1421 2674 1496 2717 ac
1535 2653 1857 2717 beneficia
1969 2653 2215 2715 tissima
2262 2654 2411 2731 Dee,
2454 2653 2559 2716 cui
2609 2655 2867 2730 servire,
2916 2673 3180 2736 regnare
3223 2665 3338 2733 est,
3390 2656 3450 2720 id

359 2753 472 2816 Dei
502 2754 792 2835 impensa
818 2751 1037 2834 generi
1069 2752 1349 2817 humano
1380 2772 1494 2836 per
1523 2752 1858 2816 Christum.
1967 2761 2064 2815 est
2128 2752 2327 2829 vitiis,
2398 2752 2956 2834 concupiscentiiS,
3026 2754 3448 2832 vanitatibuS,

361 2851 468 2915 11ae
512 2851 1078 2926 considerationeS,
1111 2851 1531 2915 discretiones
1577 2870 1648 2914 ac
1690 2869 1854 2913 mas·
1967 2849 2364 2913 daemonibus
2406 2850 2770 2932 praevalere,
2811 2871 2885 2915 ac
2931 2852 3266 2915 dominari.
3312 2853 3453 2917 Haec

359 2950 695 3013 ticationes
762 2948 1212 3013 illustrissimae
1277 2949 1584 3031 VirginiS,
1657 2948 1858 3011 instar
1968 2949 2261 3013 voluntas
2311 2949 2563 3029 Reginae
2608 2969 2682 3012 ac
2726 2950 3008 3014 Dominae
3045 2958 3297 3027 nostrae,
3340 2970 3455 3033 per

361 3057 692 3111 tonsarum
733 3047 952 3111 ovium
986 3067 1163 3130 purae
1205 3056 1267 3111 et
1310 3048 1682 3111 innocentes
1728 3046 1861 3110 fue-
1894 3051 1938 3114 C
1969 3047 2292 3110 caritatem
2339 3046 2457 3109 fuit
2496 3046 2827 3126 altissima,
2864 3048 2992 3112 imo
3032 3068 3282 3113 summo
3318 3050 3458 3113 uni-

360 3154 528 3222 runt,
553 3146 636 3209 ab
663 3146 839 3209 omni
869 3165 1082 3210 errore
1108 3146 1628 3228 admixtioneque
1657 3146 1861 3229 culpae
1967 3163 2295 3211 versorum
2333 3143 2651 3227 principio
2692 3145 2975 3229 perfecte
3019 3148 3219 3223 unita,
3257 3167 3331 3211 ac
3360 3148 3457 3211 di—

358 3246 620 3327 penitus
671 3245 895 3310 alienae
951 3265 966 3309 ε
1017 3253 1240 3327 utpote
1296 3246 1718 3309 ascendentes
1781 3246 1860 3309 de
1968 3243 2322 3306 rectissime
2352 3244 2429 3305 ad
2462 3244 2672 3325 ipsum
2729 3252 3010 3323 extensa,
3046 3265 3159 3328 per
3190 3245 3457 3329 profun-

359 3345 560 3407 totius
599 3343 863 3407 luminis
908 3344 1106 3421 fonte,
1139 3346 1218 3408 de
1257 3344 1532 3421 lavacro,
1568 3344 1629 3408 id
1657 3354 1755 3408 est
1784 3346 1863 3409 de
1970 3341 2297 3405 dissimam
2346 3342 2769 3405 humilitatem
2815 3352 2877 3406 et
2936 3343 3451 3409 inaestimabilem

365 3442 642 3507 flumine
673 3443 1003 3527 sapientiae
1040 3443 1322 3524 Virginis
1359 3462 1573 3519 sacrae,
1609 3444 1729 3507 hoc
1766 3451 1863 3507 est
1970 3441 2268 3522 pietatem
2299 3441 2377 3502 ad
2411 3440 2675 3505 miseros
2712 3442 3036 3521 inclinata,
3071 3445 3319 3507 cunctis
3351 3446 3459 3508 do-

321 3543 445 3625 ·de
490 3541 1063 3604 exuberantissima
1099 3541 1409 3603 habituali
1449 3542 1761 3625 sapientia
1801 3542 1860 3605 ei
1972 3538 2070 3600 nis
2109 3558 2182 3601 ac
2221 3539 2559 3601 virtutibus
2608 3541 2685 3602 ad
2725 3541 3117 3604 voluntatem
3168 3551 3460 3625 spectan-

366 3638 603 3702 infusa.
648 3638 886 3722 Nempe
939 3640 992 3701 si
1037 3658 1259 3702 verum
1309 3648 1405 3702 est
1454 3640 1625 3721 quod
1675 3657 1862 3720 gene·
1972 3637 2166 3714 tibus,
2228 3638 2471 3700 scilicet
2530 3638 2791 3702 caritate
2854 3640 2962 3702 Dei
3021 3660 3094 3703 ac
3151 3643 3451 3723 proximi,

94 3760 332 3815 aeman,
366 3738 586 3801 raliter
641 3737 928 3802 Christus
987 3738 1306 3815 disseruit,
1359 3737 1476 3812 Qui
1535 3738 1738 3801 credit
1793 3738 1860 3799 in
1973 3756 2106 3820 spe,
2147 3736 2415 3819 justitia,
2455 3736 2707 3819 pietate,
2747 3736 3125 3802 fortitudine
3175 3759 3317 3822 quae
3358 3752 3459 3806 est
3525 3766 3583 3809 12.
3604 3767 3720 3817 na.

81 3824 142 3865 ³⁸·
367 3856 493 3913 me,
545 3835 820 3898 flumina
857 3837 938 3899 de
980 3845 1202 3902 ventre
1244 3837 1384 3918 ejus
1431 3835 1638 3899 fluent
1678 3856 1862 3919 aquae
1973 3837 2235 3912 donum,
2280 3834 2765 3916 praeclarissime
2812 3854 2885 3898 ac
2928 3836 3457 3905 victoriosissime

366 3936 532 4001 vivae
585 3953 598 3996 τ
661 3943 900 4016 quanto
955 3936 1157 4015 magis
1214 3936 1294 3997 de
1351 3935 1745 3999 fidelissimae
1799 3944 1863 3999 et
1973 3935 2313 3998 decorata:
2349 3934 2412 3995 in
2448 3953 2573 4015 qua
2600 3934 2763 3996 nihil
2793 3936 3028 3998 mansit
3057 3937 3136 3999 de
3167 3941 3455 4022 proprio,

367 4054 634 4117 prorsus
699 4033 1260 4097 illuminatissimae
1325 4034 1608 4114 Virginis
1674 4035 1863 4097 corde
1974 4052 2090 4095 nec
2129 4033 2208 4095 de
2250 4032 2497 4115 privato
2534 4050 2780 4113 amore;
2814 4034 2925 4096 sed
2960 4034 3460 4115 abnegatissima

365 4132 788 4195 exuberanter
839 4132 1166 4194 fluxerunt
1215 4131 1486 4195 flumina
1543 4151 1724 4214 aquae
1771 4132 1864 4197 vi-
1977 4130 2118 4206 fuit,
2155 4140 2216 4194 et
2254 4130 2753 4211 resignatissima
2789 4132 2937 4196 Deo.

367 4231 614 4295 ventis'l
643 4230 719 4293 Et
757 4230 825 4292 in
865 4250 940 4294 ea
979 4240 1279 4312 tanquam
1323 4232 1389 4293 in
1425 4231 1862 4296 amoenissimo
1891 4238 1941 4299 D
2049 4232 2196 4291 Duo
2235 4231 2425 4289 ubera
2470 4239 2603 4296 tua,
2650 4230 2821 4291 sicut
2865 4234 2993 4292 duo
3038 4234 3313 4295 hinnuli
3358 4255 3462 4297 ca—
3601 4256 3639 4311 5

367 4330 687 4411 paradiso,
728 4328 853 4392 fuit
898 4328 1044 4392 fons
1089 4330 1408 4411 copiosuS,
1456 4330 1687 4404 clarus,
1727 4350 1864 4412 per·
1965 4349 2138 4408 preoe
2185 4329 2467 4405 yemelzi.
2530 4328 2615 4390 De
2668 4328 3147 4410 pretiosissimis
3206 4332 3463 4415 optimae

369 4427 647 4505 luciduS,
679 4426 1057 4491 diffundens
1084 4447 1162 4491 ex
1192 4446 1260 4489 se
1291 4428 1461 4491 rivos
1493 4428 1866 4509 limpidissi-
1972 4425 2254 4507 Virginis
2305 4425 2607 4489 uberibus
2665 4426 2905 4489 dictum
2962 4436 3059 4491 est
3114 4449 3329 4513 supra,
3393 4433 3460 4496 in

369 4545 620 4588 marum
651 4526 1163 4603 meditationum,
1197 4525 1869 4609 sanctissimarumque
1975 4524 2371 4607 expositione
2420 4523 2610 4606 primi
2659 4525 2947 4607 capituli.
2984 4527 3266 4592 Breviter
3312 4548 3462 4611 ergo

368 4623 815 4687 affectionum.
1979 4623 2315 4704 tangend0,
2360 4623 2486 4685 duo
2523 4622 2721 4686 ubera
2758 4624 2921 4705 ejuS,
2960 4624 3197 4706 quibus
3239 4629 3465 4705 nutrit,

177 4737 210 4792 3
452 4726 644 4785 Sicut
687 4724 992 4801 fraymen
1041 4725 1204 4785 mali
1241 4724 1499 4800 punici,
1547 4726 1644 4784 ica
1689 4744 1870 4801 yenoe
1977 4722 2169 4785 laetat
2204 4727 2267 4784 et
2302 4720 2547 4786 refovet
2584 4721 3027 4803 confugientes
3070 4725 3150 4787 ad
3190 4744 3278 4803 se,
3322 4735 3471 4789 sunt

371 4831 525 4883 tuoe.
557 4820 746 4884 Genae
778 4821 1289 4901 generosissimae
1325 4839 1399 4884 ac
1440 4819 1626 4901 regiae
1664 4821 1870 4902 Virgi-
1980 4820 2209 4884 caritas
2255 4820 2394 4902 ejus
2442 4828 2729 4883 materna
2779 4830 2845 4885 et
2902 4823 3103 4905 pietas
3166 4824 3467 4904 maxima,

371 4920 498 4995 niS,
533 4919 979 5000 intelliguntur
1012 4920 1501 4984 vernantissima
1537 4919 1866 5001 pudicitia,
1981 4938 2093 5001 per
2141 4938 2299 5000 quas
2348 4937 2548 5000 prona
2589 4927 2685 4982 est
2724 4919 3024 4983 omnibus
3070 4922 3355 4985 misereri
3400 4943 3474 4986 ac

367 5026 435 5081 et
484 5018 814 5100 virginalis
855 5018 1349 5083 formidolositas
1389 5020 1553 5100 eJuS,
1587 5028 1870 5092 sanctam
1981 5017 2342 5093 subvenire,
2386 5036 2456 5079 ac
2493 5018 2895 5080 velocissima
2934 5019 3133 5081 instar
3170 5018 3475 5084 hinnulo-

368 5115 700 5196 Virginem
742 5118 972 5181 decens
1010 5136 1024 5179 :
1057 5137 1202 5200 quae
1242 5118 1442 5179 instar
1477 5116 1872 5198 malograna-
1981 5136 2145 5193 rum,
2200 5116 2696 5180 misericorditer
2746 5118 2980 5181 intueri
3038 5138 3111 5181 ac
3161 5119 3467 5183 refovere.

373 5216 444 5289 ti,
491 5215 724 5279 rubore
769 5215 956 5296 igniti
998 5217 1236 5280 amoris
1274 5234 1346 5279 ac
1394 5215 1736 5298 splendore
1777 5236 1874 5279 sa-
1981 5216 2067 5278 De
2097 5233 2223 5296 qua
2250 5214 2342 5275 nil
2368 5215 2599 5277 durum
2627 5224 3030 5279 austerumve
3060 5216 3308 5297 legitur,
3338 5218 3468 5282 imo

367 5312 632 5396 pientiae
675 5314 1142 5397 praefulgebant
1183 5333 1258 5378 ac
1304 5314 1700 5377 redolebant.
1749 5314 1873 5378 Nec
1982 5312 2159 5377 omni
2204 5311 2473 5376 affectui
2528 5312 2975 5377 misericordiae
3020 5314 3273 5379 videtur
3330 5324 3471 5380 tota·
