4284 6267
1002 486 1355 533 artmano
1397 485 1462 532 m
1502 485 1641 533 cAP.
1688 485 1792 531 xv1
1834 484 1993 531 LIBRI
2035 484 2394 531 summm.
2441 504 2523 515 -
2563 486 2703 533 ΛΒΤ.
2751 486 2854 533 xv!

3349 468 3469 535 543

365 654 638 735 justitioe
684 656 763 718 de
810 656 1060 739 AEgypti
1119 656 1641 739 percussionibus
1699 664 1874 739 pote-
1900 655 1951 717 A
1980 664 2210 737 praeter
2255 674 2378 718 me.
2431 655 2508 719 Et
2544 656 2699 719 alibi
2739 676 2852 739 per
2889 654 3262 739 Prophetam
3312 656 3471 720 dici—

374 761 520 815 rant
562 753 849 835 gloriari.

454 851 577 914 Sed
616 854 771 934 quia
811 854 913 915 his
954 853 1147 936 objici
1194 862 1427 936 posset,
1460 854 1633 935 quod
1678 854 1869 916 etiam

375 948 500 1011 filii
534 950 724 1014 lsrael
755 971 869 1035 per
898 962 1226 1034 serpentes
1256 952 1491 1035 plagati
1528 962 1697 1027 sunt,
1732 951 1875 1013 sub-

178 1050 215 1103 5
372 1047 550 1110 ditur
588 1066 603 1110 t
634 1052 895 1113 Etenim
930 1072 1135 1131 quum
1161 1053 1535 1129 supervenit
1570 1053 1730 1117 iltis,
1762 1069 1874 1131 pu-

374 1155 440 1208 ta
480 1146 785 1225 HebraeiS,
826 1170 997 1211 sceva
1027 1151 1377 1211 bestiarum
1412 1151 1542 1217 ira,
1575 1148 1874 1211 videlicet

376 1244 557 1307 furor
597 1246 1015 1328 serpentium,
1063 1246 1172 1327 qui
1218 1264 1327 1309 eos
1376 1246 1748 1309 invaserunt
1796 1264 1873 1309 eo

373 1344 547 1424 quod
578 1353 802 1407 contra
844 1344 1183 1407 Dominum
1224 1352 1749 1421 murmurassent,
1781 1344 1874 1406 di-

98 1450 341 1497 fflua-⁸⁸¹·
372 1450 594 1505 centes
642 1442 722 1504 ad
770 1441 1018 1524 Moysen
1075 1459 1089 1503 :
1141 1441 1266 1504 Cur
1312 1442 1586 1505 eduxisti
1637 1460 1752 1506 nos
1794 1442 1875 1504 de

370 1541 658 1622 AEgypto,
680 1548 751 1601 ut
780 1558 1171 1603 moreremur
1203 1540 1269 1601 in
1300 1539 1674 1605 solitudine?
1692 1542 1875 1603 Deest

74 1520 111 1556 5.

372 1641 582 1722 paniS‚
619 1658 748 1703 non
792 1649 939 1702 sunt
988 1658 1193 1721 aquae,
1226 1640 1441 1703 anima
1484 1648 1700 1703 nostra
1740 1640 1871 1720 jam

372 1746 637 1802 nauseat
684 1757 875 1820 super
914 1738 1060 1802 cibo
1100 1738 1221 1801 isto
1257 1737 1604 1803 levissimo.
1651 1738 1873 1812 Quam-

1982 762 2082 815 tur
2116 771 2131 815 ε
2167 754 2296 834 Ego
2340 754 2646 817 Dominus
2685 754 2846 817 Deus
2889 763 3057 829 tuuS‚
3091 762 3156 816 et
3195 754 3470 819 salvator
3500 770 3747 822 omnum.

1981 870 2107 916 non
2138 860 2233 915 est
2264 862 2493 934 praeter
2525 872 2648 915 me.
2707 866 2718 875 ‘

2044 951 2348 1013 Praeterea
2381 951 2543 1013 Deus
2575 969 2687 1032 per
2716 958 3073 1033 serpentem
3103 968 3348 1015 aeneum
3381 950 3472 1014 sic

1978 1048 2182 1111 voluit
2229 1047 2591 1123 subvenire,
2636 1049 2714 1111 ad
2759 1046 3298 1130 prael'igurandum
3347 1068 3474 1131 my·

1980 1148 2245 1209 sterium
2295 1146 2610 1229 passionis
2662 1147 3249 1230 redemptionisque
3297 1147 3474 1213 Chri·-

1980 1246 2083 1309 sti.
2128 1248 2271 1309 ldeo
2318 1248 2406 1309 ait
2452 1246 2672 1310 Glossa
2715 1264 2728 1309 :
2773 1247 2906 1311 Non
2956 1266 3218 1330 serpens
3258 1266 3470 1312 teneus

1982 1346 2232 1409 sanavit
2271 1344 2436 1421 illos,
2485 1346 2593 1408 sed
2645 1355 3108 1409 sacramentum
3161 1346 3466 1429 mysterii,

1982 1443 2045 1506 id
2076 1452 2175 1506 est
2202 1462 2373 1507 mors
2401 1444 2634 1507 Christi
2666 1444 2732 1505 in
2765 1452 3059 1527 serpente
3103 1444 3473 1527 praet'igura-

1983 1548 2066 1603 ta.
2109 1540 2396 1603 Christus
2440 1540 2681 1623 quippe
2727 1541 3062 1623 antiquum
3111 1551 3468 1624 serpentem

1981 1638 2398 1721 triumphavit
2449 1640 2515 1700 in
2577 1658 2784 1716 cruce,
2838 1647 2901 1702 et
2953 1640 3092 1721 ejus
3151 1660 3466 1705 vencnum

1979 1736 2215 1799 devicit
2250 1753 2264 1797 ε
2310 1744 2377 1797 ut
2405 1736 2508 1817 qui
2558 1755 2706 1799 vere
2748 1737 3090 1817 imaginem
3133 1736 3364 1801 Christi
3409 1745 3471 1801 et

110 1844 227 1888 Ibid-
246 1848 293 1887 ⁶·
372 1836 595 1905 obrem
628 1837 805 1899 misit
828 1836 1135 1900 Dominus
1172 1836 1236 1898 in
1277 1837 1587 1919 populum
1638 1836 1869 1916 ignitos
1907 1835 1952 1896 B
1980 1834 2119 1915 ejus
2149 1833 2510 1916 passionem
2551 1834 2973 1917 conspexerit,
3007 1835 3308 1899 salvetur.
3351 1835 3471 1899 Un-

372 1944 725 2018 serpenteS,
759 1942 831 1997 ut
872 1934 937 1996 in
984 1934 1275 1997 Numeris
1315 1934 1721 1998 describitur.
1755 1934 1872 1996 Un-

371 2034 452 2096 de
484 2032 896 2113 subjungitur
930 2049 943 2094 :
978 2034 1291 2094 morsibus
1310 2052 1784 2111 perversorum,
1807 2033 1869 2094 id

371 2140 470 2193 est
532 2130 853 2207 feralium,
901 2133 1311 2192 colubrorum
1357 2132 1873 2192 exterminaban-

113 2245 303 2289 ιοεαω.
373 2240 485 2291 tur
516 2249 540 2290 .·
572 2230 724 2311 quia
768 2228 955 2292 multi
998 2229 1076 2291 de
1118 2228 1357 2311 populo
1387 2228 1597 2302 lsrael,
1629 2230 1709 2292 ab
1742 2228 1870 2291 illis

184 2338 221 2391 6
370 2328 783 2410 serpentibus
812 2326 1288 2391 occidebantur.
1323 2331 1453 2390 Sed
1482 2348 1610 2388 non
1642 2331 1714 2389 in
1735 2349 1875 2407 per-

362 2436 640 2503 petuum
672 2427 1036 2504 permansit
1073 2427 1177 2486 ira
1212 2434 1349 2493 tua,
1383 2425 1447 2487 id
1487 2433 1581 2489 est
1620 2426 1873 2508 punitio

92 2538 207 2581 md.
230 2543 273 2589 s,
296 2542 337 2582 ο.
369 2524 481 2586 illa
514 2532 624 2587 tua
650 2524 844 2605 justa.
870 2524 993 2587 Deo
1024 2541 1301 2604 namque
1326 2522 1612 2603 jubente,
1635 2524 1873 2605 Moyses

370 2621 526 2686 fecit
576 2632 642 2684 et
702 2621 904 2685 erexit
961 2629 1319 2703 serpe-ntem
1366 2639 1633 2695 aeneum,
1680 2641 1870 2704 quem

367 2720 680 2783 intuendo
712 2718 1101 2782 sanabantur
1132 2720 1439 2800 percussi.
1464 2722 1593 2781 Sed
1623 2723 1711 2780 ad
1738 2741 1873 2781 eor-

363 2820 713 2879 rectionem
742 2822 815 2877 in
839 2819 1016 2878 brevi
1056 2819 1309 2877 turbati
1334 2828 1511 2888 sunt,
1546 2818 1609 2880 id
1650 2826 1765 2895 est,
1790 2820 1869 2881 ad

366 2917 693 2980 modicum
750 2925 999 2997 tempus
1052 2913 1314 2978 fuerunt
1360 2914 1447 2977 ita
1496 2915 1755 2997 plagati,
1800 2926 1870 2979 ut

1979 1934 2058 1995 de
2086 1932 2320 1994 dicitur
2355 1952 2369 1996 :
2406 1931 2580 1996 Sicut
2609 1932 2848 2015 Moyses
2879 1933 3177 1997 exaltavit
3217 1953 3470 2017 serpen·
3529 1960 3762 2019 loeium.

1980 2039 2107 2093 tem
2139 2030 2206 2091 in
2238 2030 2508 2107 deserto,
2543 2030 2631 2092 ita
2669 2030 2928 2093 exaltari
2962 2040 3210 2113 oporte-t
3239 2030 3469 2095 Filium
3500 2016 3564 2065 ¹⁴·
3590 2018 3652 2061 ¹³·

1981 2127 2310 2191 hominis:
2358 2136 2428 2190 ut
2469 2128 2679 2191 omnis
2725 2128 2835 2209 qui
2881 2130 3082 2193 credit
3119 2130 3185 2192 in
3235 2132 3467 2213 ipsum,

1983 2244 2111 2289 non
2169 2233 2408 2307 pereat,
2457 2227 2567 2288 sed
2619 2226 2849 2289 habeat
2900 2226 3094 2290 vitam
3143 2236 3470 2291 aeternam.

1985 2324 2169 2387 Recte
2199 2342 2413 2387 aeneus
2443 2342 2705 2406 serpens
2738 2324 2804 2386 in
2835 2324 3009 2404 ligno
3041 2326 3472 2408 suspenditur.

1981 2422 2084 2483 AEs
2114 2421 2287 2484 enim
2321 2422 2547 2485 ceteris
2579 2422 2936 2485 durabilius
2966 2432 3062 2486 est
3093 2424 3382 2487 metallis
3409 2425 3474 2488 ln

1982 2528 2277 2602 serpente
2327 2537 2477 2599 ergo
2517 2518 2804 2582 Christus
2853 2530 3140 2584 mortuus
3187 2522 3477 2603 designa-

1980 2626 2103 2691 tur,
2132 2618 2198 2679 in
2230 2636 2374 2694 aere,
2399 2626 2674 2680 aeternus
2706 2616 3107 2684 insinuatur:
3136 2620 3286 2701 quia
3315 2640 3476 2683 mor-

1981 2725 2126 2779 tuus
2161 2734 2273 2797 per
2301 2715 2782 2792 humanitatem,
2809 2718 2991 2797 quasi
3025 2736 3152 2781 non
3186 2728 3474 2783 mortuus

1978 2822 2075 2877 est
2111 2833 2227 2896 per
2267 2813 2692 2876 divinitatem.

2055 2916 2139 2975 In
2170 2913 2284 2972 hoc
2320 2922 2538 2973 autem
2571 2911 2903 2990 miraculo,
2936 2931 3063 2994 quo
3105 2912 3192 2976 ita
3232 2916 3468 2979 sanasti
3613 2930 3648 2987 8

362 3016 442 3079 de
471 3023 687 3078 cetero
717 3013 948 3077 melius
980 3033 1047 3076 se
1079 3012 1410 3090 haberent,
1435 3020 1498 3075 et
1528 3014 1641 3094 qui
1672 3015 1868 3078 occisi
1903 3020 1946 3083 C
1979 3028 2313 3092 percussos
2341 3010 2423 3073 ab
2455 3008 2676 3091 ignitis
2705 3010 3123 3093 serpentibus,
3162 3031 3275 3094 per
3308 3016 3468 3078 aenei

368 3112 653 3190 fuerunt,
703 3130 819 3194 per
866 3111 1279 3193 temporalem
1324 3119 1593 3175 mortem
1646 3114 1870 3177 evade-

366 3220 511 3275 rent
560 3210 926 3275 aeternalem
964 3228 978 3271 :
1014 3228 1207 3291 quam
1250 3217 1314 3273 et
1350 3218 1709 3287 evaserunt,
1756 3212 1868 3292 qui

368 3310 437 3371 in
470 3328 587 3371 sua
636 3308 977 3391 temporali
1016 3308 1351 3389 punitione
1390 3308 1866 3389 poenituerunt3

366 3410 630 3485 siynum
665 3409 961 3469 habentes
987 3408 1248 3475 salutis,
1278 3405 1573 3468 videlicet
1616 3425 1871 3489 serpen-

368 3514 499 3569 tem
544 3523 798 3568 aeneum
830 3520 843 3565 :
878 3504 991 3585 qui
1041 3502 1166 3566 fuit
1216 3503 1469 3583 signum
1522 3505 1869 3568 curationis

370 3602 679 3687 praefatae‚
716 3620 845 3665 non
877 3620 1067 3664 causa
1101 3620 1115 3663 :
1143 3602 1312 3664 unde
1343 3600 1647 3664 Dominus
1677 3602 1869 3686 Moysi

121 3720 239 3763 ma.
270 3724 311 3762 s.
371 3700 556 3777 dixit,
590 3701 711 3763 Fac
744 3708 1103 3781 serpentem
1136 3718 1403 3776 aeneum,
1440 3706 1501 3762 et
1530 3718 1697 3781 pone
1724 3720 1870 3763 eum

373 3818 492 3881 pro
522 3800 741 3882 sign03
772 3801 861 3859 ad
880 3800 1541 3859 commemorationem
1576 3799 1875 3859 mandati

374 3901 535 3977 leyis
578 3908 730 3968 tuoe,
760 3896 825 3959 id
874 3904 990 3971 est,
1036 3904 1353 3977 quatenus
1399 3896 1583 3976 signo
1624 3895 1736 3959 illo
1774 3897 1876 3959 ad-

374 3996 627 4073 moniti,
670 3996 750 4059 de
788 4003 997 4058 cetero
1038 4012 1352 4057 memores
1390 4002 1607 4057 essent
1644 4013 1876 4077 praece-

374 4105 629 4179 ptorum
682 4093 841 4174 legis
891 4110 1085 4174 quam
1137 4092 1371 4154 dedisti
1421 4110 1537 4173 per
1596 4092 1870 4175 Moysen.

1977 3108 2291 3190 serpentis
2327 3108 2653 3184 intuitum,
2677 3111 3014 3171 ostendisti
3043 3112 3332 3173 inimicis
3361 3134 3470 3175 no-

1975 3210 2156 3277 stris,
2207 3214 2362 3289 puta
2408 3206 2737 3289 AEgyptiiS,
2779 3208 3037 3287 quando
3086 3208 3206 3272 hoc
3257 3208 3464 3291 ipsum

1976 3305 2237 3369 devenit
2273 3305 2352 3367 ad
2389 3322 2610 3367 eorum
2653 3304 2977 3385 notitiam3
3021 3306 3123 3369 vel
3159 3308 3467 3392 AEgyptiis

1977 3403 2088 3485 qui
2139 3402 2377 3483 egressi
2409 3410 2590 3465 erant
2618 3402 2949 3485 AEgyptum
2991 3424 3135 3468 cum
3178 3405 3335 3469 filiis
3383 3408 3468 3471 ls-
3522 3430 3760 3485 amaa...

1980 3500 2133 3577 rael,
2166 3509 2231 3563 et
2260 3508 2446 3563 antea
2490 3501 2872 3581 quandoque
2911 3510 3090 3565 erant
3121 3503 3464 3568 adversarii
3498 3496 3565 3537 ²⁸·

1978 3599 2436 3677 Israelitarum3
2482 3601 2642 3679 quia
2700 3608 2770 3659 tu
2821 3620 2885 3659 es
2939 3602 3058 3680 qui
3112 3603 3344 3663 liberas
3391 3606 3470 3665 ab

1976 3701 2158 3759 omni
2205 3701 2394 3759 mato,
2448 3700 2605 3758 Illos
2657 3700 2858 3766 enim.
2911 3707 3062 3779 puta
3120 3699 3464 3784 AEgyptioe,
3612 3720 3648 3777 9

1980 3800 2372 3857 locustarum
2401 3805 2460 3855 et
2497 3815 2869 3856 muscarum
2897 3798 3268 3860 occiderunt
3307 3822 3474 3862 mor-

1978 3916 2107 3955 sus.
2157 3894 2245 3956 Ex
2301 3912 2430 3975 quo
2482 3892 2755 3969 elicitur,
2809 3896 2981 3975 quod
3037 3895 3236 3977 aliqui
3291 3898 3474 3982 AEgy-

1981 3991 2262 4075 ptiorum
2305 3990 2603 4055 obierunt
2635 4010 2710 4054 ex
2746 3992 3200 4074 punctionibus
3251 3998 3478 4061 morsi-

1985 4090 2232 4171 busque
2278 4108 2642 4152 muscarum
2699 4108 2772 4153 ac
2829 4089 3214 4155 locustarum
3253 4111 3267 4157 ε
3303 4096 3472 4177 quod

190 4205 225 4260 7
375 4195 505 4262 Qui
529 4195 709 4253 enim
737 4212 1076 4253 conversus
1104 4200 1216 4262 est,
1247 4189 1310 4252 id
1343 4199 1459 4264 est,
1486 4190 1875 4273 quicumque
1902 4196 1951 4259 D
1986 4196 2198 4250 tamen
2239 4186 2304 4249 in
2337 4187 2552 4251 Exodo
2583 4206 2710 4252 non
2741 4188 2972 4269 legitur
3002 4190 3352 4256 evidenter.
3393 4197 3476 4257 Et

372 4311 450 4355 ex
484 4290 645 4352 filiis
674 4289 861 4353 lsrael
896 4287 1221 4371 poenituit,
1255 4295 1319 4349 et
1349 4288 1716 4369 poenitendo
1748 4308 1877 4351 ser-

374 4396 763 4471 pentemque
830 4406 1078 4450 aeneum
1140 4386 1449 4449 intuendo
1514 4386 1869 4464 curabatur,

372 4508 505 4549 non
518 4506 641 4565 per
678 4488 793 4545 hoc
832 4488 1003 4565 quod
1034 4487 1312 4555 videbat,
1348 4483 1412 4545 id
1451 4492 1547 4546 est
1590 4503 1718 4548 non
1749 4485 1875 4549 vir-

374 4593 511 4647 tute
558 4583 735 4645 illius
774 4583 936 4646 aenei
977 4582 1317 4664 serpentiS,
1356 4585 1732 4655 sanabatur,
1764 4588 1875 4645 sed

364 4704 489 4762 per
532 4692 591 4743 te
630 4683 933 4742 omnium
972 4686 1389 4751 salvatorem,
1424 4680 1485 4743 id
1537 4690 1631 4743 est
1674 4680 1873 4745 virtu-

375 4789 436 4844 te
480 4790 591 4843 tua
633 4778 878 4855 divina,
912 4778 1027 4859 qui
1064 4779 1293 4853 salvas,
1326 4797 1455 4841 non
1486 4796 1729 4852 omneS‚
1762 4782 1869 4843 sed

372 4886 643 4941 cunctos
672 4877 786 4958 qui
816 4876 1161 4939 salvantur.
1182 4877 1363 4938 Juxta
1392 4895 1581 4958 quem
1614 4896 1871 4941 sensum

112 4996 343 5046 Pmoun,
379 4975 583 5041 fertur
615 4976 681 5038 in
709 4974 961 5037 Psalmo
994 4992 1008 5035 :
1042 4975 1287 5037 Allevat
1315 4975 1623 5038 Dominus
1650 4993 1871 5038 omnes

82 5061 143 5101 ¹⁴·
374 5076 485 5157 qui
522 5081 857 5149 corruunt,
893 5082 957 5135 et
994 5072 1180 5151 erigit
1220 5090 1443 5135 omnes
1478 5071 1696 5135 elisos
1728 5073 1875 5137 Por-

376 5192 447 5237 ro
484 5172 613 5235 Deo
656 5170 991 5254 proprium
1028 5178 1125 5233 est
1163 5171 1430 5233 salvare.
1467 5169 1583 5243 Qui
1616 5170 1682 5232 in
1713 5170 1873 5235 lsaia

91 5293 351 5345 amai.
374 5280 649 5336 testatur
693 5287 709 5331 :
748 5270 915 5333 Deus
950 5268 1161 5351 justus
1194 5276 1259 5331 ct
1298 5269 1555 5333 salvans
1597 5287 1725 5333 non
1772 5278 1871 5333 est

1982 4308 2112 4347 non
2141 4295 2232 4346 est
2259 4288 2524 4347 inventa
2551 4288 2801 4347 sanitas
2829 4289 3093 4359 animae,
3115 4288 3177 4353 id
3207 4300 3304 4354 est
3333 4292 3478 4357 vitoe

1982 4385 2267 4461 animali,
2301 4406 2520 4445 eorum
2553 4405 2575 4444 .·
2605 4385 2758 4466 quia
2787 4386 2988 4448 curati
3021 4405 3146 4451 non
3180 4392 3474 4465 sunt‚sc‹l

1982 4483 2212 4563 occisi3
2245 4501 2360 4545 nec
2389 4482 2603 4546 anima
2630 4500 2848 4546 eorum
2881 4484 3478 4565 poenituit.Verum-·

1983 4589 2194 4645 tamen
2235 4582 2315 4643 ad
2364 4589 2614 4662 tempus
2661 4581 2994 4663 suspendit
3035 4590 3096 4645 ct
3135 4581 3476 4669 interrupit

1982 4681 2145 4743 Deus
2177 4680 2393 4762 plagas
2425 4678 2892 4761 AEgyptiorum3
2927 4681 3036 4743 sed
3069 4680 3476 4764 impoeniten-

1986 4777 2154 4839 tibus
2203 4776 2392 4859 paulo
2432 4784 2578 4857 post
2613 4775 2934 4856 graviores
2987 4777 3246 4843 inflixit.
3304 4784 3472 4851 Quia

1979 4877 2172 4953 diyni
2189 4884 2376 4935 erant
2403 4874 2487 4937 ob
2517 4873 2814 4936 duritiam
2846 4884 2910 4937 et
2939 4874 3468 4958 impoenitentiam

1981 4994 2180 5052 suam,
2219 4976 2299 5035 ab
2347 4976 2726 5050 hujusmodi
2767 4973 2969 5054 plagis
3015 4980 3467 5043 exterminari.

1980 5074 2186 5136 Filios
2223 5082 2439 5133 autem
2472 5081 2610 5133 tuos
2645 5071 2976 5154 adoptivos
3011 5074 3322 5155 Hebraeos,
3356 5080 3464 5161 qui
3599 5094 3666 5152 {o

1978 5172 2057 5233 de
2111 5187 2228 5233 suo
2277 5186 2536 5233 excessu
2597 5170 3048 5252 poenituerant,
3097 5196 3211 5235 neo
3253 5178 3472 5239 draco-

1976 5290 2162 5341 num,
2181 5288 2296 5329 nec
2325 5278 2806 5343 venenatorum,
2837 5268 3082 5335 scilicet
3113 5272 3458 5353 ignitorum
