4284 6267
581 1994 750 2052 Ephe-⁸.
762 1999 847 2048 ιι,3.

881 504 1002 568 492

1534 524 1886 572 zumulo
1928 525 1991 571 m
2034 524 2172 571 cAP.
2208 526 2294 571 vn
2334 525 2492 571 unm
2535 524 2891 571 SAPIENTIAE.
2937 542 3018 553 ·—
3058 522 3199 570 Am.
3235 522 3322 570 vu

882 694 1238 772 ostendere,
1274 695 1439 760 sicut
1476 703 1538 759 et
1581 697 1813 776 ceteri;
1854 707 1913 758 et
1953 698 2025 757 in
2064 699 2371 757 similiter
2401 696 2452 757 A
2483 696 2689 758 rantia
2734 704 2918 759 natus
2967 714 3130 773 sum,
3176 694 3388 778 optavi
3440 693 3816 777 sapientiam
3861 692 3962 756 ob-

880 795 1125 871 factam
1164 798 1379 855 decidi
1409 806 1647 858 terram
1678 817 1701 855 :
1734 796 1797 858 id
1838 805 1954 873 est,
1988 795 2368 876 egrediendo

880 911 956 955 ex
1004 902 1205 969 utero,
1240 894 1305 956 in
1358 902 1676 957 terrenum
1722 895 2225 959 sustentaculum
2263 896 2370 957 de-

878 992 1211 1067 scendenS,
1246 1002 1537 1075 receptus
1572 1014 1711 1056 sum
1756 993 1836 1056 ab
1866 994 2225 1069 obstetrice,
2261 1001 2370 1056 aut

880 1088 1004 1151 alia
1033 1090 1414 1171 adsistente3
1444 1102 1502 1151 ec
1526 1096 1813 1170 primam
1848 1114 2057 1153 vocem
2087 1094 2364 1153 similem

878 1190 1173 1248 omnibus
1200 1191 1389 1249 emisi
1411 1194 1677 1267 plorans
1705 1212 1726 1250 .·
1760 1191 1821 1253 id
1853 1199 1969 1267 est,
1992 1190 2191 1252 instar
2218 1189 2362 1253 alio-

880 1305 1018 1347 rum
1065 1286 1553 1367 infantulorum,
1588 1290 1654 1350 in
1706 1308 1923 1353 vocem
1972 1290 2368 1352 lamentatio-

880 1384 980 1446 nis
1030 1386 1211 1467 erupi
1258 1386 1470 1449 statim
1520 1396 1588 1449 ut
1624 1396 1911 1451 ventrem
1961 1388 2151 1465 exivi,
2183 1388 2366 1469 quasi

880 1484 1019 1566 ipso
1059 1485 1307 1566 ploratu
1346 1494 1731 1563 contestans,
1766 1506 1869 1549 me
1912 1487 1977 1548 in
2008 1487 2237 1551 vallem
2281 1487 2368 1549 la-

879 1583 1243 1659 crimarum,
1276 1584 1700 1666 exsiliumque
1726 1585 1997 1648 venisse.
2036 1584 2263 1666 Atque,
2297 1592 2368 1647 ut

877 1680 1132 1757 dicitur,
1191 1682 1509 1744 masculus
1568 1701 1857 1759 nascenS‚
1918 1703 2065 1746 eum
2125 1683 2363 1764 gemitu

878 1778 1055 1855 dicit,
1096 1780 1183 1859 A;
1233 1778 1494 1857 semina,
1529 1780 1619 1860 E;
1667 1780 1864 1844 veluti
1905 1787 2365 1862 conquerentes

2481 794 2706 858 tinere.

2581 895 2904 971 Praeterea,
2938 903 3008 956 ut
3054 894 3239 956 multi
3287 894 3510 956 dicunt
3552 892 3957 974 expositoreS,

2481 1002 2700 1056 auctor
2750 993 2943 1075 hujus
2983 992 3328 1056 voluminis
3379 993 3444 1053 in
3492 991 3616 1055 isto
3663 990 3958 1073 capitulo,

2483 1092 2646 1154 sieut
2679 1100 2740 1155 et
2774 1092 2840 1153 in
2870 1092 3240 1173 quibusdam
3283 1089 3708 1172 sequentibuS,
3737 1089 3802 1151 in
3833 1108 3961 1170 per-

2481 1209 2634 1253 sona
2685 1190 2969 1272 loquitur
3019 1190 3425 1253 Salomonis:
3464 1190 3634 1271 quod
3684 1197 3748 1252 et
3793 1186 3958 1249 infra
4017 1205 4183 1245 venir.

2480 1308 2555 1351 ex
2614 1296 2778 1351 textu
2835 1289 3174 1351 manifeste
3227 1288 3603 1351 ostenditur.
3665 1286 3958 1350 Salomon

2478 1395 2712 1462 autem,
2767 1389 2912 1449 data
2969 1388 3092 1450 sibi
3143 1389 3418 1469 desuper
3463 1386 3746 1470 optione,
3791 1385 3956 1467 sapi·
4009 1409 4206 1463 numm,

2479 1486 2715 1547 entiam
2764 1487 3107 1569 praeelegit,
3157 1494 3346 1568 prout
3395 1486 3580 1547 tertio
3623 1484 3859 1564 Regum
3899 1491 3958 1545 et
3985 1471 4206 1583 fssssf’v·

2481 1584 2758 1647 seeundo
2807 1584 3331 1666 Paralipomenon
3381 1583 3702 1646 recitatur.
3755 1580 3960 1644 Nihilo

2479 1682 2692 1744 minus
2737 1702 2878 1765 quae
2926 1683 3030 1745 hie
3077 1683 3394 1758 dicuntur,
3440 1682 3518 1745 de
3557 1699 3959 1762 quocumque

2479 1782 2737 1845 homine
2783 1782 3088 1859 studioso,
3133 1780 3448 1844 desiderio
3498 1778 3826 1863 sapientiai
3869 1778 3960 1840 in-

878 1879 957 1940 de
990 1876 1337 1960 primorum
1372 1879 1872 1959 transgressione
1902 1888 2259 1961 parentum,
2285 1880 2366 1942 ob
2403 1878 2451 1939 B
2481 1880 2829 1956 flammato,
2862 1899 2978 1963 pro
3021 1880 3296 1943 maxima
3332 1887 3599 1962 possunt
3638 1886 3818 1961 parte
3861 1897 3961 1940 ex-

878 1995 1071 2058 quam
1124 1984 1473 2039 naseuntur
1518 1977 1729 2059 proles
1778 1978 1887 2041 irae
1935 1987 2129 2059 atque
2179 1978 2367 2041 mise-

878 2074 1011 2138 riae.
1050 2074 1501 2137 Verumtamen
1543 2076 1931 2155 Augustinus
1976 2075 2043 2138 in
2083 2076 2248 2140 libro
2289 2078 2367 2140 de

877 2171 1145 2236 Civitate
1203 2172 1310 2235 Dei
1368 2173 1593 2236 recitat
1648 2175 2037 2238 Zoroastrem
2096 2175 2369 2255 magica-

878 2289 1019 2333 rum
1077 2270 1310 2334 artium
1371 2270 1790 2350 inventorem,
1848 2291 1993 2336 mox
2052 2281 2122 2336 ut
2181 2284 2366 2337 natus

878 2367 1020 2447 fuit,
1044 2368 1299 2433 risisse:
1326 2390 1515 2451 quem
1548 2371 1747 2433 risum
1776 2372 2166 2451 Augustinus
2197 2393 2369 2437 mon-

878 2476 1199 2530 struosum
1232 2469 1524 2550 appellat,
1554 2476 1855 2551 tanquam
1887 2470 2188 2534 diabolici
2221 2470 2367 2534 sesti

879 2566 1283 2648 praeludium.
1309 2567 1523 2648 Aliqui
1551 2586 1807 2650 quoque
1838 2568 2081 2647 dicunt,
2118 2570 2364 2653 Moysen

880 2673 1096 2727 natum
1141 2684 1287 2728 mox
1330 2686 1460 2729 suae
1502 2666 1686 2728 matri
1726 2668 2038 2731 arrisisse.
2074 2673 2158 2730 In
2188 2674 2370 2731 invo-

879 2768 1207 2834 lumentis,
1251 2766 1313 2827 id
1358 2774 1453 2829 est
1495 2767 1982 2849 panniculorum
2029 2767 2370 2831 involutio-

878 2862 1091 2938 nihUS,
1126 2866 1417 2925 nutritus
1454 2885 1621 2936 sum,
1651 2872 1711 2924 el
1751 2868 1928 2925 curis
1969 2869 2247 2943 vna-qais,
2280 2866 2371 2927 ln-

880 2960 1110 3024 fantuli
1141 2981 1417 3044 namque
1456 2963 1685 3043 pannis
1726 2963 2162 3042 involvuntur,
2197 2972 2260 3027 et
2286 2964 2369 3028 ob

2479 1998 2652 2061 pom.

2556 2081 2642 2139 Ec
2671 2082 2864 2140 datus
2895 2080 2983 2139 est
3013 2080 3181 2139 mihi
3207 2098 3449 2149 sensus,
3484 2076 3547 2139 id
3586 2083 3682 2139 est
3717 2075 3966 2139 intelle-

2477 2186 2615 2239 ctus
2677 2176 3096 2254 illuminatus,
3152 2195 3264 2239 seu
3309 2174 3563 2237 habitus
3611 2174 3960 2256 sapientiai.

2476 2276 2620 2339 Fuit
2667 2284 2878 2339 autem
2931 2274 3254 2338 Salomoni
3304 2273 3537 2350 infusa,
3577 2292 3704 2336 non
3757 2274 3962 2337 solum

2479 2375 2792 2457 sapientia
2823 2393 2965 2455 quae
3003 2382 3100 2436 est
3136 2374 3396 2451 donum,
3432 2374 3540 2436 sed
3579 2381 3643 2435 et
3673 2372 3784 2434 illa
3821 2392 3966 2453 quae

2479 2473 2754 2555 pertinet
2811 2474 2890 2535 ad
2949 2491 3213 2535 munera
3258 2472 3477 2553 gratiae
3533 2471 3728 2552 gratis
3777 2471 3962 2548 datae,

2480 2591 2591 2654 per
2619 2590 2809 2653 quam
2843 2571 2962 2633 scit
2992 2570 3137 2653 quis
3167 2589 3242 2633 ea
3269 2588 3413 2652 quae
3446 2569 3596 2632 fidei
3629 2578 3797 2646 sunt,
3828 2588 3968 2651 per-

2480 2671 2763 2744 suadere,
2825 2669 3166 2742 declarare,
3225 2668 3588 2731 defendere.
3643 2667 3967 2750 Sapientia

2478 2768 2671 2831 etiam
2704 2767 3033 2844 naturam,
3067 2785 3208 2850 quae
3237 2767 3449 2830 studio
3481 2767 3759 2829 humano
3787 2775 3967 2829 natu-

2479 2866 2725 2947 ralique
2763 2865 3008 2928 ratione
3044 2872 3251 2945 potest
3289 2864 3557 2945 acquiri,
3591 2861 3715 2926 fuit
3753 2882 3970 2946 super-

2479 2962 2855 3025 naturaliter
2892 2963 2950 3025 ei
2993 2962 3226 3024 infusa.
3263 2965 3346 3024 Et
3387 2964 3714 3033 invocavi,
3742 2962 3806 3025 id
3847 2970 3964 3041 est,

878 3078 1057 3122 suam
1106 3060 1598 3123 teneritudinem
1648 3070 1838 3142 atque
1884 3062 2246 3139 mollitiem,
2296 3082 2368 3126 ae
2405 3060 2448 3125 C
2479 3083 2555 3127 ex
2611 3062 2839 3124 intimo
2897 3059 3106 3124 cordis
3151 3059 3490 3122 Dominum
3539 3060 3791 3123 exoravi
3854 3079 3968 3141 pro

878 3156 1145 3221 rationis
1192 3156 1536 3229 defectum,
1577 3159 1689 3222 diu
1736 3168 1798 3222 et
1844 3160 2119 3223 sollicite
2168 3169 2371 3223 eusto-

877 3256 1143 3319 diuntur
1171 3264 1234 3319 et
1262 3256 1635 3319 educantur.
1674 3261 1871 3320 Nemo
1900 3260 2076 3319 enim
2102 3280 2185 3319 ew
2211 3263 2371 3337 reqi-

879 3357 994 3415 bus
1022 3358 1215 3415 aliud
1244 3357 1473 3416 habuit
1501 3358 1871 3417 nativitatis
1900 3358 2173 3417 inicium
2191 3357 2370 3421 :ideo

878 3470 1009 3515 non
1058 3460 1155 3515 est
1196 3452 1452 3530 mirum,
1488 3454 1659 3535 quod
1703 3453 2042 3518 inferiores
2091 3454 2179 3517 ita
2226 3474 2370 3537 pro-

879 3552 1079 3614 deunt
1122 3551 1187 3612 in
1229 3551 1392 3616 hanc
1430 3551 1661 3614 lucem.

969 3653 1145 3712 Unus
1174 3670 1320 3728 erqo
1351 3650 1416 3712 in
1461 3650 1673 3731 speeie
1712 3653 2019 3712 introitus
2048 3662 2137 3712 est
2163 3654 2370 3713 omni-

878 3750 990 3809 bus
1020 3748 1389 3811 hominibus
1419 3753 1508 3811 ad
1538 3754 1740 3811 vitam
1770 3758 2024 3827 naturas,
2043 3762 2103 3811 ec
2130 3753 2370 3812 similis

875 3849 1110 3919 eoez‘tzw,
1164 3856 1381 3929 utpote
1428 3866 1623 3911 mors..
1664 3848 1740 3910 Et
1790 3847 2081 3929 quamvis
2130 3848 2367 3913 diversi

876 3944 1303 4008 diversimode
1348 3964 1523 4007 suam
1574 3944 1807 4008 finiant
1850 3947 2068 4021 vitam,
2103 3947 2364 4029 quidam

876 4051 1081 4105 morte
1120 4042 1415 4118 naturali,
1452 4043 1650 4126 aliqui
1688 4044 1968 4107 violenta
2005 4046 2222 4126 (quam
2259 4045 2368 4107 ali-

877 4141 988 4223 qui
1050 4140 1336 4204 inferunt
1383 4141 1823 4224 sibimetipsiS,
1876 4142 1986 4205 alii
2037 4144 2368 4225 patiuntur

2479 3161 2808 3244 sapientiae
2867 3159 3216 3235 infusione,
3279 3158 3691 3236 incremento,
3753 3158 3965 3241 perfe-

2477 3261 2727 3340 etione3
2759 3270 2819 3321 et
2848 3260 3026 3320 venit
3054 3260 3127 3318 in
3165 3278 3265 3318 me
3297 3259 3568 3335 spiritus
3603 3259 3966 3337 sapientise,

2480 3360 2544 3422 id
2577 3367 2676 3421 est
2710 3358 2920 3441 ipsum
2961 3355 3292 3438 sapientiae
3328 3356 3566 3419 donum
3601 3373 3616 3417 :
3649 3356 3820 3437 quod
3861 3364 3970 3419 no-

2479 3458 2654 3520 mine
2713 3456 2978 3538 spiritus
3035 3454 3429 3535 designatur,
3487 3454 3641 3535 quia
3702 3452 3970 3536 spiritus

2476 3557 2738 3619 denotat
2772 3554 3109 3636 quamdam
3146 3551 3597 3632 impulsionem
3633 3571 3747 3615 seu
3785 3552 3968 3616 moti-

2477 3672 2687 3717 onem.
2721 3652 2898 3715 Unde
2943 3650 3310 3733 frequenter
3349 3669 3464 3733 pro
3499 3658 3694 3713 vento
3731 3651 3968 3731 accipi-

2479 3760 2602 3815 tur.
2638 3752 2827 3814 Porro
2867 3758 3110 3832 septem
3147 3750 3315 3812 dona
3357 3747 3602 3812 faciunt
3639 3748 3964 3811 hominem

2478 3858 2770 3932 prompte
2799 3847 3101 3911 mobilem
3135 3866 3207 3910 ac
3235 3846 3622 3928 dirigibilem
3661 3866 3699 3909 a
3727 3845 3966 3929 Spiritu

2477 3949 2719 4011 Sancto.
2738 3948 2996 4030 Propter
3024 3946 3194 4027 quod
3227 3945 3412 4008 isaias
3444 3945 3710 4027 loquens
3741 3945 3820 4008 de
3849 3946 3961 4023 εἰς,

2477 4047 2728 4127 singula
2757 4045 3056 4127 exprimit
3087 4064 3231 4107 eum
3257 4044 3612 4126 adjectione
3641 4044 3832 4125 hujus
3866 4063 3967 4108 no-

2477 4145 2692 4221 miniS,
2729 4144 3002 4227 Spiritus
3035 4160 3049 4205 :
3086 4142 3480 4225 Requieseet,
3514 4144 3837 4225 inquienS,
3873 4164 3968 4206 su·
4018 4160 4182 4205 ιαμ.

875 4240 957 4302 ab
985 4240 1157 4320 aliis)
1189 4255 1203 4301 ε
1240 4248 1448 4302 tamen
1481 4250 1786 4322 quantum
1820 4242 1896 4303 ad
1929 4241 2070 4318 hoe,
2104 4250 2202 4306 est
2237 4262 2368 4306 om·
2398 4245 2448 4308 D
2477 4263 2590 4327 per
2643 4262 2787 4306 eum
2840 4242 3103 4324 spiritus
3147 4241 3421 4319 Domini,
3479 4242 3744 4323 spiritus
3797 4243 3966 4324 sapi-

880 4339 1071 4401 nibus
1120 4338 1349 4400 similis
1396 4339 1624 4415 exituS,
1658 4341 1829 4421 quod
1871 4358 1984 4422 per
2024 4342 2368 4422 separatio-

880 4458 1023 4502 nem
1057 4437 1286 4500 animae
1326 4457 1361 4500 a
1390 4456 1676 4519 corpore,
1711 4458 1821 4501 seu
1863 4458 1977 4520 per
2017 4443 2367 4522 corporalis

880 4535 1229 4599 harmoniae
1275 4536 1771 4618 corruptionem,
1826 4546 2061 4601 exeunt
2115 4539 2194 4601 de
2249 4540 2369 4604 hoe

880 4636 1158 4715 mundo;
1200 4642 1264 4697 et
1312 4635 1484 4712 item,
1536 4636 1707 4716 quod
1759 4655 1873 4718 per
1917 4654 2211 4716 magnam
2261 4659 2370 4702 an-

879 4733 1155 4815 gustiam
1210 4743 1277 4795 et
1331 4732 1620 4796 omnium
1681 4742 2079 4798 terrenorum
2136 4735 2368 4800 dereli-

880 4833 1181 4897 ctionem.

961 4934 1237 5009 Propter
1265 4934 1379 4992 hoc
1416 4933 1656 5008 optavi.
1690 4929 1878 5003 Quasi
1915 4931 2083 4994 dieat
2119 4950 2132 4993 :
2167 4931 2371 5006 Quum

882 5038 1056 5092 tanta
1106 5027 1301 5091 fuerit
1357 5027 1810 5092 defectuositas
1868 5029 2135 5109 originis
2192 5048 2368 5109 meae,

880 5134 1131 5191 constat
1159 5126 1331 5207 quod
1373 5126 1702 5207 sapientiae
1740 5145 1897 5189 meae
1934 5127 2372 5191 excellentiam

881 5234 944 5288 et
985 5224 1204 5304 gratiae
1247 5223 1675 5303 affluentiam,
1709 5244 1745 5287 a
1786 5244 1887 5287 me
1919 5225 2057 5307 ipso
2098 5244 2228 5289 non
2269 5226 2376 5289 ha-

882 5322 1014 5401 bui,
1063 5322 1231 5386 sieut
1274 5341 1391 5385 nee
1431 5322 1662 5403 ceteri3
1710 5323 1862 5401 imo,
1896 5323 2048 5405 quia
2088 5322 2158 5387 in
2201 5324 2377 5407 igno-

2477 4342 2664 4404 entiae
2720 4349 2783 4403 et
2832 4339 3214 4413 intellectuS,
3276 4339 3540 4421 spiritus
3597 4338 3851 4402 consilii
3905 4348 3968 4402 et

2479 4438 2897 4513 fortitudinis,
2947 4446 3069 4501 ete.
3110 4438 3247 4514 Vel,
3291 4436 3564 4519 Spiritus
3613 4438 3962 4519 sapientiae,

2479 4538 2543 4600 id
2589 4547 2682 4601 est
2725 4537 2997 4620 Spiritus
3038 4537 3322 4614 SanctuS,
3365 4544 3605 4613 auctor,
3641 4537 3858 4599 doctor
3906 4545 3967 4599 et

2478 4638 2660 4699 dator
2687 4636 3016 4717 sapientise
3058 4634 3350 4697 salutaris
3385 4652 3398 4698 t
3433 4635 3541 4715 qui
3574 4634 3806 4698 dicitur
3837 4635 3969 4717 Spi-

2480 4735 2639 4797 ritus
2671 4732 3020 4816 sapientiae,
3055 4734 3220 4795 sieut
3255 4741 3319 4796 et
3348 4733 3620 4815 Spiritus
3659 4733 3962 4798 veritatis.

2480 4835 2566 4896 De
2613 4851 2741 4913 quo
2791 4833 2882 4895 ait
2928 4831 3212 4896 Salvator
3255 4850 3269 4893 ε
3316 4830 3518 4905 Quum
3566 4830 3812 4895 venerit
3858 4831 3967 4893 ille

2483 4932 2756 5015 Spiritus
2789 4931 3098 5007 veritatiS,
3134 4931 3385 4995 docebit
3427 4950 3538 4996 vos
3576 4950 3828 4995 omnem
3865 4950 3970 4994 ve·

2483 5030 2893 5105 ritatem.Qui
2927 5030 3104 5094 venit
3135 5029 3199 5091 in
3232 5028 3582 5107 hominem,
3607 5048 3735 5093 non
3759 5029 3968 5093 locum

2483 5130 2812 5206 mutando,
2847 5147 2964 5191 nee
3009 5128 3424 5191 mutationem
3473 5127 3536 5190 in
3585 5148 3654 5191 se
3693 5127 3968 5210 aliquam

2487 5228 2884 5304 sustinendo,
2947 5227 3056 5289 sed
3118 5246 3232 5288 sua
3289 5245 3552 5289 munera
3613 5225 3966 5303 influendo,

2482 5326 2890 5408 gratioseque
2933 5324 3105 5387 intus
3149 5325 3416 5407 agendo.

4005 4855 4214 4899 ,Ιοωυιιτι

3999 4922 4012 4961 Ι
4021 4920 4058 4961 ³.
