4284 6267
585 915 662 958 1²2.
681 928 791 965 cxix,
808 918 847 957 5.

598 1015 676 1058 Ps.
695 1028 776 1063 xm,
795 1016 832 1057 3.

585 1210 661 1252 Ps.
685 1225 788 1261 oxu,
810 1215 850 1255 8.

877 510 997 573 378

1457 527 1809 574 ΕΝΔΒΒΑΤῙΟ
1851 528 1914 575 IN
1955 527 2094 574 GAP.
2140 529 2203 575 1v
2244 527 2485 575 CANTml
2528 527 2931 577 flammentur.
2977 550 3058 560 —
3097 532 3238 578 Am.
3284 532 3395 578 xm

880 697 1104 760 latium
1161 698 1501 781 spirituum
1563 698 1914 776 beatorum,
1979 707 2042 761 et
2099 698 2369 781 patriam
2401 698 2450 760 A
2484 720 2614 760 uno
2670 705 3002 763 oculorum
3057 712 3341 773 tuorum,
3400 701 3464 765 id
3520 708 3616 763 est
3661 702 3729 763 in
3778 702 3954 765 oculo

879 797 1185 859 claritatis
1244 804 1515 859 aeternae.
1567 797 1797 860 Audivi
1857 798 2024 860 enim
2089 806 2149 859 te
2204 816 2371 879 saepe

879 895 1196 957 dicentem
1227 913 1239 957 ε
1271 896 1401 957 Heu
1434 896 1630 957 mihi!
1666 896 1817 978 quia
1852 896 2163 960 incolatus
2192 914 2371 958 meus

879 993 1290 1076 prolongatus
1331 1002 1465 1073 est;
1505 1002 1568 1056 et
1610 996 1862 1069 iterum,
1898 994 2157 1067 Quando
2196 993 2373 1057 veni-

879 1112 980 1153 am
1015 1101 1076 1154 et
1105 1092 1424 1174 apparebo
1453 1101 1601 1155 ante
1628 1092 1854 1155 faciem
1888 1093 2030 1155 Dei?
2066 1093 2367 1173 itemque,

879 1191 1052 1254 Educ
1081 1192 1160 1253 de
1190 1191 1478 1254 custodia
1507 1192 1782 1254 animam
1824 1212 2026 1255 meam
2059 1193 2137 1254 ad
2169 1190 2373 1255 consi-

882 1291 1141 1352 tendum
1175 1290 1418 1352 nomini
1453 1298 1582 1352 tuo.
1621 1293 2032 1352 Coronaber2·s
2060 1294 2140 1349 dc
2167 1292 2374 1367 capite

879 1394 1161 1460 Amana,
1208 1392 1286 1449 de
1331 1390 1562 1449 vertice
1607 1391 1812 1450 Sanir
1851 1400 1911 1450 et
1960 1392 2265 1455 Hermon,
2309 1387 2371 1449 id

877 1497 973 1551 est
1004 1507 1120 1569 pro
1161 1505 1235 1550 eo
1275 1488 1447 1569 quod
1484 1487 1766 1567 legitime
1805 1488 2126 1555 certando,
2160 1486 2372 1549 vicisti

881 1587 1176 1669 spiritum
1225 1586 1690 1667 inquietudinis
1734 1586 2080 1649 mundialis
2121 1605 2196 1649 ac
2248 1594 2375 1647 tur-

880 1685 1204 1762 bulentiae,
1240 1686 1350 1748 irae
1389 1704 1459 1747 ac
1501 1684 1935 1767 impatientiae,
1970 1686 2080 1766 qui
2124 1704 2237 1767 per
2275 1704 2375 1748 ca-

881 1794 994 1867 put
1037 1785 1276 1846 Amana
1305 1782 1716 1863 designatur:
1754 1783 2054 1864 quoniam
2105 1784 2369 1859 Amana,

2483 806 2592 861 tuo
2649 798 3061 863 intellectuali
3116 819 3131 861 :
3195 801 3379 882 cujus
3436 800 3955 864 illuminationem

2484 918 2595 982 per
2636 898 2833 961 fidem
2868 918 2938 961 ac
2969 899 3367 982 sapientiam,
3403 899 3632 962 deinde
3674 918 3786 982 per
3820 899 3957 961 bea·

2483 996 2725 1058 tiiicam
2784 997 3119 1074 visionem,
3172 996 3238 1058 in
3291 1005 3531 1059 tantum
3589 996 3954 1071 desideravi,

2483 1096 2649 1176 quod
2684 1093 3233 1157 discolorationem
3268 1094 3718 1177 speciosissimi
3748 1113 3959 1176 corpo-

2483 1194 2570 1255 ris
2602 1193 2749 1271 mei,
2785 1193 3183 1269 velationem,
3216 1193 3749 1269 obscurationem,
3775 1201 3959 1273 atque

2482 1293 2879 1355 eversionem
2908 1293 3290 1356 exteriorum
3322 1292 3649 1355 oculorum
3680 1310 3959 1354 meorum

2482 1391 2895 1467 sidere-orum,
2931 1390 3105 1454 omni
3151 1390 3301 1454 vino
3345 1390 3803 1472 pulchriorum,
3835 1408 3961 1451 sus·
4002 1410 4186 1455 emm.

2485 1489 2681 1568 tinui3
2711 1499 2770 1549 et
2814 1491 2885 1549 in
2932 1510 3059 1550 uno
3098 1492 3279 1549 crine
3314 1492 3466 1549 colli
3503 1491 3626 1559 tui,
3657 1489 3721 1550 id
3761 1498 3859 1551 est
3899 1488 3959 1549 in
3988 1477 4045 1516 ¹²·

2484 1588 2753 1650 naturali
2785 1588 3072 1669 appetitu
3102 1587 3525 1663 beatitudinis
3559 1585 3829 1650 formato
3858 1604 3965 1668 per

2484 1687 2806 1749 caritatem
2853 1696 2916 1748 et
2957 1687 3249 1766 gratiam,
3293 1705 3483 1768 quam
3532 1684 3738 1749 omnis
3786 1685 3967 1747 ratio-

2485 1786 2648 1848 nalis
2692 1794 2981 1848 creatura
3024 1785 3397 1849 naturaliter
3436 1784 3698 1867 appetit.
3728 1784 3861 1847 Jam
3893 1792 3971 1845 et-

878 1883 1256 1964 inquietudo
1305 1901 1415 1945 seu
1464 1881 1853 1944 turbulentia
1897 1882 2369 1963 interpretatur.
2412 1886 2458 1946 B
2486 1885 2656 1947 enim
2686 1885 2927 1947 dictum
2957 1893 3071 1959 est,
3092 1884 3263 1965 quod
3297 1902 3408 1966 per
3435 1882 3701 1966 capillos
3730 1882 3965 1964 capitis,

879 1982 994 2056 Qui
1033 1989 1242 2043 aut-em
1277 1980 1342 2041 in
1374 1980 1547 2043 omni
1587 1988 1816 2043 eventu
1859 1989 2073 2043 manet
2113 1980 2176 2041 in
2221 2000 2377 2062 pace

883 2079 1157 2163 pectoris
1203 2078 1584 2160 tranquillus
1625 2085 1687 2140 et
1725 2088 2021 2142 constans
2062 2079 2128 2140 in
2169 2079 2378 2141 Domi-

882 2198 987 2255 n0,
1021 2197 1146 2240 non
1181 2176 1564 2240 contristans
1595 2196 1662 2239 se
1693 2177 2071 2253 inordinate,
2097 2178 2206 2240 sed
2239 2197 2378 2259 gra-

882 2277 1093 2338 tulans
1125 2276 1188 2337 in
1222 2275 1526 2353 adversiS,
1561 2284 1752 2357 caput
1791 2276 2028 2337 Amana
2057 2276 2280 2352 vincit,
2317 2286 2379 2338 et

881 2376 962 2437 de
991 2374 1132 2455 ejus
1163 2373 1489 2454 triumpho
1524 2372 1814 2435 coronari
1857 2380 2157 2435 meretur.
2194 2373 2378 2436 Sanir

883 2490 1056 2547 vcro,
1095 2471 1547 2552 interpretatur
1581 2469 1768 2533 foetor
1805 2488 1818 2531 :
1854 2470 2074 2551 sicque
2105 2490 2219 2552 per
2248 2490 2380 2534 ver-

884 2570 1074 2633 ticem
1121 2569 1323 2645 Sanir,
1370 2568 1634 2650 spiritus
1673 2569 1838 2648 gulae
1880 2578 2070 2650 atque
2113 2569 2378 2633 luxuriae

883 2669 1269 2748 designatur,
1303 2668 1455 2749 quia
1486 2666 1549 2729 in
1591 2667 1768 2730 vitiis
1805 2667 2017 2730 carnis
2048 2677 2144 2731 est
2172 2668 2379 2750 maj0r

884 2787 956 2831 ac
987 2767 1344 2831 evidentior
1385 2764 1574 2829 foetor
1613 2786 1687 2829 ac
1725 2766 2072 2847 turpitudo.
2109 2766 2226 2841 Qui
2261 2766 2377 2847 igi-

883 2876 982 2929 tur
1028 2865 1128 2927 his
1177 2864 1354 2927 vitiis
1405 2864 1788 2940 dominatur,
1845 2882 1962 2927 nec
2011 2863 2259 2927 infelici
2305 2884 2379 2928 ac

883 2964 997 3027 vili
1039 2982 1258 3027 eorum
1301 2962 1590 3026 servituti
1629 2963 1990 3044 subjicitur,
2022 2964 2102 3025 de
2141 2963 2380 3026 vertice

2484 1984 2901 2063 designantur
2947 1982 3383 2063 cogitationes,
3425 1981 3971 2064 appetitionesque

2485 2082 2693 2145 cordis
2732 2098 2745 2142 ε
2791 2082 2957 2143 inter
3004 2099 3160 2162 quas
3216 2080 3335 2143 ista
3387 2080 3703 2163 praecipua
3747 2087 3867 2155 est,
3912 2086 3973 2139 et

2486 2180 2805 2263 praecipue
2847 2179 2971 2242 fuit
3014 2180 3232 2261 sponsi
3272 2180 3627 2254 attractiva,
3661 2178 3833 2259 quod
3872 2196 3973 2239 na-

2486 2279 2776 2342 turaliter
2825 2278 3003 2361 cupit
3050 2277 3443 2341 felicitatem.
3491 2276 3773 2359 Denique
3821 2277 3973 2337 inte-

2486 2379 2617 2441 rior
2646 2376 2867 2440 oculus
2896 2377 3140 2452 animae,
3180 2376 3243 2438 in
3274 2384 3580 2457 quantum
3616 2395 3728 2457 per
3760 2372 3969 2450 fidem,

2486 2476 2960 2551 discretionem,
3030 2474 3385 2549 scientiam,
3458 2494 3530 2537 ac
3600 2474 3969 2556 sapientiam

2486 2576 2851 2651 adornatur,
2916 2574 3246 2655 potissime
3304 2573 3509 2655 placet
3566 2590 3823 2654 sponso.
3888 2571 3973 2633 Si-

2488 2674 2724 2735 militer
2772 2691 2939 2735 unus
2990 2672 3187 2734 crinis
3246 2670 3393 2734 colli
3454 2670 3658 2753 ipsius
3702 2686 3969 2753 sponsae,

2487 2782 2583 2836 est
2624 2771 2895 2835 elevatio
2934 2770 3513 2853 contemplationis,
3564 2788 3675 2832 seu
3724 2786 3969 2830 sursum

2486 2870 2653 2933 actio
2704 2870 2906 2933 sancti
2948 2869 3205 2944 amoriS‚
3242 2887 3367 2950 qua
3412 2868 3628 2931 anima
3672 2866 3863 2947 erigit
3906 2884 3971 2928 se

2488 2972 2566 3033 ad
2610 2970 2833 3033 Deum.

884 3063 1066 3127 Sanir
1095 3063 1368 3145 desuper
1405 3062 1680 3143 gloriose
1719 3062 2204 3126 inthronizatur.
2237 3063 2381 3126 Por·
2415 3070 2458 3133 C

883 3182 954 3225 ro
983 3162 1256 3225 Hermon
1297 3162 1530 3224 dicitur
1569 3162 1905 3225 anathema
1939 3182 1952 3226 :
1991 3162 2229 3225 idcirco
2267 3162 2378 3243 qui

589 3273 722 3317 Josue
739 3276 854 3325 vna.
884 3260 1046 3324 nihil
1077 3260 1203 3323 sibi
1246 3269 1508 3341 usurpat
1549 3260 1626 3322 de
1665 3260 2066 3323 anathemate
2102 3260 2375 3334 saricho,

591 3372 852 3421 Rom-¹¹1³.
884 3360 948 3421 id
980 3367 1096 3436 est,
1132 3377 1257 3422 non
1298 3358 1655 3421 conformat
1695 3378 1762 3421 se
1793 3358 1944 3421 huic
1985 3359 2238 3435 saeculo,
2276 3378 2383 3421 ne-

2591 3073 2796 3138 Quam
2834 3070 3128 3145 pulchrae
3168 3077 3322 3127 sunt
3364 3086 3659 3127 mammoe
3705 3072 3868 3125 tuae!
3910 3062 3969 3124 id
4082 3069 4132 3124 10

2488 3176 2581 3232 est
2626 3166 2903 3244 dilectio,
2937 3184 3064 3247 qua
3108 3182 3223 3247 pro
3267 3183 3409 3227 meo
3451 3164 3691 3227 honore
3726 3162 3969 3236 zelaris,

2488 3275 2551 3328 et
2580 3266 2805 3328 zelatio
2837 3264 3131 3327 fraternae
3160 3262 3415 3340 salutis;
3450 3260 3744 3323 similiter
3776 3260 3975 3342 pietas

2492 3373 2615 3427 tuae
2669 3362 3157 3445 compassioniS,
3218 3380 3343 3441 qua
3398 3378 3603 3422 meam
3663 3358 3977 3421 amarissi-

617 3567 786 3623 Ephes.
798 3581 854 3619 w,

593 3634 661 3677 23.

885 3478 1010 3539 que
1053 3476 1200 3520 cum
1229 3458 1468 3519 mundo
1514 3456 1578 3518 in
1614 3456 2000 3519 vanitatibus
2032 3458 2173 3536 ejus
2220 3475 2384 3520 com-

887 3557 1190 3631 municat,
1260 3556 1369 3619 sed
1439 3564 1779 3619 renovatur
1849 3556 2078 3638 spiritu
2148 3556 2380 3618 mentis

887 3675 1038 3733 suae,
1089 3655 1488 3719 coronandus
1535 3663 1630 3715 est
1670 3654 1749 3716 de
1797 3653 2032 3718 vertice
2076 3655 2377 3717 Hermon.

885 3760 978 3818 De
1019 3756 1337 3815 cubilibus
1377 3771 1634 3835 quoque
1677 3757 1960 3823 leonum,
2005 3752 2068 3816 id
2122 3760 2219 3814 est
2266 3772 2381 3834 pro

885 3874 962 3918 co
1009 3854 1184 3935 quod
1233 3853 1730 3933 repausationeS,
1784 3860 2094 3933 torporeS,
2147 3852 2379 3914 dormi-

889 3954 1152 4017 tationes
1197 3960 1554 4031 magnatum
1601 3949 1794 4031 hujus
1838 3950 2049 4013 saeculi
2095 3950 2236 4031 (qui
2267 3970 2382 4032 per

885 4053 1136 4116 leonem
1179 4069 1388 4131 regem
1427 4049 1800 4111 animalium
1842 4048 2236 4130 figurantur)
2274 4049 2383 4111 ab—

887 4150 1191 4215 horruisti
1233 4168 1305 4211 ac
1343 4147 1616 4211 evitasti.
1652 4150 1745 4207 De
1789 4150 2112 4209 montibus
2144 4151 2383 4225 pardo-

2492 3482 2657 3525 mam
2704 3460 3063 3543 passionem
3107 3458 3535 3538 recogitando,
3586 3457 3690 3539 pie
3737 3474 3977 3538 compa-

2494 3561 2666 3637 teris,
2719 3557 3027 3641 proximis
3090 3575 3345 3638 quoque
3402 3556 3468 3618 in
3525 3555 3697 3619 omni
3761 3572 3977 3618 eorum

2491 3658 2876 3732 afflictione,
2924 3655 3446 3735 transgressione,
3502 3653 3784 3737 periculo
3834 3670 3979 3715 con-

2491 3757 2692 3822 dolcS.
2752 3755 2889 3831 Vel,
2944 3754 3143 3818 ubera
3194 3762 3323 3829 tua,
3379 3753 3444 3815 id
3491 3760 3587 3815 est
3629 3750 3978 3831 spiritualis

2490 3854 2842 3938 opulentia,
2876 3872 2950 3916 ac
2995 3851 3345 3915 liberalitas
3391 3860 3516 3927 tua,
3561 3849 3796 3931 quibus
3843 3867 3977 3932 pro-

2492 3954 2680 4018 ximis
2733 3952 2857 4015 tuis
2916 3950 3349 4014 communicas
3405 3948 3716 4031 quidquid
3764 3946 3979 4027 gratiae

2492 4072 2564 4115 ac
2622 4052 2931 4116 virtutum
3000 4050 3270 4131 desuper
3336 4046 3659 4129 accepisti.
3723 4046 3973 4119 Rursus,

2493 4150 2690 4214 ubera
2720 4150 2841 4212 ista
2874 4156 3023 4211 sunt
3053 4146 3366 4229 sapientia
3396 4154 3459 4209 et
3488 4145 3773 4207 scicntia.
3806 4143 3978 4207 Unde

885 4271 1061 4316 rum,
1105 4248 1165 4310 id
1217 4255 1312 4310 est
1354 4245 1620 4310 victoria
1663 4246 1882 4308 habita
1925 4246 2004 4308 de
2047 4245 2381 4328 spiritibus
2413 4250 2463 4311 D
2493 4248 2904 4330 subjungitur
2950 4265 2963 4309 :
3007 4248 3399 4308 Pulchrz'ora
3434 4254 3586 4305 sunt
3622 4244 3819 4303 ubera
3870 4252 3975 4303 tua

887 4345 1305 4419 crudelitatiS,
1339 4352 1402 4408 et
1444 4344 1893 4421 simulationiS,
1926 4353 2119 4425 atque
2163 4344 2383 4407 elatio-

889 4446 1008 4510 nis.
1044 4447 1260 4526 ltaque-
1290 4452 1446 4525 quot
1474 4444 1836 4506 immundos
1868 4444 2128 4526 spiritus
2158 4445 2385 4506 daemo-

889 4546 1162 4620 nicrum,
1197 4552 1352 4625 quot
1398 4560 1634 4623 genera
1683 4542 2002 4619 vitiorum,
2051 4543 2180 4605 imo
2227 4552 2385 4623 quot

886 4644 1045 4708 vitia
1087 4642 1482 4725 superaverit
1525 4642 1759 4718 anima,
1816 4650 1907 4704 tot
1951 4660 2237 4717 coronaS,
2293 4649 2385 4705 tot

889 4742 1149 4825 praemia
1192 4748 1637 4822 consequetur.

985 4842 1352 4905 Vulnerasti
1390 4858 1496 4899 cor
1526 4858 1766 4906 meum,
1793 4857 1974 4897 soror
2003 4858 2168 4909 mea,
2200 4859 2384 4916 spon-

887 4962 958 5002 sa
1009 4962 1032 5000 .·
1084 4940 1234 5021 quia
1281 4956 1496 5001 amore
1545 4942 1668 4998 tuae
1713 4935 1938 4997 salutis
1986 4934 2191 4999 factus
2242 4957 2383 4999 sum

889 5039 1100 5112 homo,
1149 5045 1213 5100 et
1256 5034 1638 5113 crucifixus;
1685 5042 1747 5096 et
1789 5034 2082 5115 quamvis
2126 5035 2387 5097 amaris-

889 5137 1114 5199 simam
1163 5134 1398 5217 pertuli
1442 5132 1726 5215 corporis
1772 5131 2155 5214 passionem,
2205 5134 2386 5197 dolor

891 5242 1099 5296 tamen
1133 5230 1593 5315 compassionis
1638 5228 1759 5289 tuit
1801 5229 2108 5293 intensior
2149 5231 2213 5292 in
2254 5249 2387 5293 cor-

890 5334 970 5395 de
1013 5333 1243 5395 animae
1282 5348 1461 5392 meae.
1496 5328 1726 5409 Sicque
1769 5330 2128 5391 vulnerasti
2167 5350 2271 5392 mc
2310 5332 2381 5391 in

2493 4351 2645 4408 vino
2684 4368 2706 4406 .·
2755 4346 2819 4408 id
2868 4353 2984 4421 est,
3035 4343 3349 4426 sapientia
3404 4350 3467 4404 et
3522 4340 3787 4403 scientia
3836 4358 3975 4421 quae

2493 4454 2641 4508 sunt
2679 4444 2842 4506 dona
2883 4442 3155 4524 Spiritus
3195 4440 3427 4517 Sancti,
3466 4439 3846 4520 habitusque.
3883 4438 3973 4499 in-
4020 4454 4179 4503 1s.x=,2

2497 4543 2647 4619 susi,
2701 4541 2999 4604 similiter
3049 4538 3362 4622 sapientia
3409 4546 3471 4602 et
3525 4537 3791 4599 scientia
3838 4554 3972 4617 quae

2494 4649 2643 4703 sunt
2672 4640 2839 4703 dona
2864 4638 3083 4719 gratiae
3110 4636 3306 4717 gratis
3342 4637 3523 4713 datae,
3548 4645 3611 4698 et
3637 4634 3862 4698 notitia
3892 4652 3975 4695 sa·

2494 4758 2615 4801 crae
2655 4737 3016 4819 Scripturae,
3051 4735 3521 4818 praestantiores
3558 4741 3621 4796 et
3668 4732 3975 4814 pulchrio-

2494 4856 2595 4899 res
2623 4836 2938 4900 exsistunt
2967 4835 3142 4899 omni
3184 4833 3453 4896 naturali
3496 4840 3559 4896 et
3589 4830 3975 4913 philosophi-

2495 4954 2569 4998 ca
2598 4933 2955 4997 eruditione
2982 4951 3057 4995 ac
3084 4932 3349 4995 theoria.
3384 4930 3513 4993 lmo
3542 4929 3797 4992 stultam
3832 4927 3977 4992 fecit
3998 4944 4200 4993 lcor.·‚2¹².

2498 5035 2659 5097 Deus
2692 5031 3067 5115 sapientiam
3110 5030 3302 5111 hujus
3336 5029 3587 5108 mundi3
3620 5037 3681 5090 ct
3712 5028 3977 5109 pruden-
4000 5040 4198 5091 nonnus.

2496 5133 2585 5194 tia
2616 5130 2846 5207 carniS‚
2880 5147 3050 5191 mors
3089 5137 3219 5209 est;
3254 5136 3642 5207 tonanteque
3679 5124 3861 5202 coelo,
3898 5134 3977 5187 ta-

2496 5238 2681 5294 ceant
2710 5248 2900 5292 ranae.
2926 5232 3009 5291 Et
3036 5232 3193 5288 odor
3222 5236 3701 5305 unquentorum
3730 5236 3978 5286 tuorum

2497 5348 2693 5407 super
2746 5330 2967 5389 omnia
3024 5336 3319 5388 aromata
3366 5346 3389 5386 .·
3437 5324 3503 5387 id
3553 5330 3669 5398 est,
3723 5322 3978 5387 virtutes
