4284 6267
852 506 967 572 150

1458 523 1811 570 ENARnAno
1852 523 1917 572 IN
1958 523 2098 570 GAP.
2144 522 2298 569 xxm
2340 521 2826 570 Pnovnnmonmt.
2873 543 2954 554 —-
2995 525 3137 571 Am.
3183 523 3336 571 xxm

595 716 801 766 rami.
850 695 1057 760 Emite
1124 698 1367 780 absque
1433 705 1717 778 argento,
1779 704 1844 759 et
1904 695 2148 777 absque
2218 692 2427 757 ullaA
2461 694 2665 759 litatio
2713 703 2775 758 et
2820 697 3110 778 quaedam
3162 697 3516 762 lacrimatio
3554 702 3942 762 oculorum?

558 817 738 922 “Apum
761 828 819 867 m,

656 1694 728 1749 24

660 2281 732 2337 25

660 2767 731 2822 26

662 2973 734 3030 27

851 796 1371 861 commutatione.
1419 796 1497 858 Et
1544 795 1698 858 alibi
1749 794 1983 858 dicitur
2036 814 2050 858 :
2105 793 2349 857 Suadeo

852 895 969 957 tibi
1023 914 1233 958 emere
1284 913 1510 957 aurum
1562 893 1838 976 ignitum
1886 893 2246 975 probatum,
2283 892 2347 955 id

852 1003 949 1057 est
981 994 1330 1057 caritatem.
1362 998 1443 1056 Et
1470 996 1609 1055 noli
1630 997 1899 1054 vendere
1927 994 2346 1072 sapientiam,

852 1111 999 1174 quae
1045 1101 1140 1154 est
1190 1093 1416 1155 notitia
1464 1091 1854 1168 divinorum,
1886 1101 1944 1152 et
1980 1093 2348 1152 doctrinam

852 1191 1207 1267 moralium,
1224 1201 1283 1252 et
1304 1192 1373 1250 in
1384 1192 1809 1268 telliqentiam
1829 1189 2342 1272 speculabilium:

854 1307 997 1372 quae
1034 1308 1161 1353 non
1206 1298 1355 1352 sunt
1384 1288 1504 1351 sub
1543 1288 1748 1371 pretio
1786 1287 2214 1371 corporalium
2259 1306 2350 1350 re-

853 1407 996 1450 rum
1051 1388 1401 1470 ponendae3
1442 1387 1647 1449 nihilo
1694 1386 1907 1449 minus
1958 1388 2194 1450 docens
2242 1405 2350 1468 po-

854 1495 977 1552 test
1006 1486 1297 1568 accipere
1327 1505 1444 1568 pro
1465 1504 1581 1549 suo
1611 1485 1825 1548 labore
1846 1485 2346 1548 sustentaculum

852 1587 1021 1652 vitae.

938 1689 1247 1749 Eoesultat
1275 1685 1521 1762 qaudio
1532 1693 1725 1760 pater
1738 1686 1939 1762 justi,
1952 1682 2013 1745 id
2044 1690 2141 1745 cst
2171 1689 2349 1764 pater

857 1784 997 1865 ejus
1027 1783 1324 1859 carnalis,
1360 1801 1472 1845 seu
1512 1782 1885 1864 spiritualis,
1920 1781 1973 1844 si
2014 1790 2226 1844 tamen
2264 1780 2348 1842 sit

2459 797 2690 857 Nonne
2726 798 2828 856 his
2873 799 2992 877 qui
3038 807 3518 858 com-morantur
3561 800 3635 859 in
3674 801 3846 870 vino,
3875 807 3942 858 et

2455 898 2716 956 student
2735 897 3046 956 calicibus
3061 897 3442 973 epotandis?
3471 895 3535 959 id
3577 904 3694 973 est,
3725 897 3944 960 omnia

2455 993 2624 1056 mala
2672 993 2804 1058 haec
2855 993 3196 1057 imminent
3243 1003 3308 1057 et
3351 995 3728 1075 contingunt
3765 995 3946 1059 vino-

2457 1092 2644 1155 lentis
2671 1092 2821 1174 :qui
2867 1101 2931 1156 et
2974 1102 3269 1175 parentes
3313 1111 3462 1156 suos
3502 1113 3668 1176 saepe
3711 1093 3946 1157 contri-

2457 1199 2648 1268 stant,
2681 1199 2745 1254 et
2789 1190 3002 1266 rixari,
3037 1209 3342 1274 pugnare,
3375 1192 3694 1256 vulnerari
3737 1192 3944 1255 solent

2460 1290 2522 1351 in
2557 1289 2712 1354 loeis
2745 1289 3140 1372 potationum
3173 1308 3428 1352 suarum
3453 1299 3743 1372 :propter
3769 1290 3943 1372 quod

2459 1389 2977 1468 incarcerantur3
3010 1397 3074 1450 et
3128 1386 3516 1452 ambulando
3565 1390 3788 1452 cadere
3837 1407 3942 1452 so-

2458 1487 2590 1550 lent
2627 1507 2703 1550 ex
2745 1486 2991 1551 cerebri
3037 1486 3517 1569 perturbatione
3552 1495 3807 1570 propter
3847 1506 3944 1550 as-

2455 1586 2797 1650 cendentes
2843 1583 3238 1648 fumositates
3279 1585 3356 1647 ad
3399 1593 3592 1667 caput
3623 1605 3637 1650 :
3669 1603 3942 1667 quorum

2455 1693 2516 1748 et
2563 1685 2738 1748 visus
2776 1684 3172 1759 obscuratur,
3208 1691 3271 1746 et
3312 1683 3483 1747 oculi
3527 1684 3790 1748 humore
3837 1685 3946 1746 de-

2459 1781 2704 1846 fluente
2761 1782 2942 1864 quasi
3004 1781 3284 1845 lacrimis
3333 1782 3796 1846 humectantur.
3845 1785 3945 1844 Ne

858 1883 1065 1946 bonus
1114 1889 1179 1945 et
1226 1880 1645 1962 spiritualiter
1685 1899 1905 1943 amans
1950 1899 1963 1942 :
2010 1899 2155 1942 nam
2203 1878 2346 1960 qui-
2383 1878 2428 1940 B
2459 1883 2780 1941 intuearis
2811 1883 3064 1952 vinum,
3087 1884 3348 1961 quando
3383 1883 3694 1959 flavescit,
3727 1880 3788 1942 id
3820 1888 3939 1956 est,

856 1982 1001 2044 dam
1043 1988 1192 2042 sunt
1238 1979 1322 2041 ita
1367 1979 1674 2060 perversi,
1710 1979 1879 2060 quod
1918 1979 1996 2042 de
2027 1977 2344 2060 spirituali

856 2087 919 2143 et
949 2078 1235 2141 virtuosa
1261 2077 1543 2139 filiorum
1574 2095 1832 2140 suorum
1867 2077 2346 2141 conversatione

857 2178 1211 2240 tristantur.
1231 2177 1359 2246 Qui
1376 2178 1729 2252 sapientem
1742 2179 1994 2254 genuit,
2018 2179 2346 2238 laetabitur

857 2279 927 2337 in
960 2296 1051 2336 ee.
1092 2276 1384 2336 Gaudeat
1406 2284 1597 2351 pater
1630 2285 1777 2334 tuus
1806 2284 1864 2335 et
1894 2284 2099 2335 mater
2129 2285 2269 2343 tua,
2287 2284 2348 2334 et

854 2378 1127 2436 eoesultet
1168 2393 1312 2453 quoe
1352 2375 1582 2450 genuit
1634 2382 1691 2433 te
1738 2394 1761 2432 .·
1812 2371 1875 2434 id
1923 2380 2040 2450 est,
2078 2381 2206 2434 tam
2253 2392 2348 2436 sa-

860 2472 1109 2555 pienter
1151 2477 1214 2533 et
1242 2469 1525 2534 virtuose
1564 2477 1626 2532 te
1672 2468 1855 2546 habe,
1892 2479 1961 2532 ut
2004 2469 2232 2534 merito
2269 2472 2348 2534 de

858 2581 919 2634 te
975 2569 1331 2651 glorientur
1380 2569 1667 2632 carnales
1712 2588 1785 2632 ac
1840 2568 2203 2651 spirituales
2255 2570 2347 2632 tui

858 2676 1175 2752 parentes

940 2770 1188 2837 Praebe,
1216 2769 1323 2844 fili
1370 2768 1489 2832 mi,
1525 2787 1632 2826 cor
1678 2776 1858 2828 tuum
1906 2769 2097 2836 mihi,
2144 2776 2214 2830 ut
2264 2768 2351 2830 in-

860 2874 1139 2929 struatur
1169 2884 1206 2927 a
1235 2883 1339 2927 me
1368 2865 1446 2926 ad
1480 2865 1811 2927 vitandum
1843 2864 1999 2929 vitia
2028 2865 2256 2943 carnis,
2291 2877 2350 2928 et

858 2967 1033 3026 oculi
1056 2966 1155 3025 tui
1175 2966 1315 3024 vias
1344 2985 1516 3024 meas
1535 2966 1922 3026 custodiant.
1950 2968 2155 3026 Fovea
2177 2967 2352 3026 enim

859 3160 1228 3241 voraginem
1280 3161 1604 3237 vitiorum,
1638 3171 1699 3223 et
1732 3172 1969 3240 puteus
2012 3173 2349 3241 angustus,

860 3263 1107 3330 aliena,
1151 3259 1216 3322 id
1247 3267 1346 3322 est
1373 3259 1661 3322 adulte-ra
1694 3277 1708 3322 :
1741 3259 1897 3342 quia
1935 3260 2100 3322 sicut
2131 3261 2195 3322 in
2242 3281 2353 3344 pu-

860 3366 963 3422 teo
1012 3367 1187 3422 arcto
1234 3359 1488 3435 cadenS,
1544 3358 1630 3421 ita
1679 3358 2069 3439 demergitur
2117 3368 2188 3422 ut
2246 3360 2353 3423 vix

812 3520 823 3540 κ
861 3456 1103 3520 extrahi
1133 3465 1324 3538 queat
1352 3475 1368 3536 ;
1422 3456 1510 3518 ita
1537 3457 1646 3538 qui
1680 3457 1743 3519 in
1776 3456 2155 3520 adulterium
2198 3457 2354 3520 labi-

582 3672 663 3764 ζοὸ
676 3674 835 3724 xxxm-

666 4051 737 4106 28

860 3563 985 3632 tur,
1041 3554 1401 3618 difficulter
1449 3563 1729 3618 curatur.
1782 3555 1961 3619 Unde
2016 3557 2185 3638 apud
2237 3556 2352 3619 Job

863 3654 1227 3718 inducitur:
1267 3653 1328 3716 Si
1360 3655 1439 3717 ad
1479 3654 1715 3717 ostium
1748 3655 1939 3718 amici
1976 3656 2103 3718 mei
2132 3656 2353 3718 insidi-

861 3760 1003 3814 atus
1051 3771 1214 3829 sum,
1270 3761 1548 3815 scortum
1594 3751 1679 3814 sit
1726 3753 1906 3817 alteri
1958 3772 2115 3817 uxor
2157 3772 2347 3817 mea:

862 3849 983 3913 hoc
1022 3849 1194 3913 enim
1237 3849 1419 3913 nefas
1458 3859 1555 3913 est
1604 3859 1667 3913 et
1707 3851 2011 3934 iniquitas
2050 3852 2347 3930 maxima,

864 3948 1032 4029 ignis
1061 3957 1157 4012 est
1196 3967 1399 4030 usque
1440 3950 1518 4012 ad
1560 3949 1979 4031 perditionem
2011 3952 2347 4015 devorans,

862 4050 1233 4109 Insidiatur
1264 4050 1337 4108 in
1378 4049 1489 4108 via
1525 4051 1718 4128 quasi
1748 4053 1913 4110 latro
1946 4071 1967 4109 .·
2000 4069 2145 4111 nam
2188 4049 2354 4112 sieut

864 4145 1023 4207 latro
1058 4144 1193 4208 vult
1232 4163 1463 4227 corpus
1502 4145 1813 4224 occidere,
1846 4155 1909 4210 et
1950 4147 2145 4210 occisi
2183 4147 2352 4210 bona

2459 1978 2700 2042 flavum
2747 1987 2809 2043 et
2857 1979 3040 2061 quasi
3088 1998 3352 2042 aureum
3391 1980 3729 2061 quemdam
3773 1979 3945 2042 eolo-

2457 2097 2592 2140 rem
2639 2077 2916 2140 ostendit
2966 2078 3033 2140 in
3087 2097 3174 2152 se,
3209 2098 3414 2158 quum
3441 2080 3838 2156 splenduerit
3869 2081 3942 2138 in

2457 2180 2626 2238 vitro
2653 2181 2825 2237 color
2851 2178 2993 2254 eju-s
3023 2198 3045 2236 .·
3078 2175 3143 2239 id
3173 2184 3291 2253 est,
3325 2195 3401 2239 ex
3431 2175 3669 2239 carnali
3702 2174 3946 2240 affeetu

2458 2295 2588 2339 non
2635 2275 2832 2338 facias
2873 2275 3015 2350 hoc,
3061 2294 3141 2337 ne
3189 2275 3549 2356 provoceris
3597 2276 3674 2337 ad
3721 2283 3941 2357 potum

2461 2375 2808 2453 illicitum3
2866 2381 3076 2436 tamen
3127 2374 3204 2436 ad
3253 2374 3760 2455 cognoscendum
3807 2373 3944 2436 vini

2460 2472 2764 2548 valorem,
2810 2473 3184 2554 justumque
3233 2472 3530 2554 pretium,
3583 2471 3815 2553 poterit
3853 2471 3946 2534 ita

2461 2571 2688 2636 videri.
2739 2572 3122 2647 Ingreditur
3170 2572 3422 2642 blande,
3474 2569 3623 2652 quia
3671 2569 3946 2633 dulciter

2461 2669 2662 2752 sapit3
2708 2672 2818 2729 sed
2846 2671 2914 2729 in
2947 2671 3318 2738 novissimo,
3353 2667 3416 2730 id
3448 2676 3566 2746 est,
3601 2676 3944 2750 antequam

2461 2777 2870 2833 consumatur
2913 2766 2979 2828 in
3017 2785 3303 2849 corpore,
3339 2769 3651 2828 mordebit
3684 2778 3754 2828 ut
3778 2773 3944 2829 colu-

2462 2870 2593 2937 ber,
2617 2866 2680 2928 id
2712 2872 2821 2942 est,
2855 2863 3306 2928 calefactiones
3339 2865 3644 2947 poenaleS,
3678 2874 3914 2947 punctu

2461 2985 2562 3028 ras
2598 2973 2663 3028 et
2691 2964 2924 3027 multas
2966 2963 3513 3028 incommoditates
3553 2964 3840 3027 causabit
3877 2965 3946 3026 in

850 3066 1194 3142 profunda
1222 3072 1312 3123 est
1340 3063 1674 3130 meretrice,
1704 3061 2009 3144 quoniam
2052 3063 2248 3125 trahit
2285 3063 2350 3124 in
2383 3062 2429 3124 C
2459 3064 2720 3128 homine
2766 3063 3136 3142 vinolent03
3185 3073 3244 3124 et
3291 3065 3458 3124 sicut
3505 3067 3785 3142 reyulus,
3833 3064 3951 3144 qui

2460 3172 2557 3227 est
2599 3163 2914 3246 pessimus
2959 3181 3243 3244 serpenS,
3290 3183 3534 3223 venena
3566 3164 3893 3241 diffundet
3924 3185 3950 3223 .·

2461 3263 2613 3344 quia
2651 3279 2778 3324 non
2819 3261 3026 3324 solum
3058 3278 3287 3342 corpus
3319 3260 3411 3322 sic
3441 3259 3632 3334 laedit,
3669 3260 3776 3323 sed
3817 3261 3952 3323 ani·

2461 3379 2627 3422 mam
2680 3377 2936 3441 quoque
2974 3358 3052 3420 ad
3099 3357 3667 3440 concupiscentiaS,
3693 3365 3755 3420 et
3791 3357 3951 3420 vitia

2459 3478 2564 3521 eas
2617 3457 2972 3538 sequentia,
3026 3456 3270 3519 incitat.
3319 3455 3478 3518 Hinc
3523 3455 3592 3518 in
3645 3455 3950 3518 Ecclesia-

4071 1795 4133 1851 3¹

2461 3557 2619 3620 stico
2668 3555 2938 3618 habetur
2973 3573 2987 3616 :
3025 3553 3258 3634 Vigilia
3307 3563 3368 3617 et
3414 3553 3668 3617 cholera
3715 3561 3778 3617 et
3820 3562 3948 3618 tor·
3977 3581 4220 3626 gech-„m

2459 3663 2601 3718 tura
2631 3655 2771 3717 viro
2818 3652 3153 3716 infrunito.
3186 3653 3422 3715 Vinum
3466 3653 3738 3715 multum
3775 3661 3950 3735 pota-

2459 3764 2618 3832 tum,
2657 3752 3100 3827 irritationem,
3134 3751 3291 3815 iram
3343 3759 3404 3815 et
3453 3751 3669 3814 ruinas
3712 3753 3948 3815 multas

2463 3851 2636 3916 facit.

2519 3953 2704 4015 Oculi
2725 3952 3059 4031 tui,quum
3093 3947 3290 4012 fueris
3321 3949 3472 4014 vino
3501 3949 3940 4030 ingurgitatus

2459 4052 2767 4111 videbunt
2794 4059 3159 4117 extraneas,
3184 4047 3246 4109 id
3276 4055 3372 4110 est
3405 4045 3677 4110 feminas
3709 4046 3824 4110 tibi
3865 4047 3949 4110 le-

2460 4148 2682 4231 gitime
2711 4166 2838 4210 non
2871 4145 3198 4223 unitaS,ad
3231 4146 3622 4228 peccandum
3652 4165 3798 4209 cum
3827 4145 3943 4224 οἱς,

3977 3648 4045 3688 2³.

4003 3706 4122 3751 leid.
4141 3707 4186 3746 38

863 4242 1178 4325 diripere3
1224 4242 1316 4305 sic
1347 4242 1690 4306 fornicaria
1719 4253 1781 4308 et
1809 4245 2096 4308 adultera
2122 4246 2352 4328 quaerit
2383 4252 2432 4313 D
2459 4258 2518 4309 et
2545 4268 2651 4308 cor
2679 4257 2862 4308 tuum
2895 4251 3214 4326 loquetur,
3237 4244 3302 4306 id
3333 4251 3450 4321 est,
3486 4244 3655 4306 intra
3683 4264 3750 4308 se
3777 4245 3951 4326 cogi-

862 4342 1152 4406 occidere
1198 4341 1500 4418 animam,
1541 4362 1615 4406 ac
1664 4363 1777 4426 per
1823 4345 1943 4408 hoc
1992 4344 2352 4427 spiritualia
2464 4346 2621 4409 tabit
2650 4353 2714 4408 et
2739 4363 2850 4408 ore
2878 4342 3175 4427 proferet,
3185 4364 3513 4423 perversa,
3535 4343 3597 4406 id
3627 4351 3722 4406 est
3749 4344 3950 4408 verba

861 4440 1079 4521 gratiae
1108 4440 1276 4504 dona
1302 4460 1376 4504 ac
1416 4442 1643 4504 merita
1674 4442 1733 4504 ei
1773 4441 2064 4524 auferre3
2106 4454 2167 4505 et
2197 4464 2352 4522 quos
2462 4445 2722 4522 lasciva,
2773 4444 3151 4527 precatoria,
3185 4443 3460 4522 vitiosa3
3503 4453 3564 4504 et
3607 4445 3736 4504 eris
3779 4445 3948 4504 sicut

864 4543 1158 4602 incautos
1188 4542 1449 4609 viderit,
1483 4540 1545 4603 id
1580 4549 1676 4605 est
1710 4540 1985 4605 faciliter
2013 4543 2354 4625 deceptibi-

866 4637 979 4716 leS,
1023 4639 1135 4721 qui
1184 4638 1467 4720 pericula
1515 4639 1820 4703 vitiorum
1874 4659 2000 4704 non
2054 4650 2348 4724 pensant,

863 4755 980 4801 nec
1002 4737 1208 4800 vitant
1237 4738 1604 4820 prudenter,
1621 4740 1967 4818 interficiet
1986 4749 2193 4804 morte
2221 4742 2354 4804 cul-

863 4855 981 4918 pae,
1024 4836 1330 4899 trahendo
1378 4854 1487 4899 eos
1529 4837 1609 4899 ad
1653 4838 2235 4920 concupiscendum
2279 4860 2352 4904 ac

863 4934 1428 4998 commiscendum.

946 5037 1069 5096 Cui
1100 5055 1192 5096 vae
1226 5041 1478 5096 aeternae
1522 5033 1949 5097 damnationis
1986 5042 2049 5098 ot
2082 5054 2355 5116 praesen-

2460 4547 2786 4606 dormiens
2833 4547 2906 4604 in
2952 4545 3159 4604 medio
3207 4544 3402 4603 mari.
3427 4541 3578 4604 Nam
3632 4541 3794 4604 sicut
3833 4542 3946 4624 qui

2465 4643 2701 4706 dormit
2750 4643 2816 4705 in
2864 4641 3046 4718 mari,
3084 4639 3386 4722 periculis
3429 4639 3646 4702 multis
3691 4641 3952 4723 exponi-

2466 4748 2587 4818 tur,
2625 4738 3058 4819 fluctibusque
3087 4737 3353 4801 marinis
3383 4738 3657 4818 jactatur
3689 4757 3703 4802 ε
3738 4737 3830 4801 sic
3858 4738 3952 4801 vi-

2465 4857 2549 4902 no
2577 4838 2880 4920 repletuS,
2915 4837 2978 4898 in
3010 4855 3303 4900 somnum
3343 4836 3470 4899 cito
3502 4835 3862 4913 resolvitur,
3885 4845 3949 4900 et

2463 4935 2841 5000 humoribus
2892 4935 3064 4998 intus
3117 4941 3439 5008 exaestuat‚
3492 4951 3566 4996 ao
3613 4933 3805 4998 variis
3853 4937 3952 4998 in-

2463 5034 2946 5116 quietudinibus
2976 5033 3287 5113 agitatur3
3332 5033 3460 5095 imo
3490 5032 3952 5114 periculosissi-

864 5131 947 5194 tis
976 5130 1397 5195 afflictionis?
1424 5132 1624 5214 Cujus
1646 5135 1833 5210 patri
1862 5155 1954 5195 voe
1983 5133 2259 5197 tristitiae
2289 5143 2353 5198 et
2459 5153 2562 5197 me
2611 5141 2755 5210 stat,
2807 5141 3118 5214 quantum
3167 5131 3246 5193 ad
3294 5131 3590 5193 animam.
3627 5135 3712 5194 Et
3757 5137 3951 5212 quasi

862 5229 1145 5293 doloris?
1188 5232 1312 5292 Cui
1357 5231 1523 5291 rz'oeoe
1545 5232 1576 5290 ?
1612 5233 1723 5291 eui
1767 5236 1966 5311 foveoe
1986 5235 2016 5292 ?
2060 5234 2172 5294 cui
2209 5235 2352 5294 sine
2455 5235 2698 5311 sopitus
2720 5234 3143 5310 gubernator,
3165 5232 3396 5291 amisso
3416 5233 3617 5290 clave.
3643 5228 3794 5290 Nam
3823 5227 3947 5291 sie-

860 5349 1055 5390 causa
1094 5333 1365 5390 vulnera
1391 5330 1422 5388 ?
1457 5330 1567 5390 cui
1600 5331 1895 5408 suffusio,
1927 5330 1991 5392 id
2030 5339 2126 5394 est
2171 5331 2346 5395 debi-
2456 5339 2527 5394 ut
2569 5330 2958 5412 gubernator
3002 5327 3346 5406 dormienS,
3397 5335 3459 5391 et
3516 5327 3766 5391 clavum
3813 5345 3944 5409 quo

4074 3963 4140 4018 33
