4284 6267
137 1482 201 1536 u

887 508 1240 557 mumulo
1282 508 1347 555 m
1387 508 1525 557 cn.
1563 508 1671 559 vm
1712 508 1951 557 cmm
1991 508 2395 558 emmonim.
2441 528 2524 541 —
2562 509 2704 556 Am.
2749 508 2898 555 xxvi

324 677 640 757 gaudiose
688 678 1047 757 advertunt,
1092 685 1283 761 teque
1316 676 1704 743 aeternaliter
1746 678 1840 741 in·
1868 694 1919 757 Α
1949 679 2042 743 cis
2089 698 2234 761 quae
2285 698 2541 743 omnem
2590 698 2849 743 sensum
2898 686 3255 761 exsuperat,
3299 678 3439 741 sine
3477 700 3732 759 Ρὴειερμιν,

324 776 523 853 tueri,
566 776 788 839 audire
847 784 910 839 et
958 784 1337 859 praesentem
1387 777 1620 841 habere
1671 776 1837 841 inef-

328 871 623 937 fabiliter
665 875 969 954 gliscunt.
1021 881 1155 938 Fac
1205 898 1301 937 me
1346 880 1581 938 audire
1628 896 1839 937 vocem

330 982 543 1045 tuam,
596 973 661 1035 id
711 982 829 1053 est,
882 983 1109 1038 mutuo
1157 976 1649 1058 colloquamur:
1685 974 1840 1057 quia

328 1071 402 1133 in
466 1072 681 1136 verbis
740 1072 1129 1137 sanctissimi
1189 1074 1319 1138 oris
1378 1074 1472 1138 tui
1531 1074 1833 1151 delector,

328 1168 559 1234 laudes
601 1190 763 1253 quas
813 1172 1076 1236 exhibes
1117 1172 1345 1237 Deitati
1394 1172 1585 1236 audio
1627 1178 1837 1252 gratu-

329 1266 569 1347 lanter,
622 1269 945 1334 orationes
1005 1289 1163 1352 quas
1222 1289 1338 1352 pro
1398 1270 1704 1333 fidelibus
1763 1289 1836 1333 ac

332 1366 559 1450 impiis
603 1367 844 1446 fundiS‚
892 1388 1180 1433 amorose
1225 1370 1532 1452 percipio.

426 1469 627 1545 Fuye,
674 1470 905 1529 dilecte
945 1470 1063 1537 mi,
1110 1466 1175 1529 id
1226 1476 1344 1546 est,
1396 1468 1717 1531 obstinata
1763 1487 1837 1531 ac

332 1564 593 1646 perfida
624 1564 955 1648 Synagoga
986 1565 1230 1643 relicta,
1266 1566 1345 1628 ad
1376 1567 1661 1645 gentium
1697 1585 1840 1630 con-

332 1663 700 1728 versionem
750 1663 1043 1727 celcritcr
1092 1682 1305 1747 perge.
1368 1665 1498 1728 Imo
1552 1664 1741 1726 simul
1802 1685 1839 1728 a

336 1761 507 1825 valle
547 1762 670 1825 ista
712 1763 1171 1845 plorationum;
1205 1764 1286 1826 ad
1326 1764 1700 1827 {eternitatis
1732 1764 1839 1827 be-

332 1860 741 1939 atitudinem,
777 1881 1211 1945 properemuS,
1241 1862 1351 1925 ubi
1385 1863 1451 1924 in
1481 1864 1700 1927 osculo
1733 1881 1841 1945 pa-

902 3522 1087 3573 Flrus
1150 3520 1813 3573 COMMENTARIORUM
1876 3520 1946 3568 IN

3321 490 3442 553 447

1951 778 2465 860 interpolatione,
2513 778 2916 855 aeternaliter,
2970 776 3438 859 jucundissime

1950 895 2454 959 perseveremus.
2499 878 2651 941 Illuc
2696 896 2798 939 me
2845 876 3020 939 trahe
3061 884 3206 958 post
3251 884 3334 951 te,
3377 884 3440 938 et

1950 975 2196 1037 meritis
2241 975 2367 1037 tuis
2406 995 2480 1038 ac
2516 975 2814 1058 precibus
2853 974 3015 1037 meis
3056 974 3440 1037 militantem

1954 1073 2309 1145 Ecclesiam,
2368 1072 2836 1137 incessabiliter
2879 1080 3162 1156 protege,
3216 1071 3438 1154 imple,

1953 1169 2252 1251 reforma,
2289 1172 2559 1250 illustra,
2605 1191 2679 1235 ac
2720 1170 2998 1255 perfice3
3053 1189 3322 1252 eamque
3363 1171 3440 1233 ad

1953 1270 2407 1352 triumphantis
2455 1271 2820 1335 societatem
2862 1269 3181 1346 Ecclesiae‚
3227 1270 3305 1331 ad
3346 1289 3446 1330 su-

1951 1388 2297 1450 pernorum
2339 1380 2578 1432 montes
2619 1380 3011 1436 aromatum,
3045 1369 3124 1430 ad
3156 1368 3444 1435 omnium

1950 1468 2322 1533 felicitatem
2351 1468 2704 1532 coelestium
2735 1466 2972 1532 civium
2997 1465 3280 1547 digneris
3310 1485 3448 1548 per-

1948 1568 2203 1631 ducere.
2257 1568 2351 1630 Ad
2401 1568 2652 1631 laudem
2688 1575 2751 1630 et
2789 1565 3058 1647 gloriam
3098 1564 3206 1628 Dei
3246 1565 3446 1628 Patris

1947 1666 2429 1748 omnipotentiS‚
2482 1666 2597 1748 qui
2655 1673 2864 1729 tecum
2915 1673 2977 1727 et
3019 1682 3164 1727 cum
3207 1662 3446 1746 Spiritu

1948 1763 2178 1828 Sancto
2216 1784 2383 1827 unus
2425 1772 2522 1827 est
2561 1784 2752 1848 super
2789 1762 3007 1827 omnia
3045 1762 3208 1825 Deus
3248 1762 3447 1824 subli-

1947 1864 2069 1925 mis
2108 1872 2171 1927 et
2209 1864 2607 1927 benedictus,
2655 1862 2878 1925 Amen.

2010 3518 2374 3569 CANTICUM
2439 3516 2896 3569 CANTICORUM

3520 766 3561 807 7.
