<?xml version="1.0" encoding="UTF-8"?>
<!DOCTYPE html PUBLIC "-//W3C//DTD XHTML 1.0 Transitional//EN"
    "http://www.w3.org/TR/xhtml1/DTD/xhtml1-transitional.dtd">
<html xmlns="http://www.w3.org/1999/xhtml" xml:lang="en" lang="en">
 <head>
  <title>
</title>
<meta http-equiv="Content-Type" content="text/html;charset=utf-8" />
  <meta name='ocr-system' content='tesseract 3.04.00' />
  <meta name='ocr-capabilities' content='ocr_page ocr_carea ocr_par ocr_line ocrx_word'/>
</head>
<body>
  <div class='ocr_page' id='page_1' title='image "./doctorisecstati00denigoog_0379.png"; bbox 0 0 4284 6267; ppageno 0'>
   <div class='ocr_carea' id='block_1_1' title="bbox 835 479 954 543">
    <p class='ocr_par' dir='ltr' id='par_1_1' title="bbox 835 479 954 543">
     <span class='ocr_line' id='line_1_1' title="bbox 835 479 954 543; baseline -0.008 0"><span class='ocrx_word' id='word_1_1' title='bbox 835 479 954 543; x_wconf 77' lang='lat'><strong>306</strong></span> 
     </span>
    </p>
   </div>
   <div class='ocr_carea' id='block_1_2' title="bbox 1453 496 3318 550">
    <p class='ocr_par' dir='ltr' id='par_1_2' title="bbox 1453 496 3318 550">
     <span class='ocr_line' id='line_1_2' title="bbox 1453 496 3318 550; baseline 0.002 -5"><span class='ocrx_word' id='word_1_2' title='bbox 1453 498 1807 546; x_wconf 71' lang='lat' dir='ltr'><strong>ENARRATIo</strong></span> <span class='ocrx_word' id='word_1_3' title='bbox 1849 500 1912 545; x_wconf 85' lang='lat' dir='ltr'><strong>IN</strong></span> <span class='ocrx_word' id='word_1_4' title='bbox 1961 498 2100 545; x_wconf 77' lang='lat' dir='ltr'><strong>GAP.</strong></span> <span class='ocrx_word' id='word_1_5' title='bbox 2150 498 2171 542; x_wconf 94' lang='lat'>1</span> <span class='ocrx_word' id='word_1_6' title='bbox 2212 496 2453 543; x_wconf 72' lang='lat' dir='ltr'>CANTJCI</span> <span class='ocrx_word' id='word_1_7' title='bbox 2494 498 2897 547; x_wconf 77' lang='lat' dir='ltr'><strong>cAN&#39;rtcoRmt.</strong></span> <span class='ocrx_word' id='word_1_8' title='bbox 2944 522 3023 531; x_wconf 84' lang='lat'><strong>—-·</strong></span> <span class='ocrx_word' id='word_1_9' title='bbox 3066 504 3206 549; x_wconf 70' lang='grc' dir='ltr'><strong>ΛΒΤ.</strong></span> <span class='ocrx_word' id='word_1_10' title='bbox 3254 503 3318 550; x_wconf 84' lang='grc' dir='ltr'><strong>ΙΙΙ</strong></span> 
     </span>
    </p>
   </div>
   <div class='ocr_carea' id='block_1_3' title="bbox 831 667 3937 755">
    <p class='ocr_par' dir='ltr' id='par_1_3' title="bbox 831 667 3937 755">
     <span class='ocr_line' id='line_1_3' title="bbox 831 667 3937 755; baseline 0.003 -26"><span class='ocrx_word' id='word_1_11' title='bbox 831 667 1240 751; x_wconf 87' lang='lat' dir='ltr'><strong>pasciturque</strong></span> <span class='ocrx_word' id='word_1_12' title='bbox 1277 668 1358 732; x_wconf 88' lang='lat' dir='ltr'><strong>ab</strong></span> <span class='ocrx_word' id='word_1_13' title='bbox 1389 670 1481 734; x_wconf 91' lang='lat' dir='ltr'><strong>eis</strong></span> <span class='ocrx_word' id='word_1_14' title='bbox 1517 670 1582 732; x_wconf 93' lang='lat' dir='ltr'><strong>in</strong></span> <span class='ocrx_word' id='word_1_15' title='bbox 1625 670 1929 734; x_wconf 91' lang='lat' dir='ltr'><strong>membris</strong></span> <span class='ocrx_word' id='word_1_16' title='bbox 1965 671 2096 733; x_wconf 91' lang='lat' dir='ltr'><strong>suis</strong></span> <span class='ocrx_word' id='word_1_17' title='bbox 2127 670 2228 734; x_wconf 91' lang='lat' dir='ltr'><strong>vel</strong></span> <span class='ocrx_word' id='word_1_18' title='bbox 2260 670 2324 732; x_wconf 91' lang='lat' dir='ltr'><strong>in</strong></span> <span class='ocrx_word' id='word_1_19' title='bbox 2359 669 2410 731; x_wconf 85' lang='lat' dir='ltr'>A</span> <span class='ocrx_word' id='word_1_20' title='bbox 2438 690 2545 734; x_wconf 92' lang='lat' dir='ltr'><strong>eos</strong></span> <span class='ocrx_word' id='word_1_21' title='bbox 2594 673 2823 755; x_wconf 90' lang='lat' dir='ltr'><strong>perire,</strong></span> <span class='ocrx_word' id='word_1_22' title='bbox 2873 681 2943 736; x_wconf 92' lang='lat' dir='ltr'><strong>tu</strong></span> <span class='ocrx_word' id='word_1_23' title='bbox 2985 683 3195 738; x_wconf 87' lang='lat' dir='ltr'><strong>tamen</strong></span> <span class='ocrx_word' id='word_1_24' title='bbox 3250 674 3461 739; x_wconf 86' lang='lat' dir='ltr'><strong>fructu</strong></span> <span class='ocrx_word' id='word_1_25' title='bbox 3505 684 3756 739; x_wconf 91' lang='lat' dir='ltr'><strong>tuorum</strong></span> <span class='ocrx_word' id='word_1_26' title='bbox 3807 695 3937 740; x_wconf 91' lang='lat' dir='ltr'><strong>non</strong></span> 
     </span>
    </p>
   </div>
   <div class='ocr_carea' id='block_1_4' title="bbox 585 768 2332 1840">
    <p class='ocr_par' dir='ltr' id='par_1_4' title="bbox 585 768 2332 1840">
     <span class='ocr_line' id='line_1_4' title="bbox 831 768 2329 852; baseline 0.001 -22"><span class='ocrx_word' id='word_1_27' title='bbox 831 786 900 830; x_wconf 90' lang='lat' dir='ltr'><strong>se</strong></span> <span class='ocrx_word' id='word_1_28' title='bbox 927 768 1090 850; x_wconf 89' lang='lat' dir='ltr'><strong>ipso,</strong></span> <span class='ocrx_word' id='word_1_29' title='bbox 1122 769 1274 832; x_wconf 90' lang='lat' dir='ltr'><strong>dum</strong></span> <span class='ocrx_word' id='word_1_30' title='bbox 1308 772 1387 832; x_wconf 91' lang='lat' dir='ltr'><strong>de</strong></span> <span class='ocrx_word' id='word_1_31' title='bbox 1428 789 1646 834; x_wconf 91' lang='lat' dir='ltr'><strong>eorum</strong></span> <span class='ocrx_word' id='word_1_32' title='bbox 1688 770 1874 833; x_wconf 91' lang='lat' dir='ltr'><strong>bonis</strong></span> <span class='ocrx_word' id='word_1_33' title='bbox 1913 772 2143 851; x_wconf 89' lang='lat' dir='ltr'><strong>gaudet</strong></span> <span class='ocrx_word' id='word_1_34' title='bbox 2180 789 2329 852; x_wconf 90' lang='lat' dir='ltr'><strong>ope-</strong></span> 
     </span>
     <span class='ocr_line' id='line_1_5' title="bbox 833 866 2331 951; baseline 0.003 -23"><span class='ocrx_word' id='word_1_35' title='bbox 833 866 1034 942; x_wconf 84' lang='lat' dir='ltr'><strong>ribuS,</strong></span> <span class='ocrx_word' id='word_1_36' title='bbox 1102 876 1294 951; x_wconf 86' lang='lat' dir='ltr'><strong>atque</strong></span> <span class='ocrx_word' id='word_1_37' title='bbox 1359 888 1580 933; x_wconf 88' lang='lat' dir='ltr'><strong>eorum</strong></span> <span class='ocrx_word' id='word_1_38' title='bbox 1640 869 2118 950; x_wconf 80' lang='lat' dir='ltr'><strong>congratulatur</strong></span> <span class='ocrx_word' id='word_1_39' title='bbox 2186 887 2331 951; x_wconf 93' lang='lat' dir='ltr'><strong>pro-</strong></span> 
     </span>
     <span class='ocr_line' id='line_1_6' title="bbox 585 963 2329 1052; baseline -0.001 -19"><span class='ocrx_word' id='word_1_40' title='bbox 585 978 722 1033; x_wconf 71' lang='lat' dir='ltr'>Apoc-</span> <span class='ocrx_word' id='word_1_41' title='bbox 745 991 803 1029; x_wconf 81' lang='grc' dir='ltr'>ιιι,</span> <span class='ocrx_word' id='word_1_42' title='bbox 833 963 1052 1029; x_wconf 85' lang='lat' dir='ltr'><strong>sectui.</strong></span> <span class='ocrx_word' id='word_1_43' title='bbox 1089 966 1266 1031; x_wconf 85' lang='lat' dir='ltr'><strong>Unde</strong></span> <span class='ocrx_word' id='word_1_44' title='bbox 1307 968 1372 1030; x_wconf 91' lang='lat' dir='ltr'><strong>in</strong></span> <span class='ocrx_word' id='word_1_45' title='bbox 1412 970 1791 1052; x_wconf 83' lang='lat' dir='ltr'>Apocalypsi</span> <span class='ocrx_word' id='word_1_46' title='bbox 1836 978 2098 1032; x_wconf 89' lang='lat' dir='ltr'><strong>testatur</strong></span> <span class='ocrx_word' id='word_1_47' title='bbox 2139 987 2155 1030; x_wconf 71' lang='grc' dir='ltr'><em>τ</em></span> <span class='ocrx_word' id='word_1_48' title='bbox 2204 969 2329 1049; x_wconf 78' lang='lat' dir='ltr'><strong>Ego</strong></span> 
     </span>
     <span class='ocr_line' id='line_1_7' title="bbox 833 1066 2331 1150; baseline 0.001 -23"><span class='ocrx_word' id='word_1_49' title='bbox 833 1072 931 1128; x_wconf 89' lang='lat' dir='ltr'><strong>sto</strong></span> <span class='ocrx_word' id='word_1_50' title='bbox 959 1067 1036 1128; x_wconf 91' lang='lat' dir='ltr'><strong>ad</strong></span> <span class='ocrx_word' id='word_1_51' title='bbox 1083 1066 1316 1130; x_wconf 89' lang='lat' dir='ltr'><strong>ostium</strong></span> <span class='ocrx_word' id='word_1_52' title='bbox 1357 1076 1421 1132; x_wconf 85' lang='lat' dir='ltr'><strong>et</strong></span> <span class='ocrx_word' id='word_1_53' title='bbox 1461 1068 1644 1150; x_wconf 93' lang='lat' dir='ltr'><strong>pulso</strong></span> <span class='ocrx_word' id='word_1_54' title='bbox 1679 1086 1693 1129; x_wconf 91' lang='lat'><strong>:</strong></span> <span class='ocrx_word' id='word_1_55' title='bbox 1730 1068 1782 1130; x_wconf 90' lang='lat' dir='ltr'><strong>si</strong></span> <span class='ocrx_word' id='word_1_56' title='bbox 1824 1068 1966 1149; x_wconf 93' lang='lat' dir='ltr'><strong>quis</strong></span> <span class='ocrx_word' id='word_1_57' title='bbox 2006 1068 2331 1149; x_wconf 88' lang='lat' dir='ltr'><strong>aperuerit</strong></span> 
     </span>
     <span class='ocr_line' id='line_1_8' title="bbox 831 1164 2327 1244; baseline 0.003 -19"><span class='ocrx_word' id='word_1_58' title='bbox 831 1164 1012 1237; x_wconf 89' lang='lat' dir='ltr'><strong>mihi,</strong></span> <span class='ocrx_word' id='word_1_59' title='bbox 1067 1164 1320 1229; x_wconf 81' lang='lat' dir='ltr'><strong>intrabo</strong></span> <span class='ocrx_word' id='word_1_60' title='bbox 1360 1167 1440 1228; x_wconf 89' lang='lat' dir='ltr'><strong>ad</strong></span> <span class='ocrx_word' id='word_1_61' title='bbox 1492 1166 1699 1244; x_wconf 90' lang='lat' dir='ltr'><strong>illum,</strong></span> <span class='ocrx_word' id='word_1_62' title='bbox 1751 1175 1814 1228; x_wconf 82' lang='lat' dir='ltr'><strong>et</strong></span> <span class='ocrx_word' id='word_1_63' title='bbox 1861 1166 2130 1230; x_wconf 89' lang='lat' dir='ltr'><strong>coenabo</strong></span> <span class='ocrx_word' id='word_1_64' title='bbox 2181 1186 2327 1230; x_wconf 89' lang='lat' dir='ltr'><strong>cum</strong></span> 
     </span>
     <span class='ocr_line' id='line_1_9' title="bbox 831 1264 2331 1347; baseline 0.001 -22"><span class='ocrx_word' id='word_1_65' title='bbox 831 1281 928 1337; x_wconf 90' lang='lat' dir='ltr'><strong>e0,</strong></span> <span class='ocrx_word' id='word_1_66' title='bbox 961 1272 1024 1326; x_wconf 91' lang='lat' dir='ltr'><strong>et</strong></span> <span class='ocrx_word' id='word_1_67' title='bbox 1069 1264 1203 1345; x_wconf 91' lang='lat' dir='ltr'><strong>ipse</strong></span> <span class='ocrx_word' id='word_1_68' title='bbox 1251 1283 1522 1327; x_wconf 88' lang='lat' dir='ltr'><strong>mecum.</strong></span> <span class='ocrx_word' id='word_1_69' title='bbox 1559 1266 1623 1327; x_wconf 91' lang='lat' dir='ltr'><strong>ln</strong></span> <span class='ocrx_word' id='word_1_70' title='bbox 1667 1265 2182 1347; x_wconf 81' lang='lat' dir='ltr'><strong>contemplativis</strong></span> <span class='ocrx_word' id='word_1_71' title='bbox 2224 1285 2331 1329; x_wconf 87' lang='lat' dir='ltr'><strong>au-</strong></span> 
     </span>
     <span class='ocr_line' id='line_1_10' title="bbox 832 1361 2331 1446; baseline 0.001 -23"><span class='ocrx_word' id='word_1_72' title='bbox 832 1369 960 1424; x_wconf 88' lang='lat' dir='ltr'><strong>tem</strong></span> <span class='ocrx_word' id='word_1_73' title='bbox 1004 1361 1215 1439; x_wconf 84' lang='lat' dir='ltr'><strong>cubat,</strong></span> <span class='ocrx_word' id='word_1_74' title='bbox 1251 1362 1313 1425; x_wconf 93' lang='lat' dir='ltr'><strong>id</strong></span> <span class='ocrx_word' id='word_1_75' title='bbox 1358 1371 1451 1425; x_wconf 86' lang='lat' dir='ltr'><strong>est</strong></span> <span class='ocrx_word' id='word_1_76' title='bbox 1496 1364 1793 1445; x_wconf 83' lang='lat' dir='ltr'><strong>quiescit,</strong></span> <span class='ocrx_word' id='word_1_77' title='bbox 1830 1364 2133 1446; x_wconf 90' lang='lat' dir='ltr'><strong>quoniam</strong></span> <span class='ocrx_word' id='word_1_78' title='bbox 2179 1382 2331 1427; x_wconf 91' lang='lat' dir='ltr'><strong>con-</strong></span> 
     </span>
     <span class='ocr_line' id='line_1_11' title="bbox 831 1460 2331 1544; baseline 0.001 -23"><span class='ocrx_word' id='word_1_79' title='bbox 831 1460 1190 1542; x_wconf 89' lang='lat' dir='ltr'><strong>templativi</strong></span> <span class='ocrx_word' id='word_1_80' title='bbox 1221 1461 1512 1524; x_wconf 88' lang='lat' dir='ltr'><strong>stabilius</strong></span> <span class='ocrx_word' id='word_1_81' title='bbox 1545 1460 2074 1544; x_wconf 80' lang='lat' dir='ltr'><strong>frequentiusque</strong></span> <span class='ocrx_word' id='word_1_82' title='bbox 2102 1470 2331 1525; x_wconf 88' lang='lat' dir='ltr'><strong>vacant</strong></span> 
     </span>
     <span class='ocr_line' id='line_1_12' title="bbox 833 1558 2332 1642; baseline 0.001 -23"><span class='ocrx_word' id='word_1_83' title='bbox 833 1558 1055 1640; x_wconf 89' lang='lat' dir='ltr'><strong>sponsi</strong></span> <span class='ocrx_word' id='word_1_84' title='bbox 1083 1559 1503 1641; x_wconf 83' lang='lat' dir='ltr'><strong>amplexibuS,</strong></span> <span class='ocrx_word' id='word_1_85' title='bbox 1525 1568 1587 1623; x_wconf 91' lang='lat' dir='ltr'><strong>et</strong></span> <span class='ocrx_word' id='word_1_86' title='bbox 1619 1560 2165 1642; x_wconf 89' lang='lat' dir='ltr'><strong>pulchritudinem</strong></span> <span class='ocrx_word' id='word_1_87' title='bbox 2200 1560 2332 1624; x_wconf 93' lang='lat' dir='ltr'><strong>vul-</strong></span> 
     </span>
     <span class='ocr_line' id='line_1_13' title="bbox 835 1658 1591 1740; baseline 0.003 -22"><span class='ocrx_word' id='word_1_88' title='bbox 835 1664 939 1719; x_wconf 87' lang='lat' dir='ltr'><strong>tus</strong></span> <span class='ocrx_word' id='word_1_89' title='bbox 987 1658 1126 1739; x_wconf 88' lang='lat' dir='ltr'><strong>ejus</strong></span> <span class='ocrx_word' id='word_1_90' title='bbox 1170 1658 1591 1740; x_wconf 90' lang='lat' dir='ltr'><strong>prospiciunt.</strong></span> 
     </span>
     <span class='ocr_line' id='line_1_14' title="bbox 912 1755 2328 1840; baseline 0.001 -23"><span class='ocrx_word' id='word_1_91' title='bbox 912 1755 1212 1840; x_wconf 79' lang='lat' dir='ltr'><strong>Sequitur</strong></span> <span class='ocrx_word' id='word_1_92' title='bbox 1255 1758 1472 1839; x_wconf 89' lang='lat' dir='ltr'><strong>sponsi</strong></span> <span class='ocrx_word' id='word_1_93' title='bbox 1517 1757 1847 1839; x_wconf 83' lang='lat' dir='ltr'><strong>responsio</strong></span> <span class='ocrx_word' id='word_1_94' title='bbox 1891 1758 1969 1819; x_wconf 91' lang='lat' dir='ltr'><strong>ad</strong></span> <span class='ocrx_word' id='word_1_95' title='bbox 2012 1756 2328 1839; x_wconf 83' lang='lat' dir='ltr'><strong>praeindu-</strong></span> 
     </span>
    </p>
   </div>
   <div class='ocr_carea' id='block_1_5' title="bbox 2436 771 4216 1840">
    <p class='ocr_par' dir='ltr' id='par_1_5' title="bbox 2436 771 3934 857">
     <span class='ocr_line' id='line_1_15' title="bbox 2436 771 3934 857; baseline 0.004 -26"><span class='ocrx_word' id='word_1_96' title='bbox 2436 771 2683 833; x_wconf 87' lang='lat' dir='ltr'><strong>carebis</strong></span> <span class='ocrx_word' id='word_1_97' title='bbox 2731 771 3043 835; x_wconf 91' lang='lat' dir='ltr'><strong>laborum.</strong></span> <span class='ocrx_word' id='word_1_98' title='bbox 3084 774 3265 836; x_wconf 83' lang='lat' dir='ltr'><strong>Juxta</strong></span> <span class='ocrx_word' id='word_1_99' title='bbox 3313 774 3738 857; x_wconf 57' lang='lat' dir='ltr'><strong>praehabitum</strong></span> <span class='ocrx_word' id='word_1_100' title='bbox 3788 794 3934 837; x_wconf 91' lang='lat' dir='ltr'><strong>sen-</strong></span> 
     </span>
    </p>

    <p class='ocr_par' dir='ltr' id='par_1_6' title="bbox 2438 870 4215 1052">
     <span class='ocr_line' id='line_1_16' title="bbox 2438 870 4215 956; baseline 0.001 -27"><span class='ocrx_word' id='word_1_101' title='bbox 2438 887 2577 930; x_wconf 89' lang='lat' dir='ltr'><strong>sum</strong></span> <span class='ocrx_word' id='word_1_102' title='bbox 2604 870 2693 932; x_wconf 90' lang='lat' dir='ltr'><strong>ait</strong></span> <span class='ocrx_word' id='word_1_103' title='bbox 2719 872 3056 953; x_wconf 88' lang='lat' dir='ltr'><strong>Apostolus</strong></span> <span class='ocrx_word' id='word_1_104' title='bbox 3078 890 3091 932; x_wconf 91' lang='lat'>:</span> <span class='ocrx_word' id='word_1_105' title='bbox 3113 871 3209 934; x_wconf 88' lang='lat' dir='ltr'><strong>An</strong></span> <span class='ocrx_word' id='word_1_106' title='bbox 3243 872 3549 953; x_wconf 87' lang='lat' dir='ltr'><strong>ignoratis</strong></span> <span class='ocrx_word' id='word_1_107' title='bbox 3581 893 3693 937; x_wconf 93' lang='lat' dir='ltr'><strong>vos</strong></span> <span class='ocrx_word' id='word_1_108' title='bbox 3725 873 3935 956; x_wconf 70' lang='lat' dir='ltr'><strong>ipsos?</strong></span> <span class='ocrx_word' id='word_1_109' title='bbox 3978 890 4215 941; x_wconf 57' lang='lat' dir='ltr'><strong>nevum,</strong></span> 
     </span>
     <span class='ocr_line' id='line_1_17' title="bbox 2442 956 4006 1052; baseline 0.003 -24"><span class='ocrx_word' id='word_1_110' title='bbox 2442 967 2564 1029; x_wconf 93' lang='lat' dir='ltr'><strong>nisi</strong></span> <span class='ocrx_word' id='word_1_111' title='bbox 2622 967 2785 1032; x_wconf 86' lang='lat' dir='ltr'><strong>forte</strong></span> <span class='ocrx_word' id='word_1_112' title='bbox 2834 969 3087 1052; x_wconf 86' lang='lat' dir='ltr'><strong>reprobi</strong></span> <span class='ocrx_word' id='word_1_113' title='bbox 3140 970 3301 1033; x_wconf 89' lang='lat' dir='ltr'><strong>sitis.</strong></span> <span class='ocrx_word' id='word_1_114' title='bbox 3354 972 3432 1032; x_wconf 87' lang='lat' dir='ltr'><strong>Et</strong></span> <span class='ocrx_word' id='word_1_115' title='bbox 3477 971 3686 1034; x_wconf 86' lang='lat' dir='ltr'><strong>denuo</strong></span> <span class='ocrx_word' id='word_1_116' title='bbox 3734 970 3936 1033; x_wconf 85' lang='lat' dir='ltr'><strong>fassus</strong></span> <span class='ocrx_word' id='word_1_117' title='bbox 3964 956 4006 995; x_wconf 79' lang='lat'><strong>⁵·</strong></span> 
     </span>
    </p>

    <p class='ocr_par' dir='ltr' id='par_1_7' title="bbox 2439 1067 4216 1446">
     <span class='ocr_line' id='line_1_18' title="bbox 2440 1067 4216 1152; baseline 0.001 -25"><span class='ocrx_word' id='word_1_118' title='bbox 2440 1075 2534 1127; x_wconf 90' lang='lat' dir='ltr'><strong>est</strong></span> <span class='ocrx_word' id='word_1_119' title='bbox 2588 1085 2601 1129; x_wconf 75' lang='grc' dir='ltr'><strong><em>ε</em></strong></span> <span class='ocrx_word' id='word_1_120' title='bbox 2654 1067 2961 1131; x_wconf 88' lang='lat' dir='ltr'><strong>Omnibus</strong></span> <span class='ocrx_word' id='word_1_121' title='bbox 3020 1069 3267 1133; x_wconf 87' lang='lat' dir='ltr'><strong>debitor</strong></span> <span class='ocrx_word' id='word_1_122' title='bbox 3317 1090 3480 1147; x_wconf 91' lang='lat' dir='ltr'><strong>sum,</strong></span> <span class='ocrx_word' id='word_1_123' title='bbox 3540 1069 3936 1152; x_wconf 89' lang='lat' dir='ltr'><strong>sapientibus</strong></span> <span class='ocrx_word' id='word_1_124' title='bbox 3980 1087 4216 1137; x_wconf 48' lang='lat' dir='ltr'><strong>aon-asti.</strong></span> 
     </span>
     <span class='ocr_line' id='line_1_19' title="bbox 2439 1165 3937 1248; baseline 0.004 -23"><span class='ocrx_word' id='word_1_125' title='bbox 2439 1172 2502 1225; x_wconf 92' lang='lat' dir='ltr'><strong>et</strong></span> <span class='ocrx_word' id='word_1_126' title='bbox 2533 1165 3010 1248; x_wconf 79' lang='lat' dir='ltr'><strong>insipientibus,</strong></span> <span class='ocrx_word' id='word_1_127' title='bbox 3045 1168 3496 1230; x_wconf 83' lang='lat' dir='ltr'><strong>Verumtamen</strong></span> <span class='ocrx_word' id='word_1_128' title='bbox 3540 1167 3724 1230; x_wconf 90' lang='lat' dir='ltr'><strong>multi</strong></span> <span class='ocrx_word' id='word_1_129' title='bbox 3764 1168 3937 1231; x_wconf 88' lang='lat' dir='ltr'><strong>hunc</strong></span> 
     </span>
     <span class='ocr_line' id='line_1_20' title="bbox 2439 1265 3939 1349; baseline 0.003 -25"><span class='ocrx_word' id='word_1_130' title='bbox 2439 1282 2698 1345; x_wconf 89' lang='lat' dir='ltr'><strong>passum</strong></span> <span class='ocrx_word' id='word_1_131' title='bbox 2746 1265 2931 1328; x_wconf 87' lang='lat' dir='ltr'><strong>aliter</strong></span> <span class='ocrx_word' id='word_1_132' title='bbox 2990 1283 3063 1328; x_wconf 92' lang='lat' dir='ltr'><strong>ac</strong></span> <span class='ocrx_word' id='word_1_133' title='bbox 3112 1266 3360 1348; x_wconf 86' lang='lat' dir='ltr'><strong>prolixe</strong></span> <span class='ocrx_word' id='word_1_134' title='bbox 3416 1274 3774 1349; x_wconf 86' lang='lat' dir='ltr'><strong>exponunt;</strong></span> <span class='ocrx_word' id='word_1_135' title='bbox 3824 1266 3939 1328; x_wconf 87' lang='lat' dir='ltr'><strong>sed</strong></span> 
     </span>
     <span class='ocr_line' id='line_1_21' title="bbox 2440 1361 3932 1446; baseline 0.002 -24"><span class='ocrx_word' id='word_1_136' title='bbox 2440 1362 2799 1443; x_wconf 80' lang='lat' dir='ltr'><strong>explanatio</strong></span> <span class='ocrx_word' id='word_1_137' title='bbox 2839 1364 2959 1425; x_wconf 89' lang='lat' dir='ltr'><strong>ista</strong></span> <span class='ocrx_word' id='word_1_138' title='bbox 3002 1361 3253 1427; x_wconf 83' lang='lat' dir='ltr'><strong>facilior</strong></span> <span class='ocrx_word' id='word_1_139' title='bbox 3289 1363 3627 1446; x_wconf 83' lang='lat' dir='ltr'><strong>aptiorque</strong></span> <span class='ocrx_word' id='word_1_140' title='bbox 3660 1364 3932 1428; x_wconf 85' lang='lat' dir='ltr'><strong>videtur.</strong></span> 
     </span>
    </p>

    <p class='ocr_par' dir='ltr' id='par_1_8' title="bbox 2520 1463 4112 1540">
     <span class='ocr_line' id='line_1_22' title="bbox 2520 1463 4112 1540; baseline 0 -19"><span class='ocrx_word' id='word_1_141' title='bbox 2520 1463 2872 1540; x_wconf 80' lang='lat' dir='ltr'><strong>Equitatui</strong></span> <span class='ocrx_word' id='word_1_142' title='bbox 2920 1482 3057 1523; x_wconf 83' lang='lat' dir='ltr'><strong>meo</strong></span> <span class='ocrx_word' id='word_1_143' title='bbox 3102 1465 3176 1523; x_wconf 80' lang='lat' dir='ltr'><strong>in</strong></span> <span class='ocrx_word' id='word_1_144' title='bbox 3224 1465 3524 1523; x_wconf 82' lang='lat' dir='ltr'><strong>curribus</strong></span> <span class='ocrx_word' id='word_1_145' title='bbox 3570 1464 3937 1525; x_wconf 79' lang='lat' dir='ltr'><strong>Pharaonis</strong></span> <span class='ocrx_word' id='word_1_146' title='bbox 4076 1474 4112 1528; x_wconf 88' lang='grc'>8</span> 
     </span>
    </p>

    <p class='ocr_par' dir='ltr' id='par_1_9' title="bbox 2440 1562 3939 1643">
     <span class='ocr_line' id='line_1_23' title="bbox 2440 1562 3939 1643; baseline 0.003 -25"><span class='ocrx_word' id='word_1_147' title='bbox 2440 1562 2806 1621; x_wconf 79' lang='lat' dir='ltr'><strong>assimilavi</strong></span> <span class='ocrx_word' id='word_1_148' title='bbox 2840 1572 2915 1633; x_wconf 76' lang='lat' dir='ltr'><strong>te,</strong></span> <span class='ocrx_word' id='word_1_149' title='bbox 2950 1563 3165 1622; x_wconf 84' lang='lat' dir='ltr'><strong>amica</strong></span> <span class='ocrx_word' id='word_1_150' title='bbox 3197 1583 3337 1622; x_wconf 83' lang='lat' dir='ltr'><strong>mea</strong></span> <span class='ocrx_word' id='word_1_151' title='bbox 3367 1584 3391 1622; x_wconf 92' lang='grc'><strong>.·</strong></span> <span class='ocrx_word' id='word_1_152' title='bbox 3423 1562 3487 1623; x_wconf 89' lang='lat' dir='ltr'><strong>id</strong></span> <span class='ocrx_word' id='word_1_153' title='bbox 3528 1570 3644 1637; x_wconf 86' lang='lat' dir='ltr'><strong>est,</strong></span> <span class='ocrx_word' id='word_1_154' title='bbox 3679 1580 3718 1624; x_wconf 89' lang='lat' dir='ltr'><strong>o</strong></span> <span class='ocrx_word' id='word_1_155' title='bbox 3754 1580 3939 1643; x_wconf 88' lang='lat' dir='ltr'><strong>spon·</strong></span> 
     </span>
    </p>

    <p class='ocr_par' dir='ltr' id='par_1_10' title="bbox 2440 1657 3935 1741">
     <span class='ocr_line' id='line_1_24' title="bbox 2440 1657 3935 1741; baseline 0.001 -22"><span class='ocrx_word' id='word_1_156' title='bbox 2440 1676 2511 1719; x_wconf 92' lang='lat' dir='ltr'><strong>sa</strong></span> <span class='ocrx_word' id='word_1_157' title='bbox 2552 1657 2901 1736; x_wconf 88' lang='lat' dir='ltr'><strong>carissima,</strong></span> <span class='ocrx_word' id='word_1_158' title='bbox 2946 1677 3066 1741; x_wconf 88' lang='lat' dir='ltr'><strong>ego</strong></span> <span class='ocrx_word' id='word_1_159' title='bbox 3110 1659 3505 1724; x_wconf 81' lang='lat' dir='ltr'><strong>conformavi</strong></span> <span class='ocrx_word' id='word_1_160' title='bbox 3555 1667 3618 1722; x_wconf 91' lang='lat' dir='ltr'><strong>et</strong></span> <span class='ocrx_word' id='word_1_161' title='bbox 3660 1659 3935 1722; x_wconf 84' lang='lat' dir='ltr'><strong>similem</strong></span> 
     </span>
    </p>

    <p class='ocr_par' dir='ltr' id='par_1_11' title="bbox 2442 1754 3941 1840">
     <span class='ocr_line' id='line_1_25' title="bbox 2442 1754 3941 1840; baseline 0.001 -23"><span class='ocrx_word' id='word_1_162' title='bbox 2442 1754 2565 1818; x_wconf 86' lang='lat' dir='ltr'><strong>feci</strong></span> <span class='ocrx_word' id='word_1_163' title='bbox 2600 1766 2659 1819; x_wconf 92' lang='lat' dir='ltr'><strong>te</strong></span> <span class='ocrx_word' id='word_1_164' title='bbox 2698 1757 3003 1820; x_wconf 89' lang='lat' dir='ltr'><strong>exercitui</strong></span> <span class='ocrx_word' id='word_1_165' title='bbox 3038 1756 3323 1821; x_wconf 86' lang='lat' dir='ltr'><strong>filiorum</strong></span> <span class='ocrx_word' id='word_1_166' title='bbox 3356 1758 3544 1821; x_wconf 89' lang='lat' dir='ltr'><strong>Israel</strong></span> <span class='ocrx_word' id='word_1_167' title='bbox 3585 1759 3650 1820; x_wconf 91' lang='lat' dir='ltr'><strong>in</strong></span> <span class='ocrx_word' id='word_1_168' title='bbox 3680 1758 3941 1840; x_wconf 85' lang='lat' dir='ltr'><strong>dejecti-</strong></span> 
     </span>
    </p>
   </div>
   <div class='ocr_carea' id='block_1_6' title="bbox 656 1840 3931 1939">
    <p class='ocr_par' dir='ltr' id='par_1_12' title="bbox 656 1840 3931 1939">
     <span class='ocr_line' id='line_1_26' title="bbox 656 1840 3931 1939; baseline 0.001 -24"><span class='ocrx_word' id='word_1_169' title='bbox 656 1840 691 1895; x_wconf 78' lang='grc' dir='ltr'><strong><em>Ἷ</em></strong></span> <span class='ocrx_word' id='word_1_170' title='bbox 833 1862 997 1917; x_wconf 86' lang='lat' dir='ltr'><strong>ctam</strong></span> <span class='ocrx_word' id='word_1_171' title='bbox 1058 1874 1308 1937; x_wconf 82' lang='lat' dir='ltr'><strong>sponsae</strong></span> <span class='ocrx_word' id='word_1_172' title='bbox 1363 1856 1759 1939; x_wconf 88' lang='lat' dir='ltr'><strong>petitionem.</strong></span> <span class='ocrx_word' id='word_1_173' title='bbox 1823 1858 1904 1917; x_wconf 81' lang='lat' dir='ltr'><strong>Si</strong></span> <span class='ocrx_word' id='word_1_174' title='bbox 1943 1859 2207 1933; x_wconf 71' lang='lat' dir='ltr'><strong>iqnoras</strong></span> <span class='ocrx_word' id='word_1_175' title='bbox 2248 1867 2326 1927; x_wconf 75' lang='lat' dir='ltr'><strong>te,</strong></span> <span class='ocrx_word' id='word_1_176' title='bbox 2364 1856 2411 1918; x_wconf 93' lang='lat' dir='ltr'><strong>B</strong></span> <span class='ocrx_word' id='word_1_177' title='bbox 2441 1872 2562 1917; x_wconf 89' lang='lat' dir='ltr'><strong>one</strong></span> <span class='ocrx_word' id='word_1_178' title='bbox 2598 1863 2661 1917; x_wconf 89' lang='lat' dir='ltr'><strong>et</strong></span> <span class='ocrx_word' id='word_1_179' title='bbox 2702 1855 3141 1919; x_wconf 88' lang='lat' dir='ltr'><strong>submersione</strong></span> <span class='ocrx_word' id='word_1_180' title='bbox 3185 1875 3487 1918; x_wconf 91' lang='lat' dir='ltr'><strong>curruum</strong></span> <span class='ocrx_word' id='word_1_181' title='bbox 3533 1876 3608 1920; x_wconf 91' lang='lat' dir='ltr'><strong>ac</strong></span> <span class='ocrx_word' id='word_1_182' title='bbox 3646 1857 3931 1937; x_wconf 88' lang='lat' dir='ltr'><strong>equitum</strong></span> 
     </span>
    </p>
   </div>
   <div class='ocr_carea' id='block_1_7' title="bbox 541 1954 2330 3021">
    <p class='ocr_par' dir='ltr' id='par_1_13' title="bbox 541 1954 2330 3021">
     <span class='ocr_line' id='line_1_27' title="bbox 832 1954 2330 2036; baseline 0.003 -22"><span class='ocrx_word' id='word_1_183' title='bbox 832 1974 867 2014; x_wconf 93' lang='grc' dir='ltr'><em>ο</em></span> <span class='ocrx_word' id='word_1_184' title='bbox 920 1958 1198 2033; x_wconf 80' lang='lat' dir='ltr'><strong>pulchra</strong></span> <span class='ocrx_word' id='word_1_185' title='bbox 1253 1958 1424 2016; x_wconf 80' lang='lat' dir='ltr'><strong>inter</strong></span> <span class='ocrx_word' id='word_1_186' title='bbox 1482 1958 1803 2025; x_wconf 52' lang='lat' dir='ltr'><strong>muliere&amp;</strong></span> <span class='ocrx_word' id='word_1_187' title='bbox 1867 1954 1931 2016; x_wconf 86' lang='lat' dir='ltr'><strong>id</strong></span> <span class='ocrx_word' id='word_1_188' title='bbox 1998 1962 2114 2032; x_wconf 88' lang='lat' dir='ltr'><strong>est,</strong></span> <span class='ocrx_word' id='word_1_189' title='bbox 2176 1954 2330 2036; x_wconf 83' lang='lat' dir='ltr'><strong>quia</strong></span> 
     </span>
     <span class='ocr_line' id='line_1_28' title="bbox 834 2051 2327 2136; baseline 0.003 -24"><span class='ocrx_word' id='word_1_190' title='bbox 834 2051 1126 2133; x_wconf 87' lang='lat' dir='ltr'><strong>ignorare</strong></span> <span class='ocrx_word' id='word_1_191' title='bbox 1160 2061 1220 2115; x_wconf 92' lang='lat' dir='ltr'><strong>te</strong></span> <span class='ocrx_word' id='word_1_192' title='bbox 1257 2053 1458 2136; x_wconf 86' lang='lat' dir='ltr'><strong>ipsam</strong></span> <span class='ocrx_word' id='word_1_193' title='bbox 1502 2072 1629 2116; x_wconf 90' lang='lat' dir='ltr'><strong>non</strong></span> <span class='ocrx_word' id='word_1_194' title='bbox 1670 2054 1886 2129; x_wconf 82' lang='lat' dir='ltr'><strong>debeS,</strong></span> <span class='ocrx_word' id='word_1_195' title='bbox 1923 2072 2038 2116; x_wconf 90' lang='lat' dir='ltr'><strong>nec</strong></span> <span class='ocrx_word' id='word_1_196' title='bbox 2082 2053 2149 2115; x_wconf 92' lang='lat' dir='ltr'><strong>in</strong></span> <span class='ocrx_word' id='word_1_197' title='bbox 2198 2061 2327 2116; x_wconf 87' lang='lat' dir='ltr'><strong>toto</strong></span> 
     </span>
     <span class='ocr_line' id='line_1_29' title="bbox 833 2150 2326 2233; baseline 0.001 -22"><span class='ocrx_word' id='word_1_198' title='bbox 833 2157 894 2211; x_wconf 89' lang='lat' dir='ltr'><strong>te</strong></span> <span class='ocrx_word' id='word_1_199' title='bbox 923 2150 1151 2228; x_wconf 75' lang='lat' dir='ltr'><strong>nesci3‚</strong></span> <span class='ocrx_word' id='word_1_200' title='bbox 1186 2169 1224 2214; x_wconf 96' lang='lat' dir='ltr'><strong>o</strong></span> <span class='ocrx_word' id='word_1_201' title='bbox 1251 2151 1554 2227; x_wconf 87' lang='lat' dir='ltr'><strong>Ecclesia,</strong></span> <span class='ocrx_word' id='word_1_202' title='bbox 1590 2170 1720 2233; x_wconf 82' lang='lat' dir='ltr'><strong>prae</strong></span> <span class='ocrx_word' id='word_1_203' title='bbox 1760 2151 1986 2214; x_wconf 87' lang='lat' dir='ltr'><strong>ceteris</strong></span> <span class='ocrx_word' id='word_1_204' title='bbox 2024 2151 2326 2231; x_wconf 88' lang='lat' dir='ltr'><strong>gentibus</strong></span> 
     </span>
     <span class='ocr_line' id='line_1_30' title="bbox 829 2248 2327 2332; baseline 0.003 -23"><span class='ocrx_word' id='word_1_205' title='bbox 829 2248 1034 2327; x_wconf 86' lang='lat' dir='ltr'><strong>gratia</strong></span> <span class='ocrx_word' id='word_1_206' title='bbox 1078 2268 1152 2313; x_wconf 90' lang='lat' dir='ltr'><strong>ac</strong></span> <span class='ocrx_word' id='word_1_207' title='bbox 1208 2250 1552 2315; x_wconf 87' lang='lat' dir='ltr'><strong>virtutibus</strong></span> <span class='ocrx_word' id='word_1_208' title='bbox 1604 2250 1912 2332; x_wconf 89' lang='lat' dir='ltr'><strong>speciosa.</strong></span> <span class='ocrx_word' id='word_1_209' title='bbox 1966 2249 2327 2330; x_wconf 84' lang='lat' dir='ltr'><strong>Saepissime</strong></span> 
     </span>
     <span class='ocr_line' id='line_1_31' title="bbox 832 2346 2327 2430; baseline 0.001 -22"><span class='ocrx_word' id='word_1_210' title='bbox 832 2346 1130 2427; x_wconf 89' lang='lat' dir='ltr'><strong>equidem</strong></span> <span class='ocrx_word' id='word_1_211' title='bbox 1188 2348 1255 2410; x_wconf 91' lang='lat' dir='ltr'><strong>in</strong></span> <span class='ocrx_word' id='word_1_212' title='bbox 1314 2347 1656 2430; x_wconf 91' lang='lat' dir='ltr'><strong>Scripturis</strong></span> <span class='ocrx_word' id='word_1_213' title='bbox 1717 2346 2027 2430; x_wconf 85' lang='lat' dir='ltr'><strong>accipitur</strong></span> <span class='ocrx_word' id='word_1_214' title='bbox 2079 2350 2163 2419; x_wconf 82' lang='lat' dir='ltr'><strong>si,</strong></span> <span class='ocrx_word' id='word_1_215' title='bbox 2211 2367 2327 2430; x_wconf 93' lang='lat' dir='ltr'><strong>pro</strong></span> 
     </span>
     <span class='ocr_line' id='line_1_32' title="bbox 541 2445 2327 2528; baseline -0.001 -18"><span class='ocrx_word' id='word_1_216' title='bbox 541 2465 981 2519; x_wconf 69' lang='lat' dir='ltr'><strong>sobx=11‚9.non,</strong></span> <span class='ocrx_word' id='word_1_217' title='bbox 1032 2454 1102 2507; x_wconf 87' lang='lat' dir='ltr'><strong>ut</strong></span> <span class='ocrx_word' id='word_1_218' title='bbox 1150 2465 1348 2526; x_wconf 89' lang='lat' dir='ltr'><strong>quum</strong></span> <span class='ocrx_word' id='word_1_219' title='bbox 1397 2454 1653 2508; x_wconf 92' lang='lat' dir='ltr'><strong>sanctus</strong></span> <span class='ocrx_word' id='word_1_220' title='bbox 1698 2445 1816 2509; x_wconf 83' lang='lat' dir='ltr'><strong>Job</strong></span> <span class='ocrx_word' id='word_1_221' title='bbox 1866 2445 2152 2528; x_wconf 89' lang='lat' dir='ltr'><strong>loquitur</strong></span> <span class='ocrx_word' id='word_1_222' title='bbox 2200 2463 2213 2507; x_wconf 92' lang='lat'><strong>:</strong></span> <span class='ocrx_word' id='word_1_223' title='bbox 2262 2446 2327 2508; x_wconf 88' lang='lat' dir='ltr'><strong>Si</strong></span> 
     </span>
     <span class='ocr_line' id='line_1_33' title="bbox 832 2544 2329 2627; baseline 0 -22"><span class='ocrx_word' id='word_1_224' title='bbox 832 2545 1167 2625; x_wconf 89' lang='lat' dir='ltr'><strong>deceptum</strong></span> <span class='ocrx_word' id='word_1_225' title='bbox 1200 2552 1297 2607; x_wconf 91' lang='lat' dir='ltr'><strong>est</strong></span> <span class='ocrx_word' id='word_1_226' title='bbox 1331 2562 1441 2608; x_wconf 90' lang='lat' dir='ltr'><strong>cor</strong></span> <span class='ocrx_word' id='word_1_227' title='bbox 1470 2563 1681 2607; x_wconf 90' lang='lat' dir='ltr'><strong>meum</strong></span> <span class='ocrx_word' id='word_1_228' title='bbox 1722 2563 1913 2627; x_wconf 91' lang='lat' dir='ltr'><strong>super</strong></span> <span class='ocrx_word' id='word_1_229' title='bbox 1943 2544 2231 2622; x_wconf 90' lang='lat' dir='ltr'><strong>muliere,</strong></span> <span class='ocrx_word' id='word_1_230' title='bbox 2266 2552 2329 2606; x_wconf 90' lang='lat' dir='ltr'><strong>et</strong></span> 
     </span>
     <span class='ocr_line' id='line_1_34' title="bbox 831 2641 2323 2706; baseline 0.001 -4"><span class='ocrx_word' id='word_1_231' title='bbox 831 2641 884 2703; x_wconf 90' lang='lat' dir='ltr'><strong>si</strong></span> <span class='ocrx_word' id='word_1_232' title='bbox 933 2642 1013 2704; x_wconf 87' lang='lat' dir='ltr'><strong>ad</strong></span> <span class='ocrx_word' id='word_1_233' title='bbox 1061 2643 1293 2706; x_wconf 88' lang='lat' dir='ltr'><strong>ostium</strong></span> <span class='ocrx_word' id='word_1_234' title='bbox 1357 2643 1545 2705; x_wconf 91' lang='lat' dir='ltr'><strong>amici</strong></span> <span class='ocrx_word' id='word_1_235' title='bbox 1592 2644 1716 2705; x_wconf 89' lang='lat' dir='ltr'><strong>mei</strong></span> <span class='ocrx_word' id='word_1_236' title='bbox 1773 2642 2108 2705; x_wconf 89' lang='lat' dir='ltr'><strong>insidiatus</strong></span> <span class='ocrx_word' id='word_1_237' title='bbox 2158 2662 2323 2704; x_wconf 92' lang='lat' dir='ltr'><strong>sum.</strong></span> 
     </span>
     <span class='ocr_line' id='line_1_35' title="bbox 830 2738 2329 2823; baseline 0.001 -20"><span class='ocrx_word' id='word_1_238' title='bbox 830 2738 1084 2803; x_wconf 87' lang='lat' dir='ltr'><strong>Certum</strong></span> <span class='ocrx_word' id='word_1_239' title='bbox 1116 2750 1212 2804; x_wconf 88' lang='lat' dir='ltr'><strong>est</strong></span> <span class='ocrx_word' id='word_1_240' title='bbox 1238 2751 1472 2819; x_wconf 89' lang='lat' dir='ltr'><strong>autem,</strong></span> <span class='ocrx_word' id='word_1_241' title='bbox 1494 2742 1663 2823; x_wconf 91' lang='lat' dir='ltr'><strong>quod</strong></span> <span class='ocrx_word' id='word_1_242' title='bbox 1691 2741 1971 2804; x_wconf 88' lang='lat' dir='ltr'><strong>Ecclesia</strong></span> <span class='ocrx_word' id='word_1_243' title='bbox 1999 2760 2142 2823; x_wconf 81' lang='lat' dir='ltr'><strong>quae</strong></span> <span class='ocrx_word' id='word_1_244' title='bbox 2171 2749 2329 2804; x_wconf 87' lang='lat' dir='ltr'><strong>teste</strong></span> 
     </span>
     <span class='ocr_line' id='line_1_36' title="bbox 824 2840 2325 2923; baseline 0.002 -23"><span class='ocrx_word' id='word_1_245' title='bbox 824 2857 1059 2921; x_wconf 90' lang='lat' dir='ltr'><strong>sponso</strong></span> <span class='ocrx_word' id='word_1_246' title='bbox 1101 2849 1397 2904; x_wconf 89' lang='lat' dir='ltr'><strong>censetur</strong></span> <span class='ocrx_word' id='word_1_247' title='bbox 1442 2840 1728 2923; x_wconf 89' lang='lat' dir='ltr'><strong>pulchra,</strong></span> <span class='ocrx_word' id='word_1_248' title='bbox 1766 2858 1894 2903; x_wconf 91' lang='lat' dir='ltr'><strong>non</strong></span> <span class='ocrx_word' id='word_1_249' title='bbox 1946 2840 2205 2920; x_wconf 81' lang='lat' dir='ltr'><strong>ignoret</strong></span> <span class='ocrx_word' id='word_1_250' title='bbox 2256 2858 2325 2903; x_wconf 92' lang='lat' dir='ltr'><strong>se</strong></span> 
     </span>
     <span class='ocr_line' id='line_1_37' title="bbox 827 2936 2326 3021; baseline 0.001 -23"><span class='ocrx_word' id='word_1_251' title='bbox 827 2936 1080 3019; x_wconf 89' lang='lat' dir='ltr'><strong>ipsam:</strong></span> <span class='ocrx_word' id='word_1_252' title='bbox 1117 2938 1246 3003; x_wconf 89' lang='lat' dir='ltr'><strong>imo</strong></span> <span class='ocrx_word' id='word_1_253' title='bbox 1297 2938 1417 3002; x_wconf 90' lang='lat' dir='ltr'><strong>scit</strong></span> <span class='ocrx_word' id='word_1_254' title='bbox 1459 2938 1612 3019; x_wconf 90' lang='lat' dir='ltr'><strong>quid</strong></span> <span class='ocrx_word' id='word_1_255' title='bbox 1665 2958 1776 3021; x_wconf 91' lang='lat' dir='ltr'><strong>per</strong></span> <span class='ocrx_word' id='word_1_256' title='bbox 1823 2948 2113 3000; x_wconf 90' lang='lat' dir='ltr'><strong>naturam</strong></span> <span class='ocrx_word' id='word_1_257' title='bbox 2163 2937 2326 3000; x_wconf 88' lang='lat' dir='ltr'><strong>exsi-</strong></span> 
     </span>
    </p>
   </div>
   <div class='ocr_carea' id='block_1_8' title="bbox 2436 1952 4213 2729">
    <p class='ocr_par' dir='ltr' id='par_1_14' title="bbox 2438 1952 4213 2214">
     <span class='ocr_line' id='line_1_38' title="bbox 2441 1952 4213 2035; baseline 0.001 -23"><span class='ocrx_word' id='word_1_258' title='bbox 2441 1952 2607 2033; x_wconf 89' lang='lat' dir='ltr'><strong>regis</strong></span> <span class='ocrx_word' id='word_1_259' title='bbox 2656 1953 2904 2035; x_wconf 81' lang='lat' dir='ltr'><strong>AEgypti</strong></span> <span class='ocrx_word' id='word_1_260' title='bbox 2958 1971 2972 2015; x_wconf 94' lang='lat'><strong>:</strong></span> <span class='ocrx_word' id='word_1_261' title='bbox 3021 1973 3207 2034; x_wconf 88' lang='lat' dir='ltr'><strong>quem</strong></span> <span class='ocrx_word' id='word_1_262' title='bbox 3268 1972 3418 2017; x_wconf 88' lang='lat' dir='ltr'><strong>cum</strong></span> <span class='ocrx_word' id='word_1_263' title='bbox 3466 1954 3599 2017; x_wconf 91' lang='lat' dir='ltr'><strong>suis</strong></span> <span class='ocrx_word' id='word_1_264' title='bbox 3652 1955 3718 2016; x_wconf 90' lang='lat' dir='ltr'><strong>in</strong></span> <span class='ocrx_word' id='word_1_265' title='bbox 3774 1953 3935 2016; x_wconf 88' lang='lat' dir='ltr'><strong>mari</strong></span> <span class='ocrx_word' id='word_1_266' title='bbox 3977 1972 4213 2021; x_wconf 55' lang='lat' dir='ltr'><strong>Eadm.</strong></span> 
     </span>
     <span class='ocr_line' id='line_1_39' title="bbox 2438 2038 4101 2134; baseline 0.001 -23"><span class='ocrx_word' id='word_1_267' title='bbox 2438 2050 2651 2113; x_wconf 85' lang='lat' dir='ltr'><strong>Rubro</strong></span> <span class='ocrx_word' id='word_1_268' title='bbox 2698 2051 3037 2129; x_wconf 91' lang='lat' dir='ltr'><strong>submersi,</strong></span> <span class='ocrx_word' id='word_1_269' title='bbox 3080 2060 3143 2114; x_wconf 90' lang='lat' dir='ltr'><strong>et</strong></span> <span class='ocrx_word' id='word_1_270' title='bbox 3183 2052 3530 2115; x_wconf 88' lang='lat' dir='ltr'><strong>exercitum</strong></span> <span class='ocrx_word' id='word_1_271' title='bbox 3584 2052 3774 2115; x_wconf 89' lang='lat' dir='ltr'><strong>lsrael</strong></span> <span class='ocrx_word' id='word_1_272' title='bbox 3822 2072 3933 2134; x_wconf 87' lang='lat' dir='ltr'><strong>per</strong></span> <span class='ocrx_word' id='word_1_273' title='bbox 3960 2038 4101 2079; x_wconf 56' lang='lat'><strong>²⁸⁴⁰·</strong></span> 
     </span>
     <span class='ocr_line' id='line_1_40' title="bbox 2439 2149 3931 2214; baseline 0.002 -4"><span class='ocrx_word' id='word_1_274' title='bbox 2439 2149 2717 2212; x_wconf 87' lang='lat' dir='ltr'><strong>medium</strong></span> <span class='ocrx_word' id='word_1_275' title='bbox 2753 2150 2947 2213; x_wconf 87' lang='lat' dir='ltr'><strong>maris</strong></span> <span class='ocrx_word' id='word_1_276' title='bbox 2978 2149 3151 2212; x_wconf 90' lang='lat' dir='ltr'><strong>illius</strong></span> <span class='ocrx_word' id='word_1_277' title='bbox 3182 2150 3370 2213; x_wconf 83' lang='lat' dir='ltr'><strong>eduxi</strong></span> <span class='ocrx_word' id='word_1_278' title='bbox 3404 2170 3477 2213; x_wconf 91' lang='lat' dir='ltr'><strong>ac</strong></span> <span class='ocrx_word' id='word_1_279' title='bbox 3513 2150 3804 2214; x_wconf 86' lang='lat' dir='ltr'><strong>liberavi.</strong></span> <span class='ocrx_word' id='word_1_280' title='bbox 3830 2150 3931 2213; x_wconf 88' lang='lat' dir='ltr'><strong>Sic</strong></span> 
     </span>
    </p>

    <p class='ocr_par' dir='ltr' id='par_1_15' title="bbox 2436 2248 4210 2729">
     <span class='ocr_line' id='line_1_41' title="bbox 2440 2248 3929 2332; baseline 0.003 -24"><span class='ocrx_word' id='word_1_281' title='bbox 2440 2256 2499 2309; x_wconf 87' lang='lat' dir='ltr'><strong>te</strong></span> <span class='ocrx_word' id='word_1_282' title='bbox 2527 2248 2605 2310; x_wconf 91' lang='lat' dir='ltr'><strong>de</strong></span> <span class='ocrx_word' id='word_1_283' title='bbox 2636 2256 2945 2330; x_wconf 83' lang='lat' dir='ltr'><strong>potestate</strong></span> <span class='ocrx_word' id='word_1_284' title='bbox 2979 2248 3219 2311; x_wconf 90' lang='lat' dir='ltr'><strong>diaboli</strong></span> <span class='ocrx_word' id='word_1_285' title='bbox 3251 2250 3749 2332; x_wconf 86' lang='lat' dir='ltr'><strong>angelorumque</strong></span> <span class='ocrx_word' id='word_1_286' title='bbox 3790 2250 3929 2331; x_wconf 87' lang='lat' dir='ltr'><strong>ejus</strong></span> 
     </span>
     <span class='ocr_line' id='line_1_42' title="bbox 2439 2347 4210 2431; baseline 0.007 -24"><span class='ocrx_word' id='word_1_287' title='bbox 2439 2347 2699 2409; x_wconf 87' lang='lat' dir='ltr'><strong>redemi.</strong></span> <span class='ocrx_word' id='word_1_288' title='bbox 2734 2348 2810 2409; x_wconf 90' lang='lat' dir='ltr'><strong>Et</strong></span> <span class='ocrx_word' id='word_1_289' title='bbox 2852 2348 3018 2410; x_wconf 91' lang='lat' dir='ltr'><strong>sicut</strong></span> <span class='ocrx_word' id='word_1_290' title='bbox 3064 2347 3238 2410; x_wconf 87' lang='lat' dir='ltr'><strong>filios</strong></span> <span class='ocrx_word' id='word_1_291' title='bbox 3280 2347 3468 2411; x_wconf 86' lang='lat' dir='ltr'><strong>lsrael</strong></span> <span class='ocrx_word' id='word_1_292' title='bbox 3504 2350 3651 2431; x_wconf 90' lang='lat' dir='ltr'><strong>pavi</strong></span> <span class='ocrx_word' id='word_1_293' title='bbox 3692 2368 3929 2411; x_wconf 83' lang='lat' dir='ltr'><strong>manna</strong></span> <span class='ocrx_word' id='word_1_294' title='bbox 4001 2376 4210 2426; x_wconf 59' lang='lat' dir='ltr'><strong>mam,</strong></span> 
     </span>
     <span class='ocr_line' id='line_1_43' title="bbox 2436 2440 4209 2543; baseline 0.002 -38"><span class='ocrx_word' id='word_1_295' title='bbox 2436 2462 2509 2505; x_wconf 91' lang='lat' dir='ltr'><strong>ac</strong></span> <span class='ocrx_word' id='word_1_296' title='bbox 2541 2463 2707 2525; x_wconf 89' lang='lat' dir='ltr'><strong>aqua</strong></span> <span class='ocrx_word' id='word_1_297' title='bbox 2738 2446 2817 2508; x_wconf 91' lang='lat' dir='ltr'><strong>de</strong></span> <span class='ocrx_word' id='word_1_298' title='bbox 2850 2454 3028 2528; x_wconf 91' lang='lat' dir='ltr'><strong>petra</strong></span> <span class='ocrx_word' id='word_1_299' title='bbox 3066 2447 3340 2526; x_wconf 84' lang='lat' dir='ltr'><strong>educta3</strong></span> <span class='ocrx_word' id='word_1_300' title='bbox 3380 2447 3473 2509; x_wconf 91' lang='lat' dir='ltr'><strong>sic</strong></span> <span class='ocrx_word' id='word_1_301' title='bbox 3512 2456 3573 2509; x_wconf 86' lang='lat' dir='ltr'><strong>te</strong></span> <span class='ocrx_word' id='word_1_302' title='bbox 3611 2465 3775 2529; x_wconf 89' lang='lat' dir='ltr'><strong>pane</strong></span> <span class='ocrx_word' id='word_1_303' title='bbox 3806 2464 3931 2509; x_wconf 89' lang='lat' dir='ltr'><strong>coe-</strong></span> <span class='ocrx_word' id='word_1_304' title='bbox 3954 2440 4209 2543; x_wconf 49' lang='grc' dir='ltr'><strong>ῗᾷζέξιθῑ</strong></span> 
     </span>
     <span class='ocr_line' id='line_1_44' title="bbox 2441 2534 4189 2627; baseline 0.001 -23"><span class='ocrx_word' id='word_1_305' title='bbox 2441 2543 2605 2621; x_wconf 89' lang='lat' dir='ltr'><strong>lesti,</strong></span> <span class='ocrx_word' id='word_1_306' title='bbox 2658 2564 2923 2627; x_wconf 88' lang='lat' dir='ltr'><strong>corpore</strong></span> <span class='ocrx_word' id='word_1_307' title='bbox 2972 2554 3035 2608; x_wconf 93' lang='lat' dir='ltr'><strong>et</strong></span> <span class='ocrx_word' id='word_1_308' title='bbox 3082 2546 3392 2626; x_wconf 87' lang='lat' dir='ltr'><strong>sanguine</strong></span> <span class='ocrx_word' id='word_1_309' title='bbox 3440 2566 3599 2624; x_wconf 88' lang='lat' dir='ltr'><strong>meo,</strong></span> <span class='ocrx_word' id='word_1_310' title='bbox 3650 2548 3923 2625; x_wconf 87' lang='lat' dir='ltr'><strong>enutrio,</strong></span> <span class='ocrx_word' id='word_1_311' title='bbox 3957 2564 4025 2605; x_wconf 79' lang='lat' dir='ltr'><strong>ss.</strong></span> <span class='ocrx_word' id='word_1_312' title='bbox 4082 2534 4092 2543; x_wconf 81' lang='grc'><strong>”</strong></span> <span class='ocrx_word' id='word_1_313' title='bbox 4178 2534 4189 2550; x_wconf 80' lang='grc'>’</span> 
     </span>
     <span class='ocr_line' id='line_1_45' title="bbox 2437 2644 3931 2729; baseline 0.004 -25"><span class='ocrx_word' id='word_1_314' title='bbox 2437 2662 2604 2723; x_wconf 90' lang='lat' dir='ltr'><strong>aqua</strong></span> <span class='ocrx_word' id='word_1_315' title='bbox 2642 2644 2969 2725; x_wconf 63' lang='lat' dir='ltr'><strong>sapientiae</strong></span> <span class='ocrx_word' id='word_1_316' title='bbox 3000 2652 3173 2727; x_wconf 91' lang='lat' dir='ltr'><strong>poto.</strong></span> <span class='ocrx_word' id='word_1_317' title='bbox 3210 2644 3287 2707; x_wconf 89' lang='lat' dir='ltr'><strong>Et</strong></span> <span class='ocrx_word' id='word_1_318' title='bbox 3316 2645 3483 2708; x_wconf 89' lang='lat' dir='ltr'><strong>sicut</strong></span> <span class='ocrx_word' id='word_1_319' title='bbox 3510 2645 3655 2709; x_wconf 92' lang='lat' dir='ltr'><strong>illos</strong></span> <span class='ocrx_word' id='word_1_320' title='bbox 3686 2665 3800 2729; x_wconf 90' lang='lat' dir='ltr'><strong>per</strong></span> <span class='ocrx_word' id='word_1_321' title='bbox 3832 2665 3931 2710; x_wconf 93' lang='lat' dir='ltr'><strong>so-</strong></span> 
     </span>
    </p>
   </div>
   <div class='ocr_carea' id='block_1_9' title="bbox 2439 2741 3931 2824">
    <p class='ocr_par' dir='ltr' id='par_1_16' title="bbox 2439 2741 3931 2824">
     <span class='ocr_line' id='line_1_46' title="bbox 2439 2741 3931 2824; baseline 0.003 -22"><span class='ocrx_word' id='word_1_322' title='bbox 2439 2741 2775 2804; x_wconf 91' lang='lat' dir='ltr'><strong>litudinem</strong></span> <span class='ocrx_word' id='word_1_323' title='bbox 2813 2743 2890 2803; x_wconf 92' lang='lat' dir='ltr'><strong>ad</strong></span> <span class='ocrx_word' id='word_1_324' title='bbox 2922 2751 3154 2805; x_wconf 89' lang='lat' dir='ltr'><strong>terram</strong></span> <span class='ocrx_word' id='word_1_325' title='bbox 3194 2743 3639 2824; x_wconf 90' lang='lat' dir='ltr'><strong>promissionis</strong></span> <span class='ocrx_word' id='word_1_326' title='bbox 3681 2746 3801 2807; x_wconf 89' lang='lat' dir='ltr'><strong>sub</strong></span> <span class='ocrx_word' id='word_1_327' title='bbox 3832 2762 3931 2807; x_wconf 89' lang='lat' dir='ltr'><strong>ve·</strong></span> 
     </span>
    </p>
   </div>
   <div class='ocr_carea' id='block_1_10' title="bbox 2438 2840 4278 2924">
    <p class='ocr_par' dir='ltr' id='par_1_17' title="bbox 2438 2840 4278 2924">
     <span class='ocr_line' id='line_1_47' title="bbox 2438 2840 4278 2924; baseline 0.006 -24"><span class='ocrx_word' id='word_1_328' title='bbox 2438 2840 2715 2903; x_wconf 88' lang='lat' dir='ltr'><strong>lamento</strong></span> <span class='ocrx_word' id='word_1_329' title='bbox 2745 2840 2932 2902; x_wconf 87' lang='lat' dir='ltr'><strong>nubis</strong></span> <span class='ocrx_word' id='word_1_330' title='bbox 2965 2840 3033 2902; x_wconf 91' lang='lat' dir='ltr'><strong>in</strong></span> <span class='ocrx_word' id='word_1_331' title='bbox 3065 2841 3264 2918; x_wconf 89' lang='lat' dir='ltr'><strong>die,et</strong></span> <span class='ocrx_word' id='word_1_332' title='bbox 3296 2842 3361 2903; x_wconf 92' lang='lat' dir='ltr'><strong>in</strong></span> <span class='ocrx_word' id='word_1_333' title='bbox 3394 2843 3733 2924; x_wconf 90' lang='lat' dir='ltr'><strong>splendore</strong></span> <span class='ocrx_word' id='word_1_334' title='bbox 3761 2843 3928 2924; x_wconf 87' lang='lat' dir='ltr'><strong>ignis</strong></span> <span class='ocrx_word' id='word_1_335' title='bbox 3976 2866 4207 2913; x_wconf 66' lang='lat' dir='ltr'><strong>emam.</strong></span> <span class='ocrx_word' id='word_1_336' title='bbox 4276 2862 4278 2911; x_wconf 68' lang='grc' dir='ltr'>ἕ</span> 
     </span>
    </p>
   </div>
   <div class='ocr_carea' id='block_1_11' title="bbox 2438 2932 4111 3021">
    <p class='ocr_par' dir='ltr' id='par_1_18' title="bbox 2438 2932 4111 3021">
     <span class='ocr_line' id='line_1_48' title="bbox 2438 2932 4111 3021; baseline 0.001 -22"><span class='ocrx_word' id='word_1_337' title='bbox 2438 2938 2501 2999; x_wconf 92' lang='lat' dir='ltr'><strong>in</strong></span> <span class='ocrx_word' id='word_1_338' title='bbox 2536 2947 2721 3001; x_wconf 89' lang='lat' dir='ltr'><strong>nocte</strong></span> <span class='ocrx_word' id='word_1_339' title='bbox 2760 2940 3031 3019; x_wconf 84' lang='lat' dir='ltr'><strong>deduxi3</strong></span> <span class='ocrx_word' id='word_1_340' title='bbox 3076 2939 3167 3001; x_wconf 88' lang='lat' dir='ltr'><strong>sic</strong></span> <span class='ocrx_word' id='word_1_341' title='bbox 3212 2948 3271 3002; x_wconf 90' lang='lat' dir='ltr'><strong>te</strong></span> <span class='ocrx_word' id='word_1_342' title='bbox 3309 2958 3423 3021; x_wconf 92' lang='lat' dir='ltr'><strong>per</strong></span> <span class='ocrx_word' id='word_1_343' title='bbox 3458 2941 3777 3003; x_wconf 87' lang='lat' dir='ltr'><strong>desertum</strong></span> <span class='ocrx_word' id='word_1_344' title='bbox 3816 2960 3929 3005; x_wconf 81' lang='lat' dir='ltr'><strong>sae-</strong></span> <span class='ocrx_word' id='word_1_345' title='bbox 3954 2932 4111 2982; x_wconf 49' lang='lat'><strong>²¹³²·</strong></span> 
     </span>
    </p>
   </div>
   <div class='ocr_carea' id='block_1_12' title="bbox 824 3036 3930 3123">
    <p class='ocr_par' dir='ltr' id='par_1_19' title="bbox 824 3036 3930 3123">
     <span class='ocr_line' id='line_1_49' title="bbox 824 3036 3930 3123; baseline 0.002 -27"><span class='ocrx_word' id='word_1_346' title='bbox 824 3043 968 3111; x_wconf 87' lang='lat' dir='ltr'><strong>stat,</strong></span> <span class='ocrx_word' id='word_1_347' title='bbox 1004 3037 1172 3117; x_wconf 91' lang='lat' dir='ltr'><strong>quod</strong></span> <span class='ocrx_word' id='word_1_348' title='bbox 1202 3056 1240 3099; x_wconf 92' lang='lat' dir='ltr'><strong>a</strong></span> <span class='ocrx_word' id='word_1_349' title='bbox 1269 3056 1504 3119; x_wconf 90' lang='lat' dir='ltr'><strong>sponso</strong></span> <span class='ocrx_word' id='word_1_350' title='bbox 1538 3038 1862 3120; x_wconf 91' lang='lat' dir='ltr'><strong>redempta</strong></span> <span class='ocrx_word' id='word_1_351' title='bbox 1895 3038 2000 3114; x_wconf 87' lang='lat' dir='ltr'><strong>sit,</strong></span> <span class='ocrx_word' id='word_1_352' title='bbox 2027 3046 2088 3098; x_wconf 89' lang='lat' dir='ltr'><strong>et</strong></span> <span class='ocrx_word' id='word_1_353' title='bbox 2123 3037 2325 3119; x_wconf 89' lang='lat' dir='ltr'><strong>Bapti-</strong></span> <span class='ocrx_word' id='word_1_354' title='bbox 2360 3038 2402 3101; x_wconf 91' lang='lat' dir='ltr'>C</span> <span class='ocrx_word' id='word_1_355' title='bbox 2435 3036 2563 3099; x_wconf 91' lang='lat' dir='ltr'><strong>culi</strong></span> <span class='ocrx_word' id='word_1_356' title='bbox 2593 3037 2788 3118; x_wconf 89' lang='lat' dir='ltr'><strong>hujus</strong></span> <span class='ocrx_word' id='word_1_357' title='bbox 2826 3037 3060 3114; x_wconf 88' lang='lat' dir='ltr'><strong>exsilii,</strong></span> <span class='ocrx_word' id='word_1_358' title='bbox 3099 3038 3177 3099; x_wconf 90' lang='lat' dir='ltr'><strong>ad</strong></span> <span class='ocrx_word' id='word_1_359' title='bbox 3216 3037 3539 3101; x_wconf 89' lang='lat' dir='ltr'><strong>coelestem</strong></span> <span class='ocrx_word' id='word_1_360' title='bbox 3583 3039 3791 3121; x_wconf 89' lang='lat' dir='ltr'><strong>dirigo</strong></span> <span class='ocrx_word' id='word_1_361' title='bbox 3822 3060 3930 3123; x_wconf 89' lang='lat' dir='ltr'><strong>pa-</strong></span> 
     </span>
    </p>
   </div>
   <div class='ocr_carea' id='block_1_13' title="bbox 820 3136 2325 4202">
    <p class='ocr_par' dir='ltr' id='par_1_20' title="bbox 820 3136 2325 4202">
     <span class='ocr_line' id='line_1_50' title="bbox 825 3136 2325 3217; baseline 0.002 -21"><span class='ocrx_word' id='word_1_362' title='bbox 825 3144 1025 3197; x_wconf 89' lang='lat' dir='ltr'><strong>smate</strong></span> <span class='ocrx_word' id='word_1_363' title='bbox 1065 3146 1386 3212; x_wconf 85' lang='lat' dir='ltr'><strong>renovata,</strong></span> <span class='ocrx_word' id='word_1_364' title='bbox 1429 3136 1753 3217; x_wconf 90' lang='lat' dir='ltr'><strong>variisque</strong></span> <span class='ocrx_word' id='word_1_365' title='bbox 1789 3137 2138 3215; x_wconf 85' lang='lat' dir='ltr'><strong>gratiarum</strong></span> <span class='ocrx_word' id='word_1_366' title='bbox 2180 3136 2325 3199; x_wconf 90' lang='lat' dir='ltr'><strong>cha-</strong></span> 
     </span>
     <span class='ocr_line' id='line_1_51' title="bbox 825 3216 2318 3317; baseline 0.003 -23"><span class='ocrx_word' id='word_1_367' title='bbox 825 3233 1194 3297; x_wconf 85' lang='lat' dir='ltr'><strong>rismatibus</strong></span> <span class='ocrx_word' id='word_1_368' title='bbox 1226 3216 1566 3317; x_wconf 61' lang='lat' dir='ltr'><strong>redempta.</strong></span> <span class='ocrx_word' id='word_1_369' title='bbox 1599 3236 1837 3316; x_wconf 88' lang='lat' dir='ltr'><strong>ltaque,</strong></span> <span class='ocrx_word' id='word_1_370' title='bbox 1857 3236 2159 3316; x_wconf 87' lang='lat' dir='ltr'><strong>quoniam</strong></span> <span class='ocrx_word' id='word_1_371' title='bbox 2191 3254 2318 3299; x_wconf 90' lang='lat' dir='ltr'><strong>non</strong></span> 
     </span>
     <span class='ocr_line' id='line_1_52' title="bbox 825 3333 2322 3415; baseline 0.001 -21"><span class='ocrx_word' id='word_1_372' title='bbox 825 3333 1080 3415; x_wconf 88' lang='lat' dir='ltr'><strong>ignoras</strong></span> <span class='ocrx_word' id='word_1_373' title='bbox 1110 3341 1189 3409; x_wconf 89' lang='lat' dir='ltr'><strong>te,</strong></span> <span class='ocrx_word' id='word_1_374' title='bbox 1222 3338 1541 3411; x_wconf 73' lang='lat' dir='ltr'><strong>eqredere,</strong></span> <span class='ocrx_word' id='word_1_375' title='bbox 1571 3334 1635 3395; x_wconf 88' lang='lat' dir='ltr'><strong>id</strong></span> <span class='ocrx_word' id='word_1_376' title='bbox 1682 3342 1799 3410; x_wconf 92' lang='lat' dir='ltr'><strong>est,</strong></span> <span class='ocrx_word' id='word_1_377' title='bbox 1836 3334 1901 3395; x_wconf 91' lang='lat' dir='ltr'><strong>in</strong></span> <span class='ocrx_word' id='word_1_378' title='bbox 1941 3344 2152 3396; x_wconf 90' lang='lat' dir='ltr'><strong>actum</strong></span> <span class='ocrx_word' id='word_1_379' title='bbox 2196 3335 2322 3397; x_wconf 91' lang='lat' dir='ltr'><strong>vir-</strong></span> 
     </span>
     <span class='ocr_line' id='line_1_53' title="bbox 827 3430 2322 3514; baseline 0.001 -21"><span class='ocrx_word' id='word_1_380' title='bbox 827 3440 1032 3493; x_wconf 88' lang='lat' dir='ltr'><strong>tutum</strong></span> <span class='ocrx_word' id='word_1_381' title='bbox 1062 3441 1126 3495; x_wconf 89' lang='lat' dir='ltr'><strong>ct</strong></span> <span class='ocrx_word' id='word_1_382' title='bbox 1156 3432 1222 3493; x_wconf 96' lang='lat' dir='ltr'><strong>in</strong></span> <span class='ocrx_word' id='word_1_383' title='bbox 1261 3430 1560 3495; x_wconf 86' lang='lat' dir='ltr'><strong>officium</strong></span> <span class='ocrx_word' id='word_1_384' title='bbox 1601 3432 2070 3513; x_wconf 79' lang='lat' dir='ltr'><strong>praedicationis</strong></span> <span class='ocrx_word' id='word_1_385' title='bbox 2103 3451 2322 3514; x_wconf 88' lang='lat' dir='ltr'><strong>proce-</strong></span> 
     </span>
     <span class='ocr_line' id='line_1_54' title="bbox 823 3531 2318 3609; baseline 0.001 -18"><span class='ocrx_word' id='word_1_386' title='bbox 823 3531 936 3609; x_wconf 82' lang='lat' dir='ltr'><strong>de3</strong></span> <span class='ocrx_word' id='word_1_387' title='bbox 965 3541 1025 3591; x_wconf 77' lang='lat' dir='ltr'><strong>et</strong></span> <span class='ocrx_word' id='word_1_388' title='bbox 1045 3550 1235 3608; x_wconf 84' lang='lat' dir='ltr'><strong>pasce</strong></span> <span class='ocrx_word' id='word_1_389' title='bbox 1261 3533 1474 3592; x_wconf 64' lang='lat' dir='ltr'><strong>haedos</strong></span> <span class='ocrx_word' id='word_1_390' title='bbox 1506 3540 1666 3598; x_wconf 73' lang='lat' dir='ltr'><strong>tuos,</strong></span> <span class='ocrx_word' id='word_1_391' title='bbox 1702 3531 1763 3592; x_wconf 86' lang='lat' dir='ltr'><strong>id</strong></span> <span class='ocrx_word' id='word_1_392' title='bbox 1795 3540 1910 3607; x_wconf 88' lang='lat' dir='ltr'><strong>est,</strong></span> <span class='ocrx_word' id='word_1_393' title='bbox 1950 3549 2080 3594; x_wconf 91' lang='lat' dir='ltr'><strong>non</strong></span> <span class='ocrx_word' id='word_1_394' title='bbox 2111 3531 2318 3594; x_wconf 87' lang='lat' dir='ltr'><strong>solum</strong></span> 
     </span>
     <span class='ocr_line' id='line_1_55' title="bbox 823 3627 2319 3711; baseline -0.001 -20"><span class='ocrx_word' id='word_1_395' title='bbox 823 3627 1027 3709; x_wconf 87' lang='lat' dir='ltr'><strong>justos</strong></span> <span class='ocrx_word' id='word_1_396' title='bbox 1056 3636 1118 3691; x_wconf 91' lang='lat' dir='ltr'><strong>et</strong></span> <span class='ocrx_word' id='word_1_397' title='bbox 1147 3628 1493 3711; x_wconf 76' lang='lat' dir='ltr'><strong>simplice3‚</strong></span> <span class='ocrx_word' id='word_1_398' title='bbox 1524 3630 1635 3710; x_wconf 86' lang='lat' dir='ltr'><strong>qui</strong></span> <span class='ocrx_word' id='word_1_399' title='bbox 1666 3647 1816 3693; x_wconf 89' lang='lat' dir='ltr'><strong>oves</strong></span> <span class='ocrx_word' id='word_1_400' title='bbox 1846 3638 2175 3707; x_wconf 88' lang='lat' dir='ltr'><strong>vocantur,</strong></span> <span class='ocrx_word' id='word_1_401' title='bbox 2210 3629 2319 3691; x_wconf 90' lang='lat' dir='ltr'><strong>sed</strong></span> 
     </span>
     <span class='ocr_line' id='line_1_56' title="bbox 823 3726 2315 3809; baseline 0 -20"><span class='ocrx_word' id='word_1_402' title='bbox 823 3726 1014 3789; x_wconf 90' lang='lat' dir='ltr'><strong>etiam</strong></span> <span class='ocrx_word' id='word_1_403' title='bbox 1049 3734 1410 3808; x_wconf 89' lang='lat' dir='ltr'><strong>peccatores</strong></span> <span class='ocrx_word' id='word_1_404' title='bbox 1441 3735 1505 3789; x_wconf 90' lang='lat' dir='ltr'><strong>et</strong></span> <span class='ocrx_word' id='word_1_405' title='bbox 1543 3727 1774 3809; x_wconf 89' lang='lat' dir='ltr'><strong>impios</strong></span> <span class='ocrx_word' id='word_1_406' title='bbox 1814 3728 2081 3804; x_wconf 88' lang='lat' dir='ltr'><strong>instrue,</strong></span> <span class='ocrx_word' id='word_1_407' title='bbox 2115 3728 2315 3802; x_wconf 91' lang='lat' dir='ltr'><strong>nutri,</strong></span> 
     </span>
     <span class='ocr_line' id='line_1_57' title="bbox 821 3823 2316 3904; baseline 0.001 -19"><span class='ocrx_word' id='word_1_408' title='bbox 821 3823 1129 3904; x_wconf 81' lang='lat' dir='ltr'><strong>guberna,</strong></span> <span class='ocrx_word' id='word_1_409' title='bbox 1158 3826 1365 3902; x_wconf 59' lang='lat' dir='ltr'><strong>jux-ca</strong></span> <span class='ocrx_word' id='word_1_410' title='bbox 1412 3828 1826 3885; x_wconf 79' lang='lat' dir='ltr'><strong>tabernacula</strong></span> <span class='ocrx_word' id='word_1_411' title='bbox 1863 3835 2225 3903; x_wconf 81' lang='lat' dir='ltr'><strong>pastorum,</strong></span> <span class='ocrx_word' id='word_1_412' title='bbox 2260 3826 2316 3887; x_wconf 89' lang='lat' dir='ltr'><strong>id</strong></span> 
     </span>
     <span class='ocr_line' id='line_1_58' title="bbox 823 3922 2315 4005; baseline 0.001 -20"><span class='ocrx_word' id='word_1_413' title='bbox 823 3930 921 3985; x_wconf 89' lang='lat' dir='ltr'><strong>cst</strong></span> <span class='ocrx_word' id='word_1_414' title='bbox 950 3924 1028 3985; x_wconf 92' lang='lat' dir='ltr'><strong>ad</strong></span> <span class='ocrx_word' id='word_1_415' title='bbox 1062 3922 1482 3987; x_wconf 88' lang='lat' dir='ltr'><strong>imitationem</strong></span> <span class='ocrx_word' id='word_1_416' title='bbox 1513 3922 2004 4005; x_wconf 83' lang='lat' dir='ltr'><strong>praeccdentium</strong></span> <span class='ocrx_word' id='word_1_417' title='bbox 2039 3932 2315 4003; x_wconf 87' lang='lat' dir='ltr'><strong>patrum,</strong></span> 
     </span>
     <span class='ocr_line' id='line_1_59' title="bbox 821 4021 2322 4104; baseline 0.001 -21"><span class='ocrx_word' id='word_1_418' title='bbox 821 4029 886 4083; x_wconf 89' lang='lat' dir='ltr'><strong>ct</strong></span> <span class='ocrx_word' id='word_1_419' title='bbox 919 4021 1095 4102; x_wconf 87' lang='lat' dir='ltr'><strong>juxta</strong></span> <span class='ocrx_word' id='word_1_420' title='bbox 1131 4022 1514 4084; x_wconf 85' lang='lat' dir='ltr'><strong>documenta</strong></span> <span class='ocrx_word' id='word_1_421' title='bbox 1556 4021 2027 4103; x_wconf 86' lang='lat' dir='ltr'><strong>Apostolorum,</strong></span> <span class='ocrx_word' id='word_1_422' title='bbox 2067 4022 2175 4104; x_wconf 89' lang='lat' dir='ltr'><strong>qui</strong></span> <span class='ocrx_word' id='word_1_423' title='bbox 2229 4023 2322 4084; x_wconf 87' lang='lat' dir='ltr'><strong>in-</strong></span> 
     </span>
     <span class='ocr_line' id='line_1_60' title="bbox 820 4119 2319 4202; baseline 0.002 -20"><span class='ocrx_word' id='word_1_424' title='bbox 820 4119 1198 4182; x_wconf 71' lang='lat' dir='ltr'><strong>differenter</strong></span> <span class='ocrx_word' id='word_1_425' title='bbox 1249 4120 1565 4183; x_wconf 87' lang='lat' dir='ltr'><strong>universis</strong></span> <span class='ocrx_word' id='word_1_426' title='bbox 1613 4120 2164 4202; x_wconf 69' lang='lat' dir='ltr'><strong>praedicaverunt:</strong></span> <span class='ocrx_word' id='word_1_427' title='bbox 2202 4122 2319 4185; x_wconf 85' lang='lat' dir='ltr'><strong>sic-</strong></span> 
     </span>
    </p>
   </div>
   <div class='ocr_carea' id='block_1_14' title="bbox 2430 3134 4197 4193">
    <p class='ocr_par' dir='ltr' id='par_1_21' title="bbox 2432 3134 3929 3415">
     <span class='ocr_line' id='line_1_61' title="bbox 2436 3134 3929 3218; baseline 0.003 -22"><span class='ocrx_word' id='word_1_428' title='bbox 2436 3136 2739 3212; x_wconf 90' lang='lat' dir='ltr'><strong>radisum,</strong></span> <span class='ocrx_word' id='word_1_429' title='bbox 2785 3134 2905 3198; x_wconf 92' lang='lat' dir='ltr'><strong>sub</strong></span> <span class='ocrx_word' id='word_1_430' title='bbox 2950 3136 3345 3218; x_wconf 88' lang='lat' dir='ltr'><strong>protectione</strong></span> <span class='ocrx_word' id='word_1_431' title='bbox 3390 3138 3609 3200; x_wconf 86' lang='lat' dir='ltr'><strong>auxilii</strong></span> <span class='ocrx_word' id='word_1_432' title='bbox 3659 3157 3733 3201; x_wconf 90' lang='lat' dir='ltr'><strong>ac</strong></span> <span class='ocrx_word' id='word_1_433' title='bbox 3788 3157 3929 3201; x_wconf 88' lang='lat' dir='ltr'><strong>rore</strong></span> 
     </span>
     <span class='ocr_line' id='line_1_62' title="bbox 2433 3232 3928 3314; baseline 0.004 -21"><span class='ocrx_word' id='word_1_434' title='bbox 2433 3232 2747 3314; x_wconf 81' lang='lat' dir='ltr'><strong>refrigerii</strong></span> <span class='ocrx_word' id='word_1_435' title='bbox 2787 3234 2935 3311; x_wconf 90' lang='lat' dir='ltr'><strong>mei,</strong></span> <span class='ocrx_word' id='word_1_436' title='bbox 2973 3242 3038 3296; x_wconf 90' lang='lat' dir='ltr'><strong>et</strong></span> <span class='ocrx_word' id='word_1_437' title='bbox 3075 3234 3141 3295; x_wconf 93' lang='lat' dir='ltr'><strong>in</strong></span> <span class='ocrx_word' id='word_1_438' title='bbox 3173 3234 3314 3297; x_wconf 91' lang='lat' dir='ltr'><strong>luce</strong></span> <span class='ocrx_word' id='word_1_439' title='bbox 3353 3234 3507 3298; x_wconf 87' lang='lat' dir='ltr'><strong>fidei</strong></span> <span class='ocrx_word' id='word_1_440' title='bbox 3538 3256 3609 3298; x_wconf 92' lang='lat' dir='ltr'><strong>ac</strong></span> <span class='ocrx_word' id='word_1_441' title='bbox 3642 3235 3928 3299; x_wconf 81' lang='lat' dir='ltr'><strong>claritate</strong></span> 
     </span>
     <span class='ocr_line' id='line_1_63' title="bbox 2432 3332 3927 3415; baseline 0.003 -22"><span class='ocrx_word' id='word_1_442' title='bbox 2432 3332 2875 3395; x_wconf 83' lang='lat' dir='ltr'><strong>illustrationis</strong></span> <span class='ocrx_word' id='word_1_443' title='bbox 2914 3352 3205 3415; x_wconf 80' lang='lat' dir='ltr'><strong>supernae</strong></span> <span class='ocrx_word' id='word_1_444' title='bbox 3242 3352 3316 3395; x_wconf 88' lang='lat' dir='ltr'><strong>ac</strong></span> <span class='ocrx_word' id='word_1_445' title='bbox 3351 3333 3631 3396; x_wconf 86' lang='lat' dir='ltr'><strong>caritatis</strong></span> <span class='ocrx_word' id='word_1_446' title='bbox 3674 3333 3927 3399; x_wconf 81' lang='lat' dir='ltr'><strong>fervore</strong></span> 
     </span>
    </p>

    <p class='ocr_par' dir='ltr' id='par_1_22' title="bbox 2433 3431 3922 3514">
     <span class='ocr_line' id='line_1_64' title="bbox 2433 3431 3922 3514; baseline 0.002 -22"><span class='ocrx_word' id='word_1_447' title='bbox 2433 3431 2598 3493; x_wconf 91' lang='lat' dir='ltr'><strong>inter</strong></span> <span class='ocrx_word' id='word_1_448' title='bbox 2627 3450 2931 3514; x_wconf 89' lang='lat' dir='ltr'><strong>prospera</strong></span> <span class='ocrx_word' id='word_1_449' title='bbox 2962 3439 3025 3494; x_wconf 92' lang='lat' dir='ltr'><strong>et</strong></span> <span class='ocrx_word' id='word_1_450' title='bbox 3059 3432 3345 3495; x_wconf 87' lang='lat' dir='ltr'><strong>adversa.</strong></span> <span class='ocrx_word' id='word_1_451' title='bbox 3380 3432 3922 3506; x_wconf 86' lang='lat' dir='ltr'><strong>Quemadmodum</strong></span> 
     </span>
    </p>

    <p class='ocr_par' dir='ltr' id='par_1_23' title="bbox 2430 3530 4197 4006">
     <span class='ocr_line' id='line_1_65' title="bbox 2431 3530 4197 3614; baseline 0.001 -23"><span class='ocrx_word' id='word_1_452' title='bbox 2431 3530 2620 3592; x_wconf 88' lang='lat' dir='ltr'><strong>etiam</strong></span> <span class='ocrx_word' id='word_1_453' title='bbox 2658 3530 2815 3591; x_wconf 86' lang='lat' dir='ltr'><strong>filiis</strong></span> <span class='ocrx_word' id='word_1_454' title='bbox 2854 3530 3041 3592; x_wconf 89' lang='lat' dir='ltr'><strong>lsrael</strong></span> <span class='ocrx_word' id='word_1_455' title='bbox 3074 3531 3138 3591; x_wconf 92' lang='lat' dir='ltr'><strong>in</strong></span> <span class='ocrx_word' id='word_1_456' title='bbox 3168 3540 3387 3593; x_wconf 87' lang='lat' dir='ltr'><strong>monte</strong></span> <span class='ocrx_word' id='word_1_457' title='bbox 3419 3530 3591 3593; x_wconf 87' lang='lat' dir='ltr'><strong>Sinai</strong></span> <span class='ocrx_word' id='word_1_458' title='bbox 3623 3550 3735 3613; x_wconf 88' lang='lat' dir='ltr'><strong>per</strong></span> <span class='ocrx_word' id='word_1_459' title='bbox 3768 3532 3925 3614; x_wconf 79' lang='lat' dir='ltr'><strong>Moy·</strong></span> <span class='ocrx_word' id='word_1_460' title='bbox 3988 3552 4197 3601; x_wconf 56' lang='lat' dir='ltr'><strong>mam,</strong></span> 
     </span>
     <span class='ocr_line' id='line_1_66' title="bbox 2431 3628 4015 3707; baseline 0.002 -17"><span class='ocrx_word' id='word_1_461' title='bbox 2431 3648 2544 3691; x_wconf 92' lang='lat' dir='ltr'><strong>sen</strong></span> <span class='ocrx_word' id='word_1_462' title='bbox 2583 3629 2784 3707; x_wconf 88' lang='lat' dir='ltr'><strong>legem</strong></span> <span class='ocrx_word' id='word_1_463' title='bbox 2831 3629 3019 3707; x_wconf 84' lang='lat' dir='ltr'><strong>dedi3</strong></span> <span class='ocrx_word' id='word_1_464' title='bbox 3064 3628 3157 3691; x_wconf 91' lang='lat' dir='ltr'><strong>sic</strong></span> <span class='ocrx_word' id='word_1_465' title='bbox 3206 3629 3320 3691; x_wconf 90' lang='lat' dir='ltr'><strong>tibi</strong></span> <span class='ocrx_word' id='word_1_466' title='bbox 3366 3629 3431 3691; x_wconf 90' lang='lat' dir='ltr'><strong>in</strong></span> <span class='ocrx_word' id='word_1_467' title='bbox 3476 3638 3692 3693; x_wconf 90' lang='lat' dir='ltr'><strong>monte</strong></span> <span class='ocrx_word' id='word_1_468' title='bbox 3739 3639 3923 3693; x_wconf 79' lang='lat' dir='ltr'><strong>terrae</strong></span> <span class='ocrx_word' id='word_1_469' title='bbox 3948 3629 4015 3658; x_wconf 80' lang='lat'><strong>¹¹·</strong></span> 
     </span>
     <span class='ocr_line' id='line_1_67' title="bbox 2432 3726 3921 3809; baseline 0.003 -22"><span class='ocrx_word' id='word_1_470' title='bbox 2432 3726 2875 3809; x_wconf 90' lang='lat' dir='ltr'><strong>promissionis</strong></span> <span class='ocrx_word' id='word_1_471' title='bbox 2920 3746 3033 3809; x_wconf 91' lang='lat' dir='ltr'><strong>per</strong></span> <span class='ocrx_word' id='word_1_472' title='bbox 3074 3746 3175 3790; x_wconf 91' lang='lat' dir='ltr'><strong>me</strong></span> <span class='ocrx_word' id='word_1_473' title='bbox 3213 3727 3423 3809; x_wconf 88' lang='lat' dir='ltr'><strong>ipsum</strong></span> <span class='ocrx_word' id='word_1_474' title='bbox 3468 3728 3921 3807; x_wconf 87' lang='lat' dir='ltr'><strong>Evangelicam</strong></span> 
     </span>
     <span class='ocr_line' id='line_1_68' title="bbox 2430 3824 4193 3905; baseline 0.002 -18"><span class='ocrx_word' id='word_1_475' title='bbox 2430 3826 2674 3887; x_wconf 89' lang='lat' dir='ltr'><strong>contuli</strong></span> <span class='ocrx_word' id='word_1_476' title='bbox 2704 3824 2930 3905; x_wconf 88' lang='lat' dir='ltr'><strong>legem.</strong></span> <span class='ocrx_word' id='word_1_477' title='bbox 2964 3825 3121 3887; x_wconf 84' lang='lat' dir='ltr'><strong>Hinc</strong></span> <span class='ocrx_word' id='word_1_478' title='bbox 3155 3826 3221 3887; x_wconf 91' lang='lat' dir='ltr'><strong>in</strong></span> <span class='ocrx_word' id='word_1_479' title='bbox 3255 3826 3409 3888; x_wconf 87' lang='lat' dir='ltr'><strong>lsaia</strong></span> <span class='ocrx_word' id='word_1_480' title='bbox 3436 3826 3779 3889; x_wconf 90' lang='lat' dir='ltr'><strong>asseritur:</strong></span> <span class='ocrx_word' id='word_1_481' title='bbox 3815 3826 3923 3889; x_wconf 91' lang='lat' dir='ltr'><strong>Su·</strong></span> <span class='ocrx_word' id='word_1_482' title='bbox 3950 3849 4009 3892; x_wconf 69' lang='grc' dir='ltr'><strong>ιι.</strong></span> <span class='ocrx_word' id='word_1_483' title='bbox 4031 3852 4193 3899; x_wconf 51' lang='lat' dir='ltr'><strong>mss.</strong></span> 
     </span>
     <span class='ocr_line' id='line_1_69' title="bbox 2431 3922 3924 4006; baseline 0.001 -21"><span class='ocrx_word' id='word_1_484' title='bbox 2431 3942 2544 4005; x_wconf 89' lang='lat' dir='ltr'><strong>per</strong></span> <span class='ocrx_word' id='word_1_485' title='bbox 2572 3942 2825 3987; x_wconf 85' lang='lat' dir='ltr'><strong>omnem</strong></span> <span class='ocrx_word' id='word_1_486' title='bbox 2856 3922 3123 4003; x_wconf 88' lang='lat' dir='ltr'><strong>gloriam</strong></span> <span class='ocrx_word' id='word_1_487' title='bbox 3159 3924 3506 4006; x_wconf 90' lang='lat' dir='ltr'><strong>protectio;</strong></span> <span class='ocrx_word' id='word_1_488' title='bbox 3540 3933 3603 3986; x_wconf 88' lang='lat' dir='ltr'><strong>et</strong></span> <span class='ocrx_word' id='word_1_489' title='bbox 3633 3923 3924 3987; x_wconf 89' lang='lat' dir='ltr'><strong>taberna-</strong></span> 
     </span>
    </p>

    <p class='ocr_par' dir='ltr' id='par_1_24' title="bbox 2430 4020 3921 4100">
     <span class='ocr_line' id='line_1_70' title="bbox 2430 4020 3921 4100; baseline 0.001 -17"><span class='ocrx_word' id='word_1_490' title='bbox 2430 4022 2643 4083; x_wconf 87' lang='lat' dir='ltr'><strong>culum</strong></span> <span class='ocrx_word' id='word_1_491' title='bbox 2686 4022 2805 4083; x_wconf 87' lang='lat' dir='ltr'><strong>erit</strong></span> <span class='ocrx_word' id='word_1_492' title='bbox 2848 4021 2913 4083; x_wconf 93' lang='lat' dir='ltr'><strong>in</strong></span> <span class='ocrx_word' id='word_1_493' title='bbox 2964 4020 3407 4084; x_wconf 90' lang='lat' dir='ltr'><strong>umbraculum</strong></span> <span class='ocrx_word' id='word_1_494' title='bbox 3452 4021 3578 4084; x_wconf 91' lang='lat' dir='ltr'><strong>diei</strong></span> <span class='ocrx_word' id='word_1_495' title='bbox 3615 4020 3698 4083; x_wconf 91' lang='lat' dir='ltr'><strong>ab</strong></span> <span class='ocrx_word' id='word_1_496' title='bbox 3738 4032 3921 4100; x_wconf 60' lang='lat' dir='ltr'><strong>aestu,</strong></span> 
     </span>
    </p>

    <p class='ocr_par' dir='ltr' id='par_1_25' title="bbox 2430 4119 3927 4193">
     <span class='ocr_line' id='line_1_71' title="bbox 2430 4119 3927 4193; baseline 0.002 -11"><span class='ocrx_word' id='word_1_497' title='bbox 2430 4129 2493 4182; x_wconf 92' lang='lat' dir='ltr'><strong>et</strong></span> <span class='ocrx_word' id='word_1_498' title='bbox 2539 4119 2601 4181; x_wconf 90' lang='lat' dir='ltr'><strong>in</strong></span> <span class='ocrx_word' id='word_1_499' title='bbox 2654 4120 3079 4193; x_wconf 81' lang='lat' dir='ltr'><strong>securitatem,</strong></span> <span class='ocrx_word' id='word_1_500' title='bbox 3124 4128 3187 4182; x_wconf 90' lang='lat' dir='ltr'><strong>et</strong></span> <span class='ocrx_word' id='word_1_501' title='bbox 3235 4119 3300 4181; x_wconf 91' lang='lat' dir='ltr'><strong>in</strong></span> <span class='ocrx_word' id='word_1_502' title='bbox 3350 4121 3835 4185; x_wconf 90' lang='lat' dir='ltr'><strong>absconsionem</strong></span> <span class='ocrx_word' id='word_1_503' title='bbox 3888 4142 3927 4185; x_wconf 87' lang='lat' dir='ltr'><strong>a</strong></span> 
     </span>
    </p>
   </div>
   <div class='ocr_carea' id='block_1_15' title="bbox 821 4218 3140 4299">
    <p class='ocr_par' dir='ltr' id='par_1_26' title="bbox 821 4218 3140 4299">
     <span class='ocr_line' id='line_1_72' title="bbox 821 4218 3140 4299; baseline 0 -20"><span class='ocrx_word' id='word_1_504' title='bbox 821 4236 946 4299; x_wconf 86' lang='lat' dir='ltr'><strong>que</strong></span> <span class='ocrx_word' id='word_1_505' title='bbox 975 4228 1032 4277; x_wconf 79' lang='lat' dir='ltr'><strong>ec</strong></span> <span class='ocrx_word' id='word_1_506' title='bbox 1052 4221 1161 4279; x_wconf 84' lang='lat' dir='ltr'><strong>abi</strong></span> <span class='ocrx_word' id='word_1_507' title='bbox 1180 4230 1323 4296; x_wconf 77' lang='lat' dir='ltr'><strong>post</strong></span> <span class='ocrx_word' id='word_1_508' title='bbox 1357 4222 1621 4295; x_wconf 70' lang='lat' dir='ltr'><strong>vestiqia</strong></span> <span class='ocrx_word' id='word_1_509' title='bbox 1645 4238 1918 4296; x_wconf 57' lang='lat' dir='ltr'><strong>,qrequm</strong></span> <span class='ocrx_word' id='word_1_510' title='bbox 1951 4230 2232 4293; x_wconf 78' lang='lat' dir='ltr'><strong>tuorum,</strong></span> <span class='ocrx_word' id='word_1_511' title='bbox 2254 4220 2317 4282; x_wconf 89' lang='lat' dir='ltr'><strong>id</strong></span> <span class='ocrx_word' id='word_1_512' title='bbox 2349 4221 2396 4281; x_wconf 92' lang='lat' dir='ltr'>D</span> <span class='ocrx_word' id='word_1_513' title='bbox 2416 4218 2684 4281; x_wconf 78' lang='lat' dir='ltr'><strong>-turbine</strong></span> <span class='ocrx_word' id='word_1_514' title='bbox 2722 4227 2785 4280; x_wconf 86' lang='lat' dir='ltr'><strong>et</strong></span> <span class='ocrx_word' id='word_1_515' title='bbox 2827 4238 2864 4280; x_wconf 87' lang='lat' dir='ltr'><strong>a</strong></span> <span class='ocrx_word' id='word_1_516' title='bbox 2908 4218 3140 4299; x_wconf 85' lang='lat' dir='ltr'><strong>pluvia.</strong></span> 
     </span>
    </p>
   </div>
   <div class='ocr_carea' id='block_1_16' title="bbox 817 4316 2321 5382">
    <p class='ocr_par' dir='ltr' id='par_1_27' title="bbox 817 4316 2321 5382">
     <span class='ocr_line' id='line_1_73' title="bbox 820 4316 2321 4400; baseline 0.003 -23"><span class='ocrx_word' id='word_1_517' title='bbox 820 4324 938 4393; x_wconf 84' lang='lat' dir='ltr'><strong>est,</strong></span> <span class='ocrx_word' id='word_1_518' title='bbox 971 4316 1238 4379; x_wconf 90' lang='lat' dir='ltr'><strong>virtutes</strong></span> <span class='ocrx_word' id='word_1_519' title='bbox 1269 4325 1329 4378; x_wconf 88' lang='lat' dir='ltr'><strong>et</strong></span> <span class='ocrx_word' id='word_1_520' title='bbox 1370 4335 1564 4399; x_wconf 91' lang='lat' dir='ltr'><strong>opera</strong></span> <span class='ocrx_word' id='word_1_521' title='bbox 1593 4317 1935 4380; x_wconf 87' lang='lat' dir='ltr'><strong>electarum</strong></span> <span class='ocrx_word' id='word_1_522' title='bbox 1977 4337 2321 4400; x_wconf 87' lang='lat' dir='ltr'><strong>congrega-</strong></span> 
     </span>
     <span class='ocr_line' id='line_1_74' title="bbox 823 4402 2320 4499; baseline 0.003 -23"><span class='ocrx_word' id='word_1_523' title='bbox 823 4414 1070 4477; x_wconf 90' lang='lat' dir='ltr'><strong>tionum</strong></span> <span class='ocrx_word' id='word_1_524' title='bbox 1103 4423 1368 4492; x_wconf 88' lang='lat' dir='ltr'><strong>sectare‚</strong></span> <span class='ocrx_word' id='word_1_525' title='bbox 1402 4434 1481 4477; x_wconf 92' lang='lat' dir='ltr'><strong>ne</strong></span> <span class='ocrx_word' id='word_1_526' title='bbox 1513 4415 1824 4477; x_wconf 88' lang='lat' dir='ltr'><strong>inutiliter</strong></span> <span class='ocrx_word' id='word_1_527' title='bbox 1853 4402 2162 4496; x_wconf 83' lang='lat' dir='ltr'><strong>evageris.</strong></span> <span class='ocrx_word' id='word_1_528' title='bbox 2198 4416 2320 4499; x_wconf 86' lang='lat' dir='ltr'><strong>Op-</strong></span> 
     </span>
     <span class='ocr_line' id='line_1_75' title="bbox 821 4512 2318 4592; baseline 0.002 -18"><span class='ocrx_word' id='word_1_529' title='bbox 821 4512 1048 4575; x_wconf 84' lang='lat' dir='ltr'><strong>timum</strong></span> <span class='ocrx_word' id='word_1_530' title='bbox 1089 4513 1261 4575; x_wconf 90' lang='lat' dir='ltr'><strong>enim</strong></span> <span class='ocrx_word' id='word_1_531' title='bbox 1294 4522 1390 4576; x_wconf 87' lang='lat' dir='ltr'><strong>est</strong></span> <span class='ocrx_word' id='word_1_532' title='bbox 1427 4522 1490 4575; x_wconf 90' lang='lat' dir='ltr'><strong>et</strong></span> <span class='ocrx_word' id='word_1_533' title='bbox 1529 4514 1711 4578; x_wconf 90' lang='lat' dir='ltr'><strong>valde</strong></span> <span class='ocrx_word' id='word_1_534' title='bbox 1751 4533 2067 4592; x_wconf 89' lang='lat' dir='ltr'><strong>securum,</strong></span> <span class='ocrx_word' id='word_1_535' title='bbox 2105 4515 2318 4577; x_wconf 83' lang='lat' dir='ltr'><strong>tritam</strong></span> 
     </span>
     <span class='ocr_line' id='line_1_76' title="bbox 820 4610 2320 4689; baseline 0.001 -15"><span class='ocrx_word' id='word_1_536' title='bbox 820 4610 1192 4675; x_wconf 86' lang='lat' dir='ltr'><strong>Sanctorum</strong></span> <span class='ocrx_word' id='word_1_537' title='bbox 1229 4611 1523 4675; x_wconf 83' lang='lat' dir='ltr'><strong>incedere</strong></span> <span class='ocrx_word' id='word_1_538' title='bbox 1553 4611 1744 4689; x_wconf 90' lang='lat' dir='ltr'><strong>viam,</strong></span> <span class='ocrx_word' id='word_1_539' title='bbox 1777 4621 1842 4675; x_wconf 89' lang='lat' dir='ltr'><strong>et</strong></span> <span class='ocrx_word' id='word_1_540' title='bbox 1871 4630 2090 4675; x_wconf 91' lang='lat' dir='ltr'><strong>eorum</strong></span> <span class='ocrx_word' id='word_1_541' title='bbox 2122 4613 2320 4675; x_wconf 87' lang='lat' dir='ltr'><strong>inhae-</strong></span> 
     </span>
     <span class='ocr_line' id='line_1_77' title="bbox 820 4710 2320 4794; baseline 0.001 -23"><span class='ocrx_word' id='word_1_542' title='bbox 820 4729 957 4773; x_wconf 85' lang='lat' dir='ltr'><strong>rere</strong></span> <span class='ocrx_word' id='word_1_543' title='bbox 1003 4712 1310 4791; x_wconf 87' lang='lat' dir='ltr'><strong>vestigiis,</strong></span> <span class='ocrx_word' id='word_1_544' title='bbox 1355 4711 1466 4794; x_wconf 90' lang='lat' dir='ltr'><strong>qui</strong></span> <span class='ocrx_word' id='word_1_545' title='bbox 1510 4730 1766 4774; x_wconf 89' lang='lat' dir='ltr'><strong>cursum</strong></span> <span class='ocrx_word' id='word_1_546' title='bbox 1811 4730 1994 4773; x_wconf 90' lang='lat' dir='ltr'><strong>suum</strong></span> <span class='ocrx_word' id='word_1_547' title='bbox 2044 4710 2320 4775; x_wconf 88' lang='lat' dir='ltr'><strong>feliciter</strong></span> 
     </span>
     <span class='ocr_line' id='line_1_78' title="bbox 817 4809 2319 4892; baseline -0.001 -20"><span class='ocrx_word' id='word_1_548' title='bbox 817 4810 1318 4892; x_wconf 88' lang='lat' dir='ltr'><strong>compleverunt.</strong></span> <span class='ocrx_word' id='word_1_549' title='bbox 1369 4809 1508 4873; x_wconf 91' lang='lat' dir='ltr'><strong>Noli</strong></span> <span class='ocrx_word' id='word_1_550' title='bbox 1559 4827 1708 4888; x_wconf 87' lang='lat' dir='ltr'><strong>ergo</strong></span> <span class='ocrx_word' id='word_1_551' title='bbox 1757 4810 2173 4873; x_wconf 86' lang='lat' dir='ltr'><strong>immoderate</strong></span> <span class='ocrx_word' id='word_1_552' title='bbox 2226 4809 2319 4871; x_wconf 93' lang='lat' dir='ltr'><strong>di-</strong></span> 
     </span>
     <span class='ocr_line' id='line_1_79' title="bbox 819 4908 2317 4989; baseline 0 -19"><span class='ocrx_word' id='word_1_553' title='bbox 819 4916 1065 4971; x_wconf 88' lang='lat' dir='ltr'><strong>scutere</strong></span> <span class='ocrx_word' id='word_1_554' title='bbox 1116 4916 1226 4970; x_wconf 93' lang='lat' dir='ltr'><strong>aut</strong></span> <span class='ocrx_word' id='word_1_555' title='bbox 1275 4908 1440 4971; x_wconf 90' lang='lat' dir='ltr'><strong>velle</strong></span> <span class='ocrx_word' id='word_1_556' title='bbox 1492 4926 1898 4989; x_wconf 86' lang='lat' dir='ltr'><strong>cognoscere,</strong></span> <span class='ocrx_word' id='word_1_557' title='bbox 1959 4908 2025 4969; x_wconf 90' lang='lat' dir='ltr'><strong>in</strong></span> <span class='ocrx_word' id='word_1_558' title='bbox 2077 4908 2317 4988; x_wconf 90' lang='lat' dir='ltr'><strong>quibus</strong></span> 
     </span>
     <span class='ocr_line' id='line_1_80' title="bbox 819 5005 2316 5089; baseline -0.002 -19"><span class='ocrx_word' id='word_1_559' title='bbox 819 5026 940 5088; x_wconf 80' lang='lat' dir='ltr'><strong>ego</strong></span> <span class='ocrx_word' id='word_1_560' title='bbox 987 5026 1099 5089; x_wconf 89' lang='lat' dir='ltr'><strong>per</strong></span> <span class='ocrx_word' id='word_1_561' title='bbox 1140 5008 1407 5087; x_wconf 87' lang='lat' dir='ltr'><strong>gratiam</strong></span> <span class='ocrx_word' id='word_1_562' title='bbox 1457 5005 1762 5083; x_wconf 87' lang='lat' dir='ltr'><strong>habitem,</strong></span> <span class='ocrx_word' id='word_1_563' title='bbox 1810 5016 1920 5067; x_wconf 91' lang='lat' dir='ltr'><strong>aut</strong></span> <span class='ocrx_word' id='word_1_564' title='bbox 1967 5006 2079 5087; x_wconf 90' lang='lat' dir='ltr'><strong>qui</strong></span> <span class='ocrx_word' id='word_1_565' title='bbox 2131 5005 2316 5069; x_wconf 85' lang='lat' dir='ltr'><strong>electi</strong></span> 
     </span>
     <span class='ocr_line' id='line_1_81' title="bbox 821 5105 2319 5187; baseline 0 -20"><span class='ocrx_word' id='word_1_566' title='bbox 821 5106 952 5167; x_wconf 88' lang='lat' dir='ltr'><strong>sint</strong></span> <span class='ocrx_word' id='word_1_567' title='bbox 988 5114 1052 5168; x_wconf 91' lang='lat' dir='ltr'><strong>et</strong></span> <span class='ocrx_word' id='word_1_568' title='bbox 1089 5105 1266 5186; x_wconf 86' lang='lat' dir='ltr'><strong>digni</strong></span> <span class='ocrx_word' id='word_1_569' title='bbox 1309 5114 1378 5167; x_wconf 90' lang='lat' dir='ltr'><strong>ut</strong></span> <span class='ocrx_word' id='word_1_570' title='bbox 1423 5105 1513 5167; x_wconf 89' lang='lat' dir='ltr'><strong>eis</strong></span> <span class='ocrx_word' id='word_1_571' title='bbox 1559 5105 1925 5187; x_wconf 81' lang='lat' dir='ltr'><strong>praedicatio</strong></span> <span class='ocrx_word' id='word_1_572' title='bbox 1974 5105 2088 5167; x_wconf 81' lang='lat' dir='ltr'><strong>fiat</strong></span> <span class='ocrx_word' id='word_1_573' title='bbox 2129 5126 2143 5167; x_wconf 76' lang='grc' dir='ltr'>ε</span> <span class='ocrx_word' id='word_1_574' title='bbox 2192 5105 2319 5167; x_wconf 90' lang='lat' dir='ltr'><strong>imo</strong></span> 
     </span>
     <span class='ocr_line' id='line_1_82' title="bbox 817 5202 2319 5285; baseline -0.001 -19"><span class='ocrx_word' id='word_1_575' title='bbox 817 5222 949 5285; x_wconf 90' lang='lat' dir='ltr'><strong>quo</strong></span> <span class='ocrx_word' id='word_1_576' title='bbox 996 5203 1196 5285; x_wconf 88' lang='lat' dir='ltr'><strong>aliqui</strong></span> <span class='ocrx_word' id='word_1_577' title='bbox 1248 5202 1449 5283; x_wconf 89' lang='lat' dir='ltr'><strong>magis</strong></span> <span class='ocrx_word' id='word_1_578' title='bbox 1495 5202 1779 5284; x_wconf 90' lang='lat' dir='ltr'><strong>corrupti</strong></span> <span class='ocrx_word' id='word_1_579' title='bbox 1829 5210 2001 5279; x_wconf 84' lang='lat' dir='ltr'><strong>sunt,</strong></span> <span class='ocrx_word' id='word_1_580' title='bbox 2053 5221 2128 5265; x_wconf 89' lang='lat' dir='ltr'><strong>eo</strong></span> <span class='ocrx_word' id='word_1_581' title='bbox 2176 5203 2319 5285; x_wconf 91' lang='lat' dir='ltr'><strong>plus</strong></span> 
     </span>
     <span class='ocr_line' id='line_1_83' title="bbox 821 5300 2321 5382; baseline -0.002 -17"><span class='ocrx_word' id='word_1_582' title='bbox 821 5303 1004 5371; x_wconf 85' lang='lat' dir='ltr'><strong>stude</strong></span> <span class='ocrx_word' id='word_1_583' title='bbox 1039 5302 1132 5365; x_wconf 89' lang='lat' dir='ltr'><strong>eis</strong></span> <span class='ocrx_word' id='word_1_584' title='bbox 1173 5319 1542 5365; x_wconf 87' lang='lat' dir='ltr'><strong>succurrere</strong></span> <span class='ocrx_word' id='word_1_585' title='bbox 1574 5318 1588 5361; x_wconf 77' lang='grc' dir='ltr'><strong><em>ε</em></strong></span> <span class='ocrx_word' id='word_1_586' title='bbox 1631 5301 1783 5382; x_wconf 89' lang='lat' dir='ltr'><strong>quia</strong></span> <span class='ocrx_word' id='word_1_587' title='bbox 1823 5300 1941 5363; x_wconf 88' lang='lat' dir='ltr'><strong>etsi</strong></span> <span class='ocrx_word' id='word_1_588' title='bbox 1982 5302 2321 5382; x_wconf 90' lang='lat' dir='ltr'><strong>contigerit</strong></span> 
     </span>
    </p>
   </div>
   <div class='ocr_carea' id='block_1_17' title="bbox 2427 4316 3925 4693">
    <p class='ocr_par' dir='ltr' id='par_1_28' title="bbox 2427 4316 3925 4693">
     <span class='ocr_line' id='line_1_84' title="bbox 2509 4316 3925 4399; baseline 0.001 -22"><span class='ocrx_word' id='word_1_589' title='bbox 2509 4317 2792 4398; x_wconf 87' lang='lat' dir='ltr'><strong>Insuper,</strong></span> <span class='ocrx_word' id='word_1_590' title='bbox 2826 4336 2941 4398; x_wconf 90' lang='lat' dir='ltr'><strong>per</strong></span> <span class='ocrx_word' id='word_1_591' title='bbox 2970 4317 3321 4399; x_wconf 88' lang='lat' dir='ltr'><strong>equitatum</strong></span> <span class='ocrx_word' id='word_1_592' title='bbox 3357 4316 3489 4393; x_wconf 88' lang='lat' dir='ltr'><strong>Dei,</strong></span> <span class='ocrx_word' id='word_1_593' title='bbox 3530 4325 3803 4399; x_wconf 90' lang='lat' dir='ltr'><strong>possunt</strong></span> <span class='ocrx_word' id='word_1_594' title='bbox 3832 4318 3925 4380; x_wconf 89' lang='lat' dir='ltr'><strong>in-</strong></span> 
     </span>
     <span class='ocr_line' id='line_1_85' title="bbox 2430 4413 3923 4497; baseline 0.001 -21"><span class='ocrx_word' id='word_1_595' title='bbox 2430 4413 2629 4493; x_wconf 85' lang='lat' dir='ltr'><strong>telligi</strong></span> <span class='ocrx_word' id='word_1_596' title='bbox 2677 4415 2981 4494; x_wconf 78' lang='lat' dir='ltr'><strong>angelicae</strong></span> <span class='ocrx_word' id='word_1_597' title='bbox 3028 4423 3372 4497; x_wconf 88' lang='lat' dir='ltr'><strong>potestates</strong></span> <span class='ocrx_word' id='word_1_598' title='bbox 3411 4424 3474 4476; x_wconf 88' lang='lat' dir='ltr'><strong>et</strong></span> <span class='ocrx_word' id='word_1_599' title='bbox 3519 4415 3731 4496; x_wconf 88' lang='lat' dir='ltr'><strong>angeli</strong></span> <span class='ocrx_word' id='word_1_600' title='bbox 3782 4435 3923 4477; x_wconf 87' lang='lat' dir='ltr'><strong>san-</strong></span> 
     </span>
     <span class='ocr_line' id='line_1_86' title="bbox 2427 4511 3922 4595; baseline 0.001 -21"><span class='ocrx_word' id='word_1_601' title='bbox 2427 4512 2514 4574; x_wconf 89' lang='lat' dir='ltr'><strong>cti</strong></span> <span class='ocrx_word' id='word_1_602' title='bbox 2550 4530 2563 4573; x_wconf 95' lang='lat'><strong>:</strong></span> <span class='ocrx_word' id='word_1_603' title='bbox 2600 4512 2711 4593; x_wconf 91' lang='lat' dir='ltr'><strong>qui</strong></span> <span class='ocrx_word' id='word_1_604' title='bbox 2744 4512 2807 4573; x_wconf 91' lang='lat' dir='ltr'><strong>in</strong></span> <span class='ocrx_word' id='word_1_605' title='bbox 2830 4512 3174 4593; x_wconf 89' lang='lat' dir='ltr'><strong>Scripturis</strong></span> <span class='ocrx_word' id='word_1_606' title='bbox 3203 4511 3481 4575; x_wconf 84' lang='lat' dir='ltr'><strong>ubertim</strong></span> <span class='ocrx_word' id='word_1_607' title='bbox 3512 4513 3922 4595; x_wconf 85' lang='lat' dir='ltr'><strong>appellantur</strong></span> 
     </span>
     <span class='ocr_line' id='line_1_87' title="bbox 2427 4610 3920 4693; baseline 0.001 -21"><span class='ocrx_word' id='word_1_608' title='bbox 2427 4610 2741 4673; x_wconf 86' lang='lat' dir='ltr'><strong>exercitus</strong></span> <span class='ocrx_word' id='word_1_609' title='bbox 2770 4620 2834 4673; x_wconf 87' lang='lat' dir='ltr'><strong>et</strong></span> <span class='ocrx_word' id='word_1_610' title='bbox 2862 4620 3067 4673; x_wconf 89' lang='lat' dir='ltr'><strong>castra</strong></span> <span class='ocrx_word' id='word_1_611' title='bbox 3094 4619 3286 4693; x_wconf 88' lang='lat' dir='ltr'><strong>atque</strong></span> <span class='ocrx_word' id='word_1_612' title='bbox 3321 4610 3553 4674; x_wconf 88' lang='lat' dir='ltr'><strong>militia</strong></span> <span class='ocrx_word' id='word_1_613' title='bbox 3586 4612 3717 4687; x_wconf 90' lang='lat' dir='ltr'><strong>Dei,</strong></span> <span class='ocrx_word' id='word_1_614' title='bbox 3740 4612 3920 4693; x_wconf 88' lang='lat' dir='ltr'><strong>juxta</strong></span> 
     </span>
    </p>
   </div>
   <div class='ocr_carea' id='block_1_18' title="bbox 2429 4708 4278 4785">
    <p class='ocr_par' dir='ltr' id='par_1_29' title="bbox 2429 4708 4278 4785">
     <span class='ocr_line' id='line_1_88' title="bbox 2429 4708 4278 4785; baseline 0.003 -16"><span class='ocrx_word' id='word_1_615' title='bbox 2429 4709 2589 4770; x_wconf 91' lang='lat' dir='ltr'><strong>illud</strong></span> <span class='ocrx_word' id='word_1_616' title='bbox 2628 4708 2859 4771; x_wconf 88' lang='lat' dir='ltr'><strong>Psalmi</strong></span> <span class='ocrx_word' id='word_1_617' title='bbox 2897 4727 2910 4770; x_wconf 93' lang='lat'>:</span> <span class='ocrx_word' id='word_1_618' title='bbox 2945 4709 3178 4772; x_wconf 89' lang='lat' dir='ltr'><strong>Currus</strong></span> <span class='ocrx_word' id='word_1_619' title='bbox 3221 4710 3331 4771; x_wconf 88' lang='lat' dir='ltr'><strong>Dei</strong></span> <span class='ocrx_word' id='word_1_620' title='bbox 3367 4711 3583 4772; x_wconf 89' lang='lat' dir='ltr'><strong>decem</strong></span> <span class='ocrx_word' id='word_1_621' title='bbox 3630 4709 3917 4772; x_wconf 90' lang='lat' dir='ltr'><strong>millibus</strong></span> <span class='ocrx_word' id='word_1_622' title='bbox 3980 4737 4187 4780; x_wconf 46' lang='lat' dir='ltr'><strong>patna.</strong></span> <span class='ocrx_word' id='word_1_623' title='bbox 4276 4776 4278 4785; x_wconf 78' lang='grc'>,</span> 
     </span>
    </p>
   </div>
   <div class='ocr_carea' id='block_1_19' title="bbox 2428 4802 4185 5281">
    <p class='ocr_par' dir='ltr' id='par_1_30' title="bbox 2428 4802 4185 5086">
     <span class='ocr_line' id='line_1_89' title="bbox 2428 4802 4185 4908; baseline 0.002 -39"><span class='ocrx_word' id='word_1_624' title='bbox 2428 4805 2787 4889; x_wconf 88' lang='lat' dir='ltr'><strong>multiplex.</strong></span> <span class='ocrx_word' id='word_1_625' title='bbox 2821 4807 2887 4868; x_wconf 91' lang='lat' dir='ltr'><strong>ln</strong></span> <span class='ocrx_word' id='word_1_626' title='bbox 2918 4807 3144 4870; x_wconf 84' lang='lat' dir='ltr'><strong>Genesi</strong></span> <span class='ocrx_word' id='word_1_627' title='bbox 3180 4826 3435 4890; x_wconf 90' lang='lat' dir='ltr'><strong>quoque</strong></span> <span class='ocrx_word' id='word_1_628' title='bbox 3467 4815 3761 4870; x_wconf 88' lang='lat' dir='ltr'><strong>narratur</strong></span> <span class='ocrx_word' id='word_1_629' title='bbox 3790 4809 3917 4871; x_wconf 84' lang='lat' dir='ltr'><strong>:Ja-</strong></span> <span class='ocrx_word' id='word_1_630' title='bbox 3945 4802 4185 4908; x_wconf 53' lang='lat' dir='ltr'><strong>&#39;gemma</strong></span> 
     </span>
     <span class='ocr_line' id='line_1_90' title="bbox 2428 4905 4045 4987; baseline -0.001 -19"><span class='ocrx_word' id='word_1_631' title='bbox 2428 4905 2547 4968; x_wconf 92' lang='lat' dir='ltr'><strong>cob</strong></span> <span class='ocrx_word' id='word_1_632' title='bbox 2588 4905 2749 4967; x_wconf 88' lang='lat' dir='ltr'><strong>abiit</strong></span> <span class='ocrx_word' id='word_1_633' title='bbox 2787 4905 2891 4968; x_wconf 86' lang='lat' dir='ltr'><strong>via</strong></span> <span class='ocrx_word' id='word_1_634' title='bbox 2926 4925 3054 4986; x_wconf 89' lang='lat' dir='ltr'><strong>qua</strong></span> <span class='ocrx_word' id='word_1_635' title='bbox 3091 4915 3391 4987; x_wconf 89' lang='lat' dir='ltr'><strong>coeperat‚</strong></span> <span class='ocrx_word' id='word_1_636' title='bbox 3428 4905 3818 4987; x_wconf 86' lang='lat' dir='ltr'><strong>fueruntque</strong></span> <span class='ocrx_word' id='word_1_637' title='bbox 3856 4907 3915 4971; x_wconf 87' lang='lat' dir='ltr'><strong>ei</strong></span> <span class='ocrx_word' id='word_1_638' title='bbox 3950 4927 4045 4975; x_wconf 62' lang='lat' dir='ltr'><strong>m.</strong></span> 
     </span>
     <span class='ocr_line' id='line_1_91' title="bbox 2428 5003 3914 5086; baseline 0.001 -20"><span class='ocrx_word' id='word_1_639' title='bbox 2428 5003 2683 5066; x_wconf 89' lang='lat' dir='ltr'><strong>obviam</strong></span> <span class='ocrx_word' id='word_1_640' title='bbox 2723 5003 2931 5083; x_wconf 82' lang='lat' dir='ltr'><strong>angeli</strong></span> <span class='ocrx_word' id='word_1_641' title='bbox 2982 5003 3113 5066; x_wconf 88' lang='lat' dir='ltr'><strong>Dei.</strong></span> <span class='ocrx_word' id='word_1_642' title='bbox 3164 5004 3329 5077; x_wconf 88' lang='lat' dir='ltr'><strong>Quos</strong></span> <span class='ocrx_word' id='word_1_643' title='bbox 3381 5024 3575 5086; x_wconf 92' lang='lat' dir='ltr'><strong>quum</strong></span> <span class='ocrx_word' id='word_1_644' title='bbox 3627 5004 3914 5084; x_wconf 86' lang='lat' dir='ltr'><strong>vidisset,</strong></span> 
     </span>
    </p>

    <p class='ocr_par' dir='ltr' id='par_1_31' title="bbox 2431 5102 4179 5281">
     <span class='ocr_line' id='line_1_92' title="bbox 2431 5102 3917 5167; baseline 0.001 -1"><span class='ocrx_word' id='word_1_645' title='bbox 2431 5104 2589 5166; x_wconf 84' lang='lat' dir='ltr'><strong>dixit</strong></span> <span class='ocrx_word' id='word_1_646' title='bbox 2633 5120 2647 5164; x_wconf 90' lang='lat'>:</span> <span class='ocrx_word' id='word_1_647' title='bbox 2681 5102 2900 5165; x_wconf 89' lang='lat' dir='ltr'><strong>Castra</strong></span> <span class='ocrx_word' id='word_1_648' title='bbox 2926 5103 3035 5164; x_wconf 90' lang='lat' dir='ltr'><strong>Dei</strong></span> <span class='ocrx_word' id='word_1_649' title='bbox 3067 5112 3216 5165; x_wconf 91' lang='lat' dir='ltr'><strong>sunt</strong></span> <span class='ocrx_word' id='word_1_650' title='bbox 3244 5104 3403 5167; x_wconf 83' lang='lat' dir='ltr'><strong>haec.</strong></span> <span class='ocrx_word' id='word_1_651' title='bbox 3450 5103 3627 5167; x_wconf 89' lang='lat' dir='ltr'><strong>Unde</strong></span> <span class='ocrx_word' id='word_1_652' title='bbox 3661 5112 3725 5167; x_wconf 87' lang='lat' dir='ltr'><strong>et</strong></span> <span class='ocrx_word' id='word_1_653' title='bbox 3760 5104 3917 5167; x_wconf 90' lang='lat' dir='ltr'><strong>alibi</strong></span> 
     </span>
     <span class='ocr_line' id='line_1_93' title="bbox 2431 5200 4179 5281; baseline -0.006 -16"><span class='ocrx_word' id='word_1_654' title='bbox 2431 5201 2703 5281; x_wconf 83' lang='lat' dir='ltr'><strong>legitur:</strong></span> <span class='ocrx_word' id='word_1_655' title='bbox 2738 5200 2929 5263; x_wconf 84' lang='lat' dir='ltr'><strong>Multa</strong></span> <span class='ocrx_word' id='word_1_656' title='bbox 2965 5209 3114 5262; x_wconf 87' lang='lat' dir='ltr'><strong>sunt</strong></span> <span class='ocrx_word' id='word_1_657' title='bbox 3159 5201 3351 5263; x_wconf 90' lang='lat' dir='ltr'><strong>nimis</strong></span> <span class='ocrx_word' id='word_1_658' title='bbox 3394 5209 3599 5263; x_wconf 88' lang='lat' dir='ltr'><strong>castra</strong></span> <span class='ocrx_word' id='word_1_659' title='bbox 3638 5202 3744 5263; x_wconf 86' lang='lat' dir='ltr'><strong>Dei</strong></span> <span class='ocrx_word' id='word_1_660' title='bbox 3789 5201 3919 5264; x_wconf 88' lang='lat' dir='ltr'><strong>for·</strong></span> <span class='ocrx_word' id='word_1_661' title='bbox 3956 5218 4179 5265; x_wconf 50' lang='lat' dir='ltr'><strong>amau.</strong></span> 
     </span>
    </p>
   </div>
   <div class='ocr_carea' id='block_1_20' title="bbox 2429 5298 3917 5383">
    <p class='ocr_par' dir='ltr' id='par_1_32' title="bbox 2429 5298 3917 5383">
     <span class='ocr_line' id='line_1_94' title="bbox 2429 5298 3917 5383; baseline -0.001 -20"><span class='ocrx_word' id='word_1_662' title='bbox 2429 5301 2540 5378; x_wconf 87' lang='lat' dir='ltr'><strong>tia,</strong></span> <span class='ocrx_word' id='word_1_663' title='bbox 2585 5308 2649 5363; x_wconf 92' lang='lat' dir='ltr'><strong>et</strong></span> <span class='ocrx_word' id='word_1_664' title='bbox 2698 5298 3001 5362; x_wconf 77' lang='lat' dir='ltr'><strong>facientia</strong></span> <span class='ocrx_word' id='word_1_665' title='bbox 3046 5299 3309 5363; x_wconf 86' lang='lat' dir='ltr'><strong>verbum</strong></span> <span class='ocrx_word' id='word_1_666' title='bbox 3358 5300 3520 5381; x_wconf 77' lang='lat' dir='ltr'><strong>ejus,</strong></span> <span class='ocrx_word' id='word_1_667' title='bbox 3562 5300 3754 5363; x_wconf 89' lang='lat' dir='ltr'><strong>Porro</strong></span> <span class='ocrx_word' id='word_1_668' title='bbox 3800 5318 3917 5383; x_wconf 89' lang='lat' dir='ltr'><strong>per</strong></span> 
     </span>
    </p>
   </div>
  </div>
 </body>
</html>
