4284 6267
646 1998 713 2055 10

647 4158 709 4213 Η

645 5336 713 5391 12

830 524 951 588 350

1430 540 1783 589 malumno
1824 541 1888 587 IN
1930 540 2067 589 GAP.
2114 541 2242 589 xvu
2283 538 2442 586 LIBRI
2485 539 2842 587 summm.
2887 559 2968 569 —
3009 539 3151 587 Am.
3197 540 3322 585 xvu

832 712 971 775 sine
1000 713 1185 796 cujus
1214 711 1632 795 respiratione
1677 730 1863 776 nemo
1904 719 2113 794 potest
2153 710 2326 775 vive-
2353 706 2400 769 A
2429 713 2589 771 dum
2620 713 2700 771 ab
2729 712 2905 772 intro
2935 712 3150 773 minor
3167 720 3258 771 esc
3277 712 3686 789 eoespectatiO,
3707 708 3771 770 id
3803 716 3920 784 est,

830 830 921 890 re,
968 821 1272 888 neyantes
1304 832 1367 871 se
1406 813 1627 872 videre
1654 833 1677 872 .·
1708 829 1836 874 non
1884 809 2056 891 quod
2096 828 2204 872 aer
2242 808 2326 871 sit

830 909 1129 973 exteriori
1176 910 1321 972 visu
1361 908 1601 972 directe
1640 907 1939 984 visibilis,
1976 909 2087 971 sed
2130 907 2327 969 medi-

828 1017 975 1072 ante
1032 1008 1174 1072 luce
1236 1007 1673 1092 perceptibilis
1725 1028 1738 1072 :
1789 1026 2003 1089 quem,
2054 1007 2326 1069 durante

830 1108 1145 1171 densitate
1176 1106 1599 1189 palpabilium
1629 1105 2051 1180 tenebrarum,
2075 1104 2164 1167 ita
2192 1123 2327 1187 per-

831 1208 1045 1288 cipere
1089 1225 1215 1269 non
1248 1204 1565 1270 valebant.

912 1308 1304 1383 Frequenter
1332 1306 1505 1365 enim
1540 1312 1997 1383 praeoccupant
2018 1304 2325 1381 pessima,

832 1402 896 1465 id
929 1410 1045 1480 est,
1085 1402 1361 1465 maxima
1391 1401 1667 1484 poenalia
1696 1401 1862 1463 mala
1892 1418 2061 1483 saepe
2089 1417 2329 1482 praeve-

832 1501 1041 1576 aiunt,
1097 1519 1209 1563 seu
1269 1500 1459 1563 citius
1510 1500 1730 1563 adesse
1778 1507 2083 1581 putantur
2132 1516 2328 1579 quam

830 1598 1066 1676 adsint,
1094 1602 1521 1676 redama-ente
1558 1600 1969 1669 conscientia,
2013 1598 2077 1659 id
2116 1605 2214 1659 est
2253 1615 2329 1658 ex

832 1717 1121 1761 remorsu
1161 1698 1436 1780 propriae
1474 1695 1903 1772 conscientiae,
1935 1715 2059 1776 qua
2090 1694 2328 1777 impius

832 1796 957 1859 sibi
991 1814 1250 1859 suorum
1295 1794 1591 1860 conscius
1616 1794 1918 1858 viliorum
1971 1794 2330 1874 suspicatur

2433 808 2583 870 dum
2617 827 2690 871 ex
2731 828 2796 872 se
2839 810 2977 892 ipso
3019 808 3232 872 minus
3275 807 3546 872 confidit
3582 827 3652 871 se
3690 807 3927 870 auxilia

2433 906 2834 987 adepturum,
2871 908 3214 988 minusque
3243 926 3316 969 ea
3355 913 3697 987 exspectat,
3731 907 3928 983 majo·

2433 1024 2568 1064 rem
2600 1016 2797 1082 putat
2833 1008 3194 1085 potentiam
3230 1008 3370 1083 ejus
3413 1025 3647 1075 causae,
3675 1007 3756 1064 de
3795 1025 3926 1083 qua

2438 1112 2825 1164 tormentum
2847 1114 3118 1182 praestat
3149 1125 3172 1163 :
3202 1104 3267 1165 id
3309 1110 3424 1181 est,
3457 1122 3604 1165 eum
3635 1121 3712 1164 ex
3743 1102 3926 1182 cujus

2436 1201 2944 1264 consideratione
2985 1201 3268 1284 concipit
3298 1210 3538 1264 metum
3569 1208 3633 1263 et
3665 1198 3928 1263 afflicti·

2435 1318 2624 1363 onem
2666 1300 2732 1362 in
2771 1300 2982 1378 corde,
3031 1308 3280 1383 reputat
3319 1319 3458 1363 esse
3506 1298 3926 1381 potentiorem

2437 1397 2516 1460 ad
2561 1400 2915 1462 nocendum
2967 1399 3112 1476 sibi,
3149 1418 3340 1481 quam
3389 1406 3506 1475 est,
3541 1408 3603 1461 et
3638 1398 3931 1478 graviora

2438 1503 2622 1578 putat
2654 1496 2776 1559 sibi
2809 1498 2889 1559 ab
2922 1497 3034 1561 illo
3065 1497 3401 1560 imminere
3431 1496 3719 1573 adversa,
3737 1514 3927 1576 quam

2439 1594 2799 1658 imminent.
2835 1596 3050 1659 Timor
3080 1614 3358 1676 namque
3387 1594 3606 1675 dejicit
3635 1612 3928 1675 eum,pu-

2439 1693 2958 1775 sillanimemque
2997 1693 3330 1757 constituit
3362 1710 3377 1754 ε
3421 1693 3532 1755 sed
3571 1698 3636 1754 et
3674 1692 3814 1774 ipsa
3851 1692 3928 1752 ir-

2441 1791 2756 1854 refrenata
2803 1792 3016 1874 passio
3057 1792 3326 1870 timoris,
3371 1811 3407 1853 a
3447 1799 3620 1854 recto
3669 1790 3929 1853 abducit

836 1894 958 1957 sibi
989 1894 1246 1957 assidue
1276 1895 1542 1958 adversa
1570 1893 1829 1970 instare,
1855 1912 1999 1975 quae
2026 1912 2094 1955 se
2125 1892 2331 1954 noscit
2365 1894 2412 1955 B
2437 1890 2680 1971 judicio
2711 1890 2996 1965 rationiS,
3031 1891 3198 1954 sicut
3226 1900 3289 1953 et
3317 1897 3543 1953 ceterae
3571 1888 3921 1971 passiones,

837 1992 1287 2075 promeruisse.
1340 1996 1553 2062 Quum
1595 1994 1681 2052 sit
1721 1994 1895 2052 enim
1944 1993 2181 2051 timida
2225 2011 2332 2051 ne-

835 2094 1071 2173 quitia,
1116 2090 1180 2153 id
1225 2099 1341 2165 est,
1395 2089 1690 2153 'timidum
1738 2088 1929 2152 faciat
1975 2088 2325 2165 hominem,

835 2190 1081 2253 ratione
1132 2197 1433 2271 praetacta
1474 2206 1487 2251 ε
1537 2196 1797 2271 propter
1830 2189 2001 2269 quod
2045 2186 2218 2249 fures
2267 2195 2332 2249 et

836 2288 1115 2351 latrones
1174 2306 1425 2369 semper
1483 2294 1633 2348 sunt
1684 2286 1919 2368 pavidi,
1972 2293 2330 2350 metuentes

832 2385 1070 2466 jugiter
1110 2383 1535 2466 deprehendi3
1571 2386 1685 2444 dat
1724 2386 2163 2444 testimonium
2195 2403 2332 2443 con-

832 2488 1165 2554 demnata,
1190 2482 1255 2545 id
1286 2490 1404 2560 est,
1440 2488 1697 2545 accusat
1726 2500 1795 2544 se
1819 2480 2047 2563 ipsam,
2072 2490 2135 2543 et
2160 2482 2331 2561 juste

834 2601 901 2645 se
931 2580 1221 2645 damnari
1268 2588 1536 2644 testatur
1563 2588 1755 2662 atque
1802 2580 2017 2661 puniri
2052 2580 2191 2662 ipsa
2220 2599 2332 2641 sua

835 2680 1197 2743 inordinata
1249 2678 1616 2743 formidine.
1665 2677 1791 2741 Alii
1832 2677 2071 2741 habent
2114 2696 2127 2739 :
2179 2678 2332 2741 Data

836 2788 931 2842 est
961 2779 1028 2841 in
1058 2779 1345 2842 omnium
1391 2777 2012 2854 condemnationem,
2041 2776 2104 2839 id
2144 2784 2261 2853 est,
2295 2795 2332 2838 a

834 2877 961 2940 Deo
998 2876 1215 2957 judice
1243 2875 1575 2939 ordinatur
1618 2875 1699 2937 ad
1743 2874 2029 2957 ipsorum
2076 2893 2328 2938 reorum

835 2974 1236 3059 punitionem
1304 2983 1369 3036 et
1422 2972 2042 3037 condemnationem.
2092 2972 2332 3035 lnordi-

2517 1989 2802 2070 Denique
2852 1990 2952 2051 his
3001 1990 3344 2053 concordat
3391 1989 3560 2070 quod
3595 1988 3765 2069 apud
3812 1984 3924 2049 Job

2437 2086 2671 2169 legitur
2707 2105 2720 2149 ε
2758 2088 3014 2151 Sonitus
3059 2087 3317 2151 terroris
3357 2105 3606 2169 semper
3643 2086 3710 2148 in
3753 2085 3922 2148 auri·
3951 2104 4034 2147 101³
4059 2106 4214 2150 mm.

2438 2185 2556 2247 bus
2599 2185 2822 2267 impii3
2857 2194 2920 2249 et
2957 2205 3156 2267 quum
3200 2204 3322 2268 pax
3365 2184 3468 2261 sit,
3503 2184 3612 2247 ille
3660 2183 3923 2245 insidias

2437 2284 2820 2365 suspicatur.
2886 2284 3169 2365 Itemque
3218 2302 3231 2345 :

2439 2382 2734 2463 impium,
2769 2383 2932 2445 sicut
2965 2400 3176 2462 regem
3216 2381 3329 2463 qui
3362 2391 3620 2464 paratur
3665 2381 3745 2443 ad
3777 2398 3928 2462 prae-

2439 2480 2620 2543 lium.
2663 2481 2838 2556 Quod
2884 2481 3118 2544 etenim
3171 2480 3407 2562 impius
3454 2479 3671 2541 intulit
3716 2477 3922 2553 alteri,

2437 2580 2797 2661 suspicatur
2833 2579 2956 2642 sibi
2999 2598 3185 2662 posse
3224 2577 3474 2642 inferri.
3504 2578 3798 2653 Econtra‚
3841 2579 3930 2640 ni·

2439 2677 2530 2740 hil
2568 2678 2850 2759 quietius
2891 2679 3232 2741 innocente
3271 2677 3646 2758 sinceraque
3689 2684 3922 2752 mente,

2439 2795 2582 2858 quae
2625 2778 2788 2840 sicut
2843 2796 2972 2840 non
3026 2777 3246 2840 nocuit
3297 2775 3626 2859 proximiS,
3677 2774 3770 2837 sic
3813 2794 3928 2837 nec

2439 2874 2561 2938 sibi
2595 2875 2922 2956 praesumit
2953 2876 3306 2938 nocendum
3335 2893 3476 2937 esse
3505 2873 3585 2936 ab
3614 2873 3756 2936 illis
3771 2874 3930 2935 Hinc

2439 2974 2827 3051 innocentia,
2872 2974 3142 3056 justitia,
3198 2972 3512 3055 sapientia
3550 2990 3720 3047 vera,
3772 2991 3930 3054 prae-

834 3081 1021 3136 natus
1051 3073 1287 3137 etenim
1319 3071 1596 3149 animuS,
1630 3071 1756 3134 sibi
1796 3071 1922 3154 ipsi
1963 3070 2330 3154 frequenter
2365 3076 2408 3139 C
2441 3081 2610 3135 stant
2645 3072 2947 3136 fiduciam
2979 3080 3044 3137 et
3079 3072 3538 3136 confidentiam
3576 3071 3835 3147 bonam,
3868 3080 3930 3133 ct

834 3180 927 3235 est
950 3171 1194 3254 gravis3
1217 3179 1282 3233 et
1310 3170 1501 3234 timor
1528 3188 1717 3252 quem
1749 3169 1917 3254 parit
1946 3169 2232 3251 nequitia
2261 3168 2327 3231 in

834 3288 951 3333 suo
983 3270 1296 3350 subjecto,
1328 3278 1424 3331 est
1451 3270 1741 3353 quasdam
1774 3268 1914 3349 ejus
1948 3268 2218 3351 punitio.

914 3371 1179 3446 Semper
1206 3369 1382 3429 enim
1414 3368 1756 3445 praesumit
1790 3388 1960 3429 sceva
1991 3368 2332 3445 perturba-

838 3476 902 3529 ta
940 3468 1328 3527 conscientia
1361 3488 1383 3527 .·
1417 3466 1482 3529 id
1526 3472 1641 3540 est,
1675 3466 2067 3529 conscientia
2109 3465 2332 3547 nequi-

836 3562 999 3627 tiosa
1034 3562 1272 3645 jugiter
1307 3562 1687 3645 suspicatur,
1722 3563 2180 3645 praesupponit,
2219 3582 2330 3627 seu

837 3670 1019 3745 putat
1081 3661 1206 3724 sibi
1267 3660 1567 3724 adfutura
1629 3668 1691 3723 et
1762 3662 2126 3744 propinqua
2193 3680 2332 3725 esse

836 3762 994 3823 dura
1033 3758 1401 3841 ferociaque
1441 3767 1778 3823 tormenta.
1825 3759 2055 3841 Sicque
2096 3759 2333 3841 patitur

839 3858 1158 3941 supplicia
1194 3866 1536 3938 antequam
1576 3857 1839 3920 veniant
1873 3874 1886 3918 :
1920 3857 2087 3920 sicut
2115 3865 2176 3919 et
2209 3858 2333 3921 Leo

838 3956 1004 4038 Papa
1051 3963 1336 4031 testatur,
1371 3955 1545 4036 quod
1587 3973 1693 4018 rea
1736 3955 2127 4018 conscientia
2167 3955 2333 4019 intra

840 4074 909 4117 se
960 4053 1196 4136 patitur
1254 4053 1571 4135 quidquid
1622 4052 1727 4115 Dei
1781 4052 2065 4116 bonitate
2110 4052 2334 4116 differ-

839 4161 963 4215 tur.
992 4152 1183 4213 Nihil
1212 4154 1389 4212 enim
1415 4160 1507 4212 est
1536 4153 1728 4212 timor
1758 4151 2125 4231 hujusmodi
2164 4151 2332 4215 inor-

2440 3172 2940 3253 imperterritum
2989 3179 3278 3234 statuunt
3325 3169 3633 3233 animum.
3672 3170 3930 3251 Propter

2438 3269 2611 3352 quod
2640 3269 2730 3331 ait
2765 3268 3090 3351 Scriptura
3123 3287 3137 3331 ε
3173 3268 3358 3349 Fugit
3397 3266 3634 3350 impius
3673 3267 3932 3331 nemine
4011 3293 4152 3335 ΡΜ,

2440 3376 2897 3450 persequent03
2943 3366 3152 3449 justus
3181 3374 3394 3429 autem
3436 3366 3616 3447 quasi
3658 3365 3757 3429 leo
3789 3384 3932 3429 con·
3958 3369 4090 3397 ”W

2442 3466 2672 3543 fidenS,
2707 3466 2948 3549 absque
2985 3475 3225 3530 terrore
3265 3466 3410 3529 erit.
3445 3466 3522 3527 Et
3563 3484 3786 3527 rursus
3827 3465 3932 3529 Sa-

2440 3560 2682 3648 pientia
2719 3566 2810 3627 ait
2843 3584 2857 3628 :
2891 3564 3007 3639 Qui
3050 3584 3153 3628 me
3195 3564 3490 3639 audierit,
3526 3563 3770 3644 absque
3815 3573 3934 3627 ter-
3975 3586 4214 3637 mam.

2439 3681 2581 3726 rore
2630 3663 2936 3745 quiescet,
2991 3672 3052 3726 et
3102 3662 3492 3725 abundantia
3540 3661 3926 3744 perfruetur,

2437 3762 2748 3824 malorum
2782 3762 3012 3825 timore
3041 3761 3312 3825 sublato.
3347 3760 3522 3823 Unde
3552 3758 3826 3822 habetur
3853 3760 3932 3823 de

2436 3860 2616 3934 Juda,
2650 3860 2760 3941 qui
2793 3878 2938 3922 cum
2981 3858 3284 3922 fratribus
3323 3859 3455 3920 suis
3493 3877 3620 3920 non
3653 3877 3804 3921 vere
3831 3877 3933 3921 ac-

2439 3956 2776 4020 cusabatur
2815 3956 2892 4019 de
2927 3955 3098 4019 furto
3133 3973 3146 4017 :
3184 3956 3504 4019 Accedens
3544 3962 3758 4017 autem
3787 3974 3932 4037 pro-

2439 4055 2604 4137 piuS,
2659 4054 3058 4117 confidenter
3100 4054 3209 4116 ait.
3258 4054 3624 4117 Aristoteles
3673 4072 3930 4134 quoque

2441 4152 2697 4230 fatetur,
2732 4154 2902 4234 quod
2941 4153 3006 4215 hi
3051 4152 3165 4235 qui
3208 4151 3439 4215 melius
3476 4151 3714 4215 habent
3754 4171 3824 4215 se
3861 4151 3928 4213 in

838 4250 1117 4328 dinatus,
1151 4268 1229 4312 ex
1270 4248 1558 4330 nequitia
1599 4248 1811 4312 oriens
1858 4269 2003 4312 cum
2044 4269 2160 4311 sua
2199 4270 2332 4313 ma-
2361 4258 2408 4320 D
2437 4252 2696 4329 divinis,
2744 4260 2894 4313 sunt
2939 4250 3198 4315 fiduciae
3237 4250 3545 4314 melioris,

834 4357 961 4426 tre,
1024 4356 1175 4430 puta
1238 4347 1554 4429 nequitia,
1615 4350 1751 4409 nisi
1795 4350 2330 4427 proesumptionis

835 4445 1137 4531 praefatae,
1157 4464 1284 4528 qua
1310 4444 1457 4527 quis
1488 4465 1681 4528 prava
1712 4446 2103 4510 conscientia
2132 4446 2331 4529 suspi-

834 4554 1015 4609 catur
1054 4544 1177 4607 sibi
1216 4544 1456 4607 instare
1496 4552 1831 4621 tormenta,
1865 4546 2274 4622 adjutorium
2306 4568 2328 4605 .·

834 4644 988 4726 quia
1017 4644 1193 4707 fovet
1222 4652 1284 4707 et
1307 4651 1495 4725 auget
1523 4644 1711 4706 talem
1743 4644 2324 4726 praesumptionem,

834 4762 1023 4825 quam
1074 4750 1292 4806 causat
1340 4741 1647 4823 nequitia.
1680 4742 1790 4804 Est
1835 4761 2089 4825 quoque
2139 4743 2330 4806 timor

835 4841 956 4904 iste
975 4843 1267 4919 proditio
1287 4842 1697 4918 cogitationis
1714 4843 2123 4903 auxiliorum
2140 4863 2163 4901 .·
2179 4843 2330 4923 quia

832 4958 909 5002 ex
959 4940 1187 5002 timore
1235 4938 1396 5001 solet
1446 4939 1790 5020 procedere
1829 4946 2064 5002 tremor
2108 4958 2331 5022 corpo-

834 5036 944 5113 riS,
980 5037 1312 5119 pallorque
1343 5038 1580 5115 vultuS,
1613 5036 1893 5102 adulatio
1933 5046 1997 5101 et
2025 5038 2326 5101 humilia-

832 5134 923 5199 tio
954 5136 1243 5217 quaedam
1265 5153 1376 5199 :ex
1404 5135 1641 5217 quibus
1670 5134 2137 5214 manifestatur,
2156 5138 2325 5218 quod

838 5233 1069 5295 timens
1100 5234 1335 5313 cogitat
1366 5233 1643 5316 qualiter
1669 5235 1872 5316 possit
1900 5234 2191 5298 obtinere
2219 5254 2329 5297 au-

838 5330 990 5393 xilia
1036 5338 1255 5395 contra
1305 5331 1704 5393 imminentia
1750 5331 1871 5394 sibi
1922 5333 2208 5396 adversa.
2245 5337 2328 5396 Et

2519 4350 2818 4432 Sequitur
2847 4351 2926 4413 de
2955 4346 3390 4431 AEgyptiorum
3422 4348 3777 4431 punitione.
3809 4352 3929 4411 Illi

2437 4459 2652 4510 autem
2682 4451 2798 4528 qui
2827 4451 2900 4509 in
2934 4456 3256 4526 potentem
3297 4468 3520 4509 venere
3557 4458 3826 4519 noctem,
3861 4446 3926 4510 id

2438 4556 2534 4611 est
2563 4546 2862 4629 AEgyptii,
2897 4545 3005 4628 qui
3052 4545 3416 4609 inciderunt
3455 4546 3520 4608 in
3563 4555 3817 4628 tempus
3851 4545 3928 4607 il-

2439 4646 2544 4708 lud
2588 4645 2996 4709 tenebrosum
3035 4643 3456 4727 palpabilium
3495 4644 3924 4719 tenebrarum,

2435 4755 2495 4805 et
2525 4746 2603 4805 ab
2632 4744 2881 4818 infimis
2923 4753 2982 4804 ec
3011 4745 3093 4803 ab
3119 4744 3456 4803 altissimis
3483 4744 3931 4822 supervenien-

2439 4853 2562 4904 tem
2592 4863 2614 4902 .·
2645 4841 2708 4904 id
2758 4849 2874 4917 est,
2909 4860 3053 4922 quae
3101 4858 3224 4903 nox
3269 4840 3650 4903 causabatur
3699 4839 3930 4922 partim

2437 4960 2513 5003 ex
2561 4947 2728 5002 terra
2775 4948 2839 5001 et
2887 4958 3076 5020 aqua,
3116 4939 3181 5001 id
3219 4946 3315 5001 est
3359 4958 3437 5002 ex
3475 4938 3819 5020 vaporibus
3869 4946 3932 5000 et

2437 5036 2946 5101 exhalationibus
2997 5035 3488 5100 ascendentibus
3528 5038 3606 5099 de
3652 5044 3820 5099 terra
3867 5044 3932 5098 et

2435 5155 2622 5218 aqua,
2643 5143 2707 5197 et
2736 5134 3248 5214 ingrossantibus
3278 5153 3488 5198 aerem
3508 5153 3525 5215 ;
3560 5135 3788 5216 partim
3823 5154 3928 5197 vc-

2438 5254 2506 5298 ro
2553 5255 2632 5298 ex
2663 5253 2853 5296 causa
2894 5233 3225 5312 altissima,
3261 5233 3506 5297 scilicet
3549 5234 3769 5299 divino
3816 5233 3928 5295 im-

2434 5332 2634 5416 peri0,
2694 5331 3111 5413 angelicoque
3165 5330 3544 5409 ministerio,
3597 5341 3790 5413 atque
3847 5352 3920 5396 ex

3290 2283 3596 2363 Angustia
3664 2281 3926 2344 vallabit
3984 2300 4104 2343 ma.
4127 2302 4190 2342 ει.

3981 3974 4092 4018 Gen.
4110 3986 4210 4017 xus·-

3963 4039 4028 4080 ¹8.

4059 4359 4125 4414 13
