<?xml version="1.0" encoding="UTF-8"?>
<!DOCTYPE html PUBLIC "-//W3C//DTD XHTML 1.0 Transitional//EN"
    "http://www.w3.org/TR/xhtml1/DTD/xhtml1-transitional.dtd">
<html xmlns="http://www.w3.org/1999/xhtml" xml:lang="en" lang="en">
 <head>
  <title>
</title>
<meta http-equiv="Content-Type" content="text/html;charset=utf-8" />
  <meta name='ocr-system' content='tesseract 3.04.00' />
  <meta name='ocr-capabilities' content='ocr_page ocr_carea ocr_par ocr_line ocrx_word'/>
</head>
<body>
  <div class='ocr_page' id='page_1' title='image "./doctorisecstati00denigoog_0499.png"; bbox 0 0 4284 6267; ppageno 0'>
   <div class='ocr_carea' id='block_1_1' title="bbox 835 486 954 552">
    <p class='ocr_par' dir='ltr' id='par_1_1' title="bbox 835 486 954 552">
     <span class='ocr_line' id='line_1_1' title="bbox 835 486 954 552; baseline 0 -1"><span class='ocrx_word' id='word_1_1' title='bbox 835 486 954 552; x_wconf 75' lang='lat'><strong>420</strong></span> 
     </span>
    </p>
   </div>
   <div class='ocr_carea' id='block_1_2' title="bbox 1413 502 3357 553">
    <p class='ocr_par' dir='ltr' id='par_1_2' title="bbox 1413 502 3357 553">
     <span class='ocr_line' id='line_1_2' title="bbox 1413 502 3357 553; baseline -0.002 -1"><span class='ocrx_word' id='word_1_2' title='bbox 1413 504 1765 553; x_wconf 71' lang='lat' dir='ltr'><strong>ENARRA&#39;rlo</strong></span> <span class='ocrx_word' id='word_1_3' title='bbox 1809 506 1870 551; x_wconf 78' lang='lat' dir='ltr'><strong>m</strong></span> <span class='ocrx_word' id='word_1_4' title='bbox 1912 505 2050 553; x_wconf 75' lang='lat' dir='ltr'><strong>GAP.</strong></span> <span class='ocrx_word' id='word_1_5' title='bbox 2087 505 2173 551; x_wconf 87' lang='lat' dir='ltr'><strong>vu</strong></span> <span class='ocrx_word' id='word_1_6' title='bbox 2215 503 2453 551; x_wconf 76' lang='lat' dir='ltr'>CANTICI</span> <span class='ocrx_word' id='word_1_7' title='bbox 2495 502 2897 550; x_wconf 71' lang='lat' dir='ltr'><strong>cmlconun.</strong></span> <span class='ocrx_word' id='word_1_8' title='bbox 2944 523 3024 533; x_wconf 95' lang='lat'><strong>—</strong></span> <span class='ocrx_word' id='word_1_9' title='bbox 3062 503 3204 549; x_wconf 74' lang='lat' dir='ltr'><strong>Am.</strong></span> <span class='ocrx_word' id='word_1_10' title='bbox 3250 502 3357 549; x_wconf 84' lang='lat' dir='ltr'><strong>xxl</strong></span> 
     </span>
    </p>
   </div>
   <div class='ocr_carea' id='block_1_3' title="bbox 832 669 4164 758">
    <p class='ocr_par' dir='ltr' id='par_1_3' title="bbox 832 669 4164 758">
     <span class='ocr_line' id='line_1_3' title="bbox 832 669 4164 758; baseline -0.002 -19"><span class='ocrx_word' id='word_1_11' title='bbox 832 675 1130 756; x_wconf 77' lang='lat' dir='ltr'><strong>colligam</strong></span> <span class='ocrx_word' id='word_1_12' title='bbox 1159 674 1437 739; x_wconf 84' lang='lat' dir='ltr'><strong>fructum</strong></span> <span class='ocrx_word' id='word_1_13' title='bbox 1466 676 1730 758; x_wconf 83' lang='lat' dir='ltr'><strong>justitiae</strong></span> <span class='ocrx_word' id='word_1_14' title='bbox 1760 676 2139 758; x_wconf 89' lang='lat' dir='ltr'><strong>copiosum:</strong></span> <span class='ocrx_word' id='word_1_15' title='bbox 2176 672 2327 756; x_wconf 91' lang='lat' dir='ltr'><strong>quia</strong></span> <span class='ocrx_word' id='word_1_16' title='bbox 2355 675 2404 737; x_wconf 85' lang='grc' dir='ltr'>Α</span> <span class='ocrx_word' id='word_1_17' title='bbox 2429 680 2582 751; x_wconf 85' lang='lat' dir='ltr'><strong>gnat</strong></span> <span class='ocrx_word' id='word_1_18' title='bbox 2625 690 2700 735; x_wconf 93' lang='lat' dir='ltr'><strong>eo</strong></span> <span class='ocrx_word' id='word_1_19' title='bbox 2755 672 2965 749; x_wconf 91' lang='lat' dir='ltr'><strong>modo,</strong></span> <span class='ocrx_word' id='word_1_20' title='bbox 3020 690 3149 754; x_wconf 91' lang='lat' dir='ltr'><strong>quo</strong></span> <span class='ocrx_word' id='word_1_21' title='bbox 3196 672 3377 754; x_wconf 86' lang='lat' dir='ltr'><strong>juxta</strong></span> <span class='ocrx_word' id='word_1_22' title='bbox 3418 669 3765 753; x_wconf 84' lang='lat' dir='ltr'><strong>praehabita</strong></span> <span class='ocrx_word' id='word_1_23' title='bbox 3812 687 3924 750; x_wconf 85' lang='lat' dir='ltr'><strong>per</strong></span> <span class='ocrx_word' id='word_1_24' title='bbox 3988 688 4101 734; x_wconf 72' lang='grc' dir='ltr'>σαιιι.</span> <span class='ocrx_word' id='word_1_25' title='bbox 4121 704 4164 741; x_wconf 73' lang='grc' dir='ltr'><strong>ιι</strong></span> 
     </span>
    </p>
   </div>
   <div class='ocr_carea' id='block_1_4' title="bbox 826 771 2328 1841">
    <p class='ocr_par' dir='ltr' id='par_1_4' title="bbox 826 771 2328 1841">
     <span class='ocr_line' id='line_1_4' title="bbox 833 771 2327 850; baseline -0.003 -14"><span class='ocrx_word' id='word_1_26' title='bbox 833 794 935 838; x_wconf 92' lang='lat' dir='ltr'><strong>me</strong></span> <span class='ocrx_word' id='word_1_27' title='bbox 973 793 1112 837; x_wconf 91' lang='lat' dir='ltr'><strong>eam</strong></span> <span class='ocrx_word' id='word_1_28' title='bbox 1149 776 1446 838; x_wconf 81' lang='lat' dir='ltr'><strong>visitante</strong></span> <span class='ocrx_word' id='word_1_29' title='bbox 1492 795 1562 838; x_wconf 91' lang='lat' dir='ltr'><strong>ac</strong></span> <span class='ocrx_word' id='word_1_30' title='bbox 1609 775 2014 850; x_wconf 77' lang='lat' dir='ltr'><strong>fecundante,</strong></span> <span class='ocrx_word' id='word_1_31' title='bbox 2051 771 2327 835; x_wconf 86' lang='lat' dir='ltr'><strong>fructifi-</strong></span> 
     </span>
     <span class='ocr_line' id='line_1_5' title="bbox 829 872 2325 956; baseline -0.001 -21"><span class='ocrx_word' id='word_1_32' title='bbox 829 873 1020 951; x_wconf 88' lang='lat' dir='ltr'><strong>cabit,</strong></span> <span class='ocrx_word' id='word_1_33' title='bbox 1055 882 1246 956; x_wconf 88' lang='lat' dir='ltr'><strong>atque</strong></span> <span class='ocrx_word' id='word_1_34' title='bbox 1289 875 1367 936; x_wconf 90' lang='lat' dir='ltr'><strong>ad</strong></span> <span class='ocrx_word' id='word_1_35' title='bbox 1412 874 1663 937; x_wconf 91' lang='lat' dir='ltr'><strong>laudem</strong></span> <span class='ocrx_word' id='word_1_36' title='bbox 1710 883 1771 936; x_wconf 90' lang='lat' dir='ltr'><strong>et</strong></span> <span class='ocrx_word' id='word_1_37' title='bbox 1809 872 2078 953; x_wconf 83' lang='lat' dir='ltr'><strong>gloriam</strong></span> <span class='ocrx_word' id='word_1_38' title='bbox 2117 891 2325 933; x_wconf 90' lang='lat' dir='ltr'><strong>meam</strong></span> 
     </span>
     <span class='ocr_line' id='line_1_6' title="bbox 827 970 2327 1054; baseline -0.002 -20"><span class='ocrx_word' id='word_1_39' title='bbox 827 972 1083 1054; x_wconf 82' lang='lat' dir='ltr'><strong>copiose</strong></span> <span class='ocrx_word' id='word_1_40' title='bbox 1114 972 1366 1035; x_wconf 77' lang='lat' dir='ltr'><strong>insistet</strong></span> <span class='ocrx_word' id='word_1_41' title='bbox 1397 973 1572 1035; x_wconf 90' lang='lat' dir='ltr'><strong>omni</strong></span> <span class='ocrx_word' id='word_1_42' title='bbox 1609 972 1846 1036; x_wconf 89' lang='lat' dir='ltr'><strong>actioni</strong></span> <span class='ocrx_word' id='word_1_43' title='bbox 1877 972 2204 1034; x_wconf 88' lang='lat' dir='ltr'><strong>virtutum.</strong></span> <span class='ocrx_word' id='word_1_44' title='bbox 2220 970 2327 1031; x_wconf 87' lang='lat' dir='ltr'><strong>De-</strong></span> 
     </span>
     <span class='ocr_line' id='line_1_7' title="bbox 831 1070 2328 1154; baseline -0.001 -22"><span class='ocrx_word' id='word_1_45' title='bbox 831 1070 1027 1152; x_wconf 92' lang='lat' dir='ltr'><strong>nique</strong></span> <span class='ocrx_word' id='word_1_46' title='bbox 1069 1070 1281 1153; x_wconf 89' lang='lat' dir='ltr'><strong>palma</strong></span> <span class='ocrx_word' id='word_1_47' title='bbox 1324 1070 1598 1134; x_wconf 80' lang='lat' dir='ltr'><strong>inferius</strong></span> <span class='ocrx_word' id='word_1_48' title='bbox 1641 1090 1887 1154; x_wconf 89' lang='lat' dir='ltr'><strong>aspera,</strong></span> <span class='ocrx_word' id='word_1_49' title='bbox 1920 1079 1986 1133; x_wconf 92' lang='lat' dir='ltr'><strong>et</strong></span> <span class='ocrx_word' id='word_1_50' title='bbox 2034 1070 2098 1131; x_wconf 89' lang='lat' dir='ltr'><strong>in</strong></span> <span class='ocrx_word' id='word_1_51' title='bbox 2141 1087 2328 1151; x_wconf 91' lang='lat' dir='ltr'><strong>supe-</strong></span> 
     </span>
     <span class='ocr_line' id='line_1_8' title="bbox 826 1165 2327 1252; baseline -0.001 -22"><span class='ocrx_word' id='word_1_52' title='bbox 826 1168 1103 1232; x_wconf 90' lang='lat' dir='ltr'><strong>rioribus</strong></span> <span class='ocrx_word' id='word_1_53' title='bbox 1143 1170 1434 1252; x_wconf 88' lang='lat' dir='ltr'><strong>pulchra,</strong></span> <span class='ocrx_word' id='word_1_54' title='bbox 1481 1170 1718 1247; x_wconf 80' lang='lat' dir='ltr'><strong>suaviS,</strong></span> <span class='ocrx_word' id='word_1_55' title='bbox 1755 1188 1827 1231; x_wconf 90' lang='lat' dir='ltr'><strong>ac</strong></span> <span class='ocrx_word' id='word_1_56' title='bbox 1867 1168 2213 1245; x_wconf 85' lang='lat' dir='ltr'><strong>fructuosa,</strong></span> <span class='ocrx_word' id='word_1_57' title='bbox 2250 1165 2327 1228; x_wconf 86' lang='lat' dir='ltr'><strong>fi-</strong></span> 
     </span>
     <span class='ocr_line' id='line_1_9' title="bbox 826 1266 2323 1350; baseline -0.001 -22"><span class='ocrx_word' id='word_1_58' title='bbox 826 1286 984 1347; x_wconf 89' lang='lat' dir='ltr'><strong>gura</strong></span> <span class='ocrx_word' id='word_1_59' title='bbox 1023 1276 1121 1330; x_wconf 90' lang='lat' dir='ltr'><strong>est</strong></span> <span class='ocrx_word' id='word_1_60' title='bbox 1157 1268 1388 1345; x_wconf 84' lang='lat' dir='ltr'><strong>cruciS‚</strong></span> <span class='ocrx_word' id='word_1_61' title='bbox 1426 1270 1492 1330; x_wconf 88' lang='lat' dir='ltr'><strong>in</strong></span> <span class='ocrx_word' id='word_1_62' title='bbox 1531 1288 1722 1349; x_wconf 90' lang='lat' dir='ltr'><strong>quam</strong></span> <span class='ocrx_word' id='word_1_63' title='bbox 1765 1276 2027 1350; x_wconf 85' lang='lat' dir='ltr'><strong>propter</strong></span> <span class='ocrx_word' id='word_1_64' title='bbox 2053 1266 2323 1329; x_wconf 91' lang='lat' dir='ltr'><strong>salutem</strong></span> 
     </span>
     <span class='ocr_line' id='line_1_10' title="bbox 827 1364 2321 1440; baseline -0.001 -13"><span class='ocrx_word' id='word_1_65' title='bbox 827 1366 1123 1431; x_wconf 83' lang='lat' dir='ltr'><strong>Ecclesiae</strong></span> <span class='ocrx_word' id='word_1_66' title='bbox 1171 1367 1458 1430; x_wconf 87' lang='lat' dir='ltr'><strong>Christus</strong></span> <span class='ocrx_word' id='word_1_67' title='bbox 1503 1367 1811 1430; x_wconf 91' lang='lat' dir='ltr'><strong>ascendit.</strong></span> <span class='ocrx_word' id='word_1_68' title='bbox 1861 1366 2009 1440; x_wconf 81' lang='lat' dir='ltr'><strong>Quae</strong></span> <span class='ocrx_word' id='word_1_69' title='bbox 2056 1385 2211 1428; x_wconf 85' lang='lat' dir='ltr'><strong>crux</strong></span> <span class='ocrx_word' id='word_1_70' title='bbox 2258 1364 2321 1426; x_wconf 89' lang='lat' dir='ltr'><strong>in</strong></span> 
     </span>
     <span class='ocr_line' id='line_1_11' title="bbox 827 1463 2326 1547; baseline 0 -22"><span class='ocrx_word' id='word_1_71' title='bbox 827 1463 1242 1528; x_wconf 79' lang='lat' dir='ltr'><strong>inferioribus</strong></span> <span class='ocrx_word' id='word_1_72' title='bbox 1288 1464 1412 1528; x_wconf 78' lang='lat' dir='ltr'><strong>suit</strong></span> <span class='ocrx_word' id='word_1_73' title='bbox 1454 1466 1825 1547; x_wconf 89' lang='lat' dir='ltr'><strong>asperrima,</strong></span> <span class='ocrx_word' id='word_1_74' title='bbox 1862 1464 2014 1546; x_wconf 88' lang='lat' dir='ltr'><strong>quia</strong></span> <span class='ocrx_word' id='word_1_75' title='bbox 2060 1464 2126 1526; x_wconf 89' lang='lat' dir='ltr'><strong>in</strong></span> <span class='ocrx_word' id='word_1_76' title='bbox 2172 1482 2326 1546; x_wconf 79' lang='lat' dir='ltr'><strong>prae-</strong></span> 
     </span>
     <span class='ocr_line' id='line_1_12' title="bbox 828 1560 2327 1643; baseline -0.001 -20"><span class='ocrx_word' id='word_1_77' title='bbox 828 1561 994 1623; x_wconf 87' lang='lat' dir='ltr'><strong>senti</strong></span> <span class='ocrx_word' id='word_1_78' title='bbox 1025 1560 1148 1625; x_wconf 80' lang='lat' dir='ltr'><strong>fuit</strong></span> <span class='ocrx_word' id='word_1_79' title='bbox 1178 1563 1450 1625; x_wconf 86' lang='lat' dir='ltr'><strong>maxime</strong></span> <span class='ocrx_word' id='word_1_80' title='bbox 1479 1561 1832 1643; x_wconf 75' lang='lat' dir='ltr'><strong>afflictiva,</strong></span> <span class='ocrx_word' id='word_1_81' title='bbox 1817 1582 1830 1596; x_wconf 90' lang='lat'><strong>·</strong></span> <span class='ocrx_word' id='word_1_82' title='bbox 1867 1564 1976 1625; x_wconf 89' lang='lat' dir='ltr'><strong>sed</strong></span> <span class='ocrx_word' id='word_1_83' title='bbox 2010 1561 2327 1625; x_wconf 81' lang='lat' dir='ltr'><strong>fertilissi—</strong></span> 
     </span>
     <span class='ocr_line' id='line_1_13' title="bbox 832 1658 2320 1743; baseline -0.001 -22"><span class='ocrx_word' id='word_1_84' title='bbox 832 1679 936 1722; x_wconf 90' lang='lat' dir='ltr'><strong>ma</strong></span> <span class='ocrx_word' id='word_1_85' title='bbox 979 1658 1144 1723; x_wconf 83' lang='lat' dir='ltr'><strong>facta</strong></span> <span class='ocrx_word' id='word_1_86' title='bbox 1183 1668 1280 1723; x_wconf 89' lang='lat' dir='ltr'><strong>est</strong></span> <span class='ocrx_word' id='word_1_87' title='bbox 1310 1660 1555 1723; x_wconf 87' lang='lat' dir='ltr'><strong>meritis</strong></span> <span class='ocrx_word' id='word_1_88' title='bbox 1598 1662 1936 1724; x_wconf 83' lang='lat' dir='ltr'><strong>dominicae</strong></span> <span class='ocrx_word' id='word_1_89' title='bbox 1981 1660 2320 1743; x_wconf 84' lang='lat' dir='ltr'><strong>passionis,</strong></span> 
     </span>
     <span class='ocr_line' id='line_1_14' title="bbox 830 1757 2327 1841; baseline 0.001 -21"><span class='ocrx_word' id='word_1_90' title='bbox 830 1766 893 1820; x_wconf 91' lang='lat' dir='ltr'><strong>et</strong></span> <span class='ocrx_word' id='word_1_91' title='bbox 925 1757 1195 1821; x_wconf 86' lang='lat' dir='ltr'><strong>fructum</strong></span> <span class='ocrx_word' id='word_1_92' title='bbox 1226 1759 1492 1841; x_wconf 89' lang='lat' dir='ltr'><strong>protulit</strong></span> <span class='ocrx_word' id='word_1_93' title='bbox 1516 1768 1765 1823; x_wconf 79' lang='lat' dir='ltr'><strong>aeternae</strong></span> <span class='ocrx_word' id='word_1_94' title='bbox 1797 1759 2033 1822; x_wconf 79' lang='lat' dir='ltr'><strong>salutis,</strong></span> <span class='ocrx_word' id='word_1_95' title='bbox 2051 1759 2126 1819; x_wconf 90' lang='lat' dir='ltr'><strong>Et</strong></span> <span class='ocrx_word' id='word_1_96' title='bbox 2156 1766 2327 1821; x_wconf 87' lang='lat' dir='ltr'><strong>certe</strong></span> 
     </span>
    </p>
   </div>
   <div class='ocr_carea' id='block_1_5' title="bbox 2431 754 4167 1836">
    <p class='ocr_par' dir='ltr' id='par_1_5' title="bbox 2434 754 3992 852">
     <span class='ocr_line' id='line_1_15' title="bbox 2434 754 3992 852; baseline -0.003 -21"><span class='ocrx_word' id='word_1_97' title='bbox 2434 770 2601 832; x_wconf 90' lang='lat' dir='ltr'><strong>mala</strong></span> <span class='ocrx_word' id='word_1_98' title='bbox 2632 770 2864 852; x_wconf 90' lang='lat' dir='ltr'><strong>punica</strong></span> <span class='ocrx_word' id='word_1_99' title='bbox 2894 770 3191 833; x_wconf 87' lang='lat' dir='ltr'><strong>rubentia</strong></span> <span class='ocrx_word' id='word_1_100' title='bbox 3220 778 3526 851; x_wconf 79' lang='lat' dir='ltr'><strong>martyres</strong></span> <span class='ocrx_word' id='word_1_101' title='bbox 3560 754 3992 850; x_wconf 84' lang='lat' dir='ltr'><strong>exprimun-¹³</strong></span> 
     </span>
    </p>

    <p class='ocr_par' dir='ltr' id='par_1_6' title="bbox 2432 868 3923 1050">
     <span class='ocr_line' id='line_1_16' title="bbox 2434 868 3921 950; baseline 0 -21"><span class='ocrx_word' id='word_1_102' title='bbox 2434 876 2557 944; x_wconf 86' lang='lat' dir='ltr'><strong>tur,</strong></span> <span class='ocrx_word' id='word_1_103' title='bbox 2592 888 2867 950; x_wconf 91' lang='lat' dir='ltr'><strong>quorum</strong></span> <span class='ocrx_word' id='word_1_104' title='bbox 2914 869 3338 932; x_wconf 84' lang='lat' dir='ltr'><strong>constantiam</strong></span> <span class='ocrx_word' id='word_1_105' title='bbox 3382 876 3447 931; x_wconf 90' lang='lat' dir='ltr'><strong>et</strong></span> <span class='ocrx_word' id='word_1_106' title='bbox 3492 868 3803 930; x_wconf 77' lang='lat' dir='ltr'><strong>fervorem</strong></span> <span class='ocrx_word' id='word_1_107' title='bbox 3850 885 3921 929; x_wconf 89' lang='lat' dir='ltr'><strong>ac</strong></span> 
     </span>
     <span class='ocr_line' id='line_1_17' title="bbox 2432 964 3923 1050; baseline -0.001 -22"><span class='ocrx_word' id='word_1_108' title='bbox 2432 967 2701 1047; x_wconf 81' lang='lat' dir='ltr'><strong>gloriam</strong></span> <span class='ocrx_word' id='word_1_109' title='bbox 2744 968 3065 1050; x_wconf 84' lang='lat' dir='ltr'><strong>praecipue</strong></span> <span class='ocrx_word' id='word_1_110' title='bbox 3107 968 3405 1049; x_wconf 68' lang='lat' dir='ltr'><strong>praedicat</strong></span> <span class='ocrx_word' id='word_1_111' title='bbox 3454 975 3673 1029; x_wconf 90' lang='lat' dir='ltr'><strong>sancta</strong></span> <span class='ocrx_word' id='word_1_112' title='bbox 3714 964 3923 1028; x_wconf 89' lang='lat' dir='ltr'><strong>Eccle-</strong></span> 
     </span>
    </p>

    <p class='ocr_par' dir='ltr' id='par_1_7' title="bbox 2436 1065 4075 1245">
     <span class='ocr_line' id='line_1_18' title="bbox 2436 1065 4075 1142; baseline -0.002 -16"><span class='ocrx_word' id='word_1_113' title='bbox 2436 1065 2550 1127; x_wconf 86' lang='lat' dir='ltr'><strong>sia.</strong></span> <span class='ocrx_word' id='word_1_114' title='bbox 2588 1069 2829 1127; x_wconf 65' lang='grc' dir='ltr'><strong>θυείαν</strong></span> <span class='ocrx_word' id='word_1_115' title='bbox 2861 1077 3046 1128; x_wconf 78' lang='lat' dir='ltr'><strong>tuum</strong></span> <span class='ocrx_word' id='word_1_116' title='bbox 3080 1069 3248 1127; x_wconf 78' lang='lat' dir='ltr'><strong>sicut</strong></span> <span class='ocrx_word' id='word_1_117' title='bbox 3288 1068 3519 1126; x_wconf 83' lang='lat' dir='ltr'><strong>vinum</strong></span> <span class='ocrx_word' id='word_1_118' title='bbox 3557 1066 3870 1142; x_wconf 74' lang='lat' dir='ltr'><strong>optimum</strong></span> <span class='ocrx_word' id='word_1_119' title='bbox 3898 1085 3921 1123; x_wconf 94' lang='grc'><strong>.·</strong></span> <span class='ocrx_word' id='word_1_120' title='bbox 4042 1069 4075 1123; x_wconf 86' lang='grc'><strong>9</strong></span> 
     </span>
     <span class='ocr_line' id='line_1_19' title="bbox 2436 1163 3923 1245; baseline -0.002 -20"><span class='ocrx_word' id='word_1_121' title='bbox 2436 1163 2501 1225; x_wconf 91' lang='lat' dir='ltr'><strong>id</strong></span> <span class='ocrx_word' id='word_1_122' title='bbox 2545 1172 2663 1241; x_wconf 92' lang='lat' dir='ltr'><strong>est,</strong></span> <span class='ocrx_word' id='word_1_123' title='bbox 2698 1164 2893 1230; x_wconf 87' lang='lat' dir='ltr'><strong>verba</strong></span> <span class='ocrx_word' id='word_1_124' title='bbox 2941 1184 3117 1227; x_wconf 87' lang='lat' dir='ltr'><strong>sacra</strong></span> <span class='ocrx_word' id='word_1_125' title='bbox 3156 1184 3229 1228; x_wconf 90' lang='lat' dir='ltr'><strong>ac</strong></span> <span class='ocrx_word' id='word_1_126' title='bbox 3265 1163 3513 1227; x_wconf 80' lang='lat' dir='ltr'><strong>fervida</strong></span> <span class='ocrx_word' id='word_1_127' title='bbox 3552 1181 3665 1245; x_wconf 88' lang='lat' dir='ltr'><strong>per</strong></span> <span class='ocrx_word' id='word_1_128' title='bbox 3710 1170 3923 1241; x_wconf 87' lang='lat' dir='ltr'><strong>guttur</strong></span> 
     </span>
    </p>

    <p class='ocr_par' dir='ltr' id='par_1_8' title="bbox 2436 1260 3922 1345">
     <span class='ocr_line' id='line_1_20' title="bbox 2436 1260 3922 1345; baseline -0.001 -22"><span class='ocrx_word' id='word_1_129' title='bbox 2436 1270 2615 1324; x_wconf 90' lang='lat' dir='ltr'><strong>tuum</strong></span> <span class='ocrx_word' id='word_1_130' title='bbox 2674 1263 2939 1343; x_wconf 87' lang='lat' dir='ltr'><strong>prolata,</strong></span> <span class='ocrx_word' id='word_1_131' title='bbox 2994 1271 3143 1325; x_wconf 91' lang='lat' dir='ltr'><strong>sunt</strong></span> <span class='ocrx_word' id='word_1_132' title='bbox 3201 1262 3620 1345; x_wconf 86' lang='lat' dir='ltr'><strong>spiritualiter</strong></span> <span class='ocrx_word' id='word_1_133' title='bbox 3664 1260 3922 1322; x_wconf 90' lang='lat' dir='ltr'><strong>audien-</strong></span> 
     </span>
    </p>

    <p class='ocr_par' dir='ltr' id='par_1_9' title="bbox 2431 1360 4163 1621">
     <span class='ocr_line' id='line_1_21' title="bbox 2436 1360 3920 1442; baseline -0.002 -21"><span class='ocrx_word' id='word_1_134' title='bbox 2436 1360 2595 1421; x_wconf 92' lang='lat' dir='ltr'><strong>tium</strong></span> <span class='ocrx_word' id='word_1_135' title='bbox 2629 1360 3029 1439; x_wconf 86' lang='lat' dir='ltr'><strong>inebriativa,</strong></span> <span class='ocrx_word' id='word_1_136' title='bbox 3058 1361 3146 1423; x_wconf 91' lang='lat' dir='ltr'><strong>ita</strong></span> <span class='ocrx_word' id='word_1_137' title='bbox 3175 1370 3247 1423; x_wconf 90' lang='lat' dir='ltr'><strong>ut</strong></span> <span class='ocrx_word' id='word_1_138' title='bbox 3276 1360 3489 1424; x_wconf 88' lang='lat' dir='ltr'><strong>dicere</strong></span> <span class='ocrx_word' id='word_1_139' title='bbox 3516 1366 3755 1442; x_wconf 87' lang='lat' dir='ltr'><strong>queant</strong></span> <span class='ocrx_word' id='word_1_140' title='bbox 3782 1377 3920 1420; x_wconf 90' lang='lat' dir='ltr'><strong>cum</strong></span> 
     </span>
     <span class='ocr_line' id='line_1_22' title="bbox 2431 1456 4163 1541; baseline -0.001 -22"><span class='ocrx_word' id='word_1_141' title='bbox 2431 1457 2704 1521; x_wconf 86' lang='lat' dir='ltr'><strong>Jeremia</strong></span> <span class='ocrx_word' id='word_1_142' title='bbox 2729 1476 2743 1520; x_wconf 90' lang='lat'>:</span> <span class='ocrx_word' id='word_1_143' title='bbox 2768 1458 2992 1521; x_wconf 86' lang='lat' dir='ltr'><strong>Factus</strong></span> <span class='ocrx_word' id='word_1_144' title='bbox 3024 1480 3163 1521; x_wconf 91' lang='lat' dir='ltr'><strong>sum</strong></span> <span class='ocrx_word' id='word_1_145' title='bbox 3198 1459 3383 1541; x_wconf 89' lang='lat' dir='ltr'><strong>quasi</strong></span> <span class='ocrx_word' id='word_1_146' title='bbox 3414 1459 3604 1522; x_wconf 89' lang='lat' dir='ltr'><strong>homo</strong></span> <span class='ocrx_word' id='word_1_147' title='bbox 3634 1456 3922 1520; x_wconf 90' lang='lat' dir='ltr'><strong>madidus</strong></span> <span class='ocrx_word' id='word_1_148' title='bbox 3947 1468 4163 1521; x_wconf 58' lang='lat' dir='ltr'><strong>lemma.</strong></span> 
     </span>
     <span class='ocr_line' id='line_1_23' title="bbox 2436 1554 3925 1621; baseline -0.002 -3"><span class='ocrx_word' id='word_1_149' title='bbox 2436 1556 2587 1619; x_wconf 91' lang='lat' dir='ltr'><strong>vino</strong></span> <span class='ocrx_word' id='word_1_150' title='bbox 2618 1576 2655 1618; x_wconf 92' lang='lat' dir='ltr'><strong>a</strong></span> <span class='ocrx_word' id='word_1_151' title='bbox 2685 1555 2849 1619; x_wconf 83' lang='lat' dir='ltr'><strong>facie</strong></span> <span class='ocrx_word' id='word_1_152' title='bbox 2880 1556 3221 1620; x_wconf 90' lang='lat' dir='ltr'><strong>verborum</strong></span> <span class='ocrx_word' id='word_1_153' title='bbox 3246 1567 3610 1621; x_wconf 87' lang='lat' dir='ltr'><strong>sanctorum</strong></span> <span class='ocrx_word' id='word_1_154' title='bbox 3642 1556 3775 1618; x_wconf 92' lang='lat' dir='ltr'><strong>Dei.</strong></span> <span class='ocrx_word' id='word_1_155' title='bbox 3806 1554 3925 1617; x_wconf 87' lang='lat' dir='ltr'><strong>Un-</strong></span> 
     </span>
    </p>

    <p class='ocr_par' dir='ltr' id='par_1_10' title="bbox 2434 1655 4167 1836">
     <span class='ocr_line' id='line_1_24' title="bbox 2434 1655 4167 1736; baseline -0.003 -19"><span class='ocrx_word' id='word_1_156' title='bbox 2434 1655 2560 1717; x_wconf 90' lang='lat' dir='ltr'><strong>de</strong></span> <span class='ocrx_word' id='word_1_157' title='bbox 2545 1674 2611 1717; x_wconf 87' lang='lat' dir='ltr'><strong>m</strong></span> <span class='ocrx_word' id='word_1_158' title='bbox 2639 1655 2935 1719; x_wconf 89' lang='lat' dir='ltr'><strong>Psalmo:</strong></span> <span class='ocrx_word' id='word_1_159' title='bbox 2968 1655 3143 1719; x_wconf 85' lang='lat' dir='ltr'><strong>Calix</strong></span> <span class='ocrx_word' id='word_1_160' title='bbox 3171 1676 3352 1719; x_wconf 91' lang='lat' dir='ltr'><strong>meus</strong></span> <span class='ocrx_word' id='word_1_161' title='bbox 3385 1656 3708 1719; x_wconf 89' lang='lat' dir='ltr'><strong>inebrians</strong></span> <span class='ocrx_word' id='word_1_162' title='bbox 3738 1673 3922 1736; x_wconf 91' lang='lat' dir='ltr'><strong>quam</strong></span> <span class='ocrx_word' id='word_1_163' title='bbox 3963 1672 4030 1715; x_wconf 64' lang='lat'><strong>1²2.</strong></span> <span class='ocrx_word' id='word_1_164' title='bbox 4042 1685 4110 1713; x_wconf 87' lang='grc' dir='ltr'>ιιιι</span> <span class='ocrx_word' id='word_1_165' title='bbox 4114 1674 4167 1717; x_wconf 82' lang='lat' dir='ltr'><strong>s.</strong></span> 
     </span>
     <span class='ocr_line' id='line_1_25' title="bbox 2436 1752 4155 1836; baseline -0.003 -20"><span class='ocrx_word' id='word_1_166' title='bbox 2436 1756 2776 1836; x_wconf 79' lang='lat' dir='ltr'><strong>praeclarus</strong></span> <span class='ocrx_word' id='word_1_167' title='bbox 2824 1760 2953 1818; x_wconf 76' lang='lat' dir='ltr'><strong>est!</strong></span> <span class='ocrx_word' id='word_1_168' title='bbox 2988 1755 3064 1818; x_wconf 87' lang='lat' dir='ltr'><strong>Et</strong></span> <span class='ocrx_word' id='word_1_169' title='bbox 3110 1764 3179 1819; x_wconf 90' lang='lat' dir='ltr'><strong>ut</strong></span> <span class='ocrx_word' id='word_1_170' title='bbox 3219 1756 3375 1819; x_wconf 90' lang='lat' dir='ltr'><strong>alibi</strong></span> <span class='ocrx_word' id='word_1_171' title='bbox 3414 1754 3737 1829; x_wconf 87' lang='lat' dir='ltr'><strong>scribitur,</strong></span> <span class='ocrx_word' id='word_1_172' title='bbox 3770 1752 3923 1827; x_wconf 89' lang='lat' dir='ltr'><strong>Quid</strong></span> <span class='ocrx_word' id='word_1_173' title='bbox 3986 1770 4155 1813; x_wconf 64' lang='lat' dir='ltr'><strong>lam</strong></span> 
     </span>
    </p>
   </div>
   <div class='ocr_carea' id='block_1_6' title="bbox 831 1838 3991 1940">
    <p class='ocr_par' dir='ltr' id='par_1_11' title="bbox 831 1838 3991 1940">
     <span class='ocr_line' id='line_1_26' title="bbox 831 1838 3991 1940; baseline -0.002 -22"><span class='ocrx_word' id='word_1_174' title='bbox 831 1857 998 1919; x_wconf 89' lang='lat' dir='ltr'><strong>sicut</strong></span> <span class='ocrx_word' id='word_1_175' title='bbox 1040 1858 1106 1919; x_wconf 92' lang='lat' dir='ltr'><strong>in</strong></span> <span class='ocrx_word' id='word_1_176' title='bbox 1149 1858 1386 1940; x_wconf 80' lang='lat' dir='ltr'><strong>hymno</strong></span> <span class='ocrx_word' id='word_1_177' title='bbox 1424 1858 1836 1921; x_wconf 81' lang='lat' dir='ltr'><strong>devotissime</strong></span> <span class='ocrx_word' id='word_1_178' title='bbox 1877 1858 2149 1934; x_wconf 88' lang='lat' dir='ltr'><strong>canitur,</strong></span> <span class='ocrx_word' id='word_1_179' title='bbox 2188 1856 2328 1939; x_wconf 91' lang='lat' dir='ltr'><strong>ipsa</strong></span> <span class='ocrx_word' id='word_1_180' title='bbox 2360 1852 2407 1916; x_wconf 90' lang='lat' dir='ltr'><strong>B</strong></span> <span class='ocrx_word' id='word_1_181' title='bbox 2438 1853 2773 1934; x_wconf 90' lang='lat' dir='ltr'><strong>pulchrum</strong></span> <span class='ocrx_word' id='word_1_182' title='bbox 2821 1854 3095 1932; x_wconf 89' lang='lat' dir='ltr'><strong>Domini,</strong></span> <span class='ocrx_word' id='word_1_183' title='bbox 3131 1854 3256 1917; x_wconf 91' lang='lat' dir='ltr'><strong>nisi</strong></span> <span class='ocrx_word' id='word_1_184' title='bbox 3299 1856 3523 1918; x_wconf 90' lang='lat' dir='ltr'><strong>vinum</strong></span> <span class='ocrx_word' id='word_1_185' title='bbox 3563 1838 3991 1934; x_wconf 55' lang='lat' dir='ltr'><strong>germinansh</strong></span> 
     </span>
    </p>
   </div>
   <div class='ocr_carea' id='block_1_7' title="bbox 825 1954 2333 3023">
    <p class='ocr_par' dir='ltr' id='par_1_12' title="bbox 825 1954 2333 3023">
     <span class='ocr_line' id='line_1_27' title="bbox 831 1954 2325 2036; baseline 0.001 -20"><span class='ocrx_word' id='word_1_186' title='bbox 831 1963 928 2017; x_wconf 87' lang='lat' dir='ltr'><strong>est</strong></span> <span class='ocrx_word' id='word_1_187' title='bbox 958 1956 1158 2018; x_wconf 81' lang='lat' dir='ltr'><strong>Arbor</strong></span> <span class='ocrx_word' id='word_1_188' title='bbox 1197 1956 1427 2019; x_wconf 90' lang='lat' dir='ltr'><strong>decora</strong></span> <span class='ocrx_word' id='word_1_189' title='bbox 1473 1964 1537 2019; x_wconf 92' lang='lat' dir='ltr'><strong>et</strong></span> <span class='ocrx_word' id='word_1_190' title='bbox 1584 1954 1850 2036; x_wconf 82' lang='lat' dir='ltr'><strong>fulgida,</strong></span> <span class='ocrx_word' id='word_1_191' title='bbox 1885 1964 2110 2020; x_wconf 90' lang='lat' dir='ltr'><strong>ornata</strong></span> <span class='ocrx_word' id='word_1_192' title='bbox 2158 1955 2325 2036; x_wconf 90' lang='lat' dir='ltr'><strong>regis</strong></span> 
     </span>
     <span class='ocr_line' id='line_1_28' title="bbox 831 2052 2329 2136; baseline -0.001 -21"><span class='ocrx_word' id='word_1_193' title='bbox 831 2072 1133 2135; x_wconf 88' lang='lat' dir='ltr'><strong>purpura,</strong></span> <span class='ocrx_word' id='word_1_194' title='bbox 1173 2054 1236 2116; x_wconf 93' lang='lat' dir='ltr'><strong>id</strong></span> <span class='ocrx_word' id='word_1_195' title='bbox 1281 2063 1398 2131; x_wconf 90' lang='lat' dir='ltr'><strong>est,</strong></span> <span class='ocrx_word' id='word_1_196' title='bbox 1445 2054 1873 2118; x_wconf 90' lang='lat' dir='ltr'><strong>sacratissimo</strong></span> <span class='ocrx_word' id='word_1_197' title='bbox 1914 2072 2182 2136; x_wconf 89' lang='lat' dir='ltr'><strong>corpore</strong></span> <span class='ocrx_word' id='word_1_198' title='bbox 2230 2052 2329 2115; x_wconf 86' lang='lat' dir='ltr'><strong>Fi-</strong></span> 
     </span>
     <span class='ocr_line' id='line_1_29' title="bbox 830 2150 2327 2234; baseline 0 -21"><span class='ocrx_word' id='word_1_199' title='bbox 830 2151 904 2213; x_wconf 89' lang='lat' dir='ltr'><strong>lii</strong></span> <span class='ocrx_word' id='word_1_200' title='bbox 945 2151 1052 2215; x_wconf 89' lang='lat' dir='ltr'><strong>Dei</strong></span> <span class='ocrx_word' id='word_1_201' title='bbox 1100 2150 1412 2234; x_wconf 86' lang='lat' dir='ltr'><strong>perfosso,</strong></span> <span class='ocrx_word' id='word_1_202' title='bbox 1457 2171 1634 2216; x_wconf 90' lang='lat' dir='ltr'><strong>sacro</strong></span> <span class='ocrx_word' id='word_1_203' title='bbox 1683 2172 1908 2216; x_wconf 90' lang='lat' dir='ltr'><strong>cruore</strong></span> <span class='ocrx_word' id='word_1_204' title='bbox 1951 2171 2024 2215; x_wconf 89' lang='lat' dir='ltr'><strong>ac</strong></span> <span class='ocrx_word' id='word_1_205' title='bbox 2072 2152 2327 2234; x_wconf 87' lang='lat' dir='ltr'><strong>sangui-</strong></span> 
     </span>
     <span class='ocr_line' id='line_1_30' title="bbox 830 2249 2327 2334; baseline 0 -22"><span class='ocrx_word' id='word_1_206' title='bbox 830 2267 909 2313; x_wconf 91' lang='lat' dir='ltr'><strong>ne</strong></span> <span class='ocrx_word' id='word_1_207' title='bbox 940 2250 1080 2332; x_wconf 85' lang='lat' dir='ltr'><strong>ejus</strong></span> <span class='ocrx_word' id='word_1_208' title='bbox 1112 2249 1370 2334; x_wconf 85' lang='lat' dir='ltr'><strong>perfusa</strong></span> <span class='ocrx_word' id='word_1_209' title='bbox 1411 2259 1528 2313; x_wconf 90' lang='lat' dir='ltr'><strong>est.</strong></span> <span class='ocrx_word' id='word_1_210' title='bbox 1584 2253 1665 2314; x_wconf 91' lang='lat' dir='ltr'><strong>De</strong></span> <span class='ocrx_word' id='word_1_211' title='bbox 1703 2271 1832 2334; x_wconf 90' lang='lat' dir='ltr'><strong>qua</strong></span> <span class='ocrx_word' id='word_1_212' title='bbox 1873 2252 1938 2313; x_wconf 92' lang='lat' dir='ltr'><strong>in</strong></span> <span class='ocrx_word' id='word_1_213' title='bbox 1983 2250 2109 2313; x_wconf 90' lang='lat' dir='ltr'><strong>alio</strong></span> <span class='ocrx_word' id='word_1_214' title='bbox 2145 2250 2327 2333; x_wconf 71' lang='lat' dir='ltr'><strong>bym-</strong></span> 
     </span>
     <span class='ocr_line' id='line_1_31' title="bbox 828 2349 2326 2431; baseline 0.001 -21"><span class='ocrx_word' id='word_1_215' title='bbox 828 2367 911 2412; x_wconf 87' lang='lat' dir='ltr'><strong>no</strong></span> <span class='ocrx_word' id='word_1_216' title='bbox 938 2357 1230 2412; x_wconf 89' lang='lat' dir='ltr'><strong>cantatur</strong></span> <span class='ocrx_word' id='word_1_217' title='bbox 1264 2366 1278 2411; x_wconf 89' lang='lat'><strong>:</strong></span> <span class='ocrx_word' id='word_1_218' title='bbox 1315 2349 1508 2413; x_wconf 88' lang='lat' dir='ltr'><strong>Dulce</strong></span> <span class='ocrx_word' id='word_1_219' title='bbox 1540 2350 1806 2429; x_wconf 84' lang='lat' dir='ltr'><strong>lignum,</strong></span> <span class='ocrx_word' id='word_1_220' title='bbox 1846 2350 2034 2413; x_wconf 89' lang='lat' dir='ltr'><strong>dulce</strong></span> <span class='ocrx_word' id='word_1_221' title='bbox 2074 2350 2326 2431; x_wconf 90' lang='lat' dir='ltr'><strong>pondus</strong></span> 
     </span>
     <span class='ocr_line' id='line_1_32' title="bbox 825 2446 2328 2530; baseline 0 -21"><span class='ocrx_word' id='word_1_222' title='bbox 825 2447 1168 2525; x_wconf 81' lang='lat' dir='ltr'><strong>sustinenS,</strong></span> <span class='ocrx_word' id='word_1_223' title='bbox 1215 2467 1406 2529; x_wconf 91' lang='lat' dir='ltr'><strong>quam</strong></span> <span class='ocrx_word' id='word_1_224' title='bbox 1441 2467 1617 2511; x_wconf 87' lang='lat' dir='ltr'><strong>sacer</strong></span> <span class='ocrx_word' id='word_1_225' title='bbox 1655 2467 1842 2511; x_wconf 93' lang='lat' dir='ltr'><strong>cruor</strong></span> <span class='ocrx_word' id='word_1_226' title='bbox 1885 2448 2183 2530; x_wconf 84' lang='lat' dir='ltr'><strong>perunxit</strong></span> <span class='ocrx_word' id='word_1_227' title='bbox 2234 2446 2328 2509; x_wconf 80' lang='lat' dir='ltr'><strong>fu-</strong></span> 
     </span>
     <span class='ocr_line' id='line_1_33' title="bbox 829 2546 2327 2629; baseline -0.001 -22"><span class='ocrx_word' id='word_1_228' title='bbox 829 2566 938 2607; x_wconf 91' lang='lat' dir='ltr'><strong>sus</strong></span> <span class='ocrx_word' id='word_1_229' title='bbox 967 2546 1118 2628; x_wconf 89' lang='lat' dir='ltr'><strong>agni</strong></span> <span class='ocrx_word' id='word_1_230' title='bbox 1145 2565 1432 2629; x_wconf 88' lang='lat' dir='ltr'><strong>corpore.</strong></span> <span class='ocrx_word' id='word_1_231' title='bbox 1453 2550 1535 2609; x_wconf 71' lang='grc' dir='ltr'><strong>Εἰ</strong></span> <span class='ocrx_word' id='word_1_232' title='bbox 1564 2550 2044 2624; x_wconf 74' lang='lat' dir='ltr'><strong>apprehendam</strong></span> <span class='ocrx_word' id='word_1_233' title='bbox 2071 2548 2327 2623; x_wconf 78' lang='lat' dir='ltr'><strong>fructus</strong></span> 
     </span>
     <span class='ocr_line' id='line_1_34' title="bbox 831 2644 2331 2727; baseline 0 -23"><span class='ocrx_word' id='word_1_234' title='bbox 831 2645 995 2723; x_wconf 84' lang='lat' dir='ltr'><strong>ejus,</strong></span> <span class='ocrx_word' id='word_1_235' title='bbox 1028 2645 1089 2707; x_wconf 90' lang='lat' dir='ltr'><strong>id</strong></span> <span class='ocrx_word' id='word_1_236' title='bbox 1122 2652 1240 2721; x_wconf 90' lang='lat' dir='ltr'><strong>est,</strong></span> <span class='ocrx_word' id='word_1_237' title='bbox 1265 2644 1718 2708; x_wconf 89' lang='lat' dir='ltr'><strong>saluberrimos</strong></span> <span class='ocrx_word' id='word_1_238' title='bbox 1748 2645 2066 2727; x_wconf 89' lang='lat' dir='ltr'><strong>passionis</strong></span> <span class='ocrx_word' id='word_1_239' title='bbox 2097 2652 2162 2707; x_wconf 82' lang='lat' dir='ltr'><strong>et</strong></span> <span class='ocrx_word' id='word_1_240' title='bbox 2189 2663 2331 2707; x_wconf 92' lang='lat' dir='ltr'><strong>cru-</strong></span> 
     </span>
     <span class='ocr_line' id='line_1_35' title="bbox 834 2742 2325 2824; baseline -0.001 -19"><span class='ocrx_word' id='word_1_241' title='bbox 834 2742 926 2805; x_wconf 90' lang='lat' dir='ltr'><strong>cis</strong></span> <span class='ocrx_word' id='word_1_242' title='bbox 967 2762 1123 2806; x_wconf 83' lang='lat' dir='ltr'><strong>meae</strong></span> <span class='ocrx_word' id='word_1_243' title='bbox 1161 2742 1434 2806; x_wconf 83' lang='lat' dir='ltr'><strong>effectus</strong></span> <span class='ocrx_word' id='word_1_244' title='bbox 1474 2743 1779 2807; x_wconf 89' lang='lat' dir='ltr'><strong>obtinebo</strong></span> <span class='ocrx_word' id='word_1_245' title='bbox 1821 2752 1883 2806; x_wconf 90' lang='lat' dir='ltr'><strong>et</strong></span> <span class='ocrx_word' id='word_1_246' title='bbox 1923 2758 2325 2824; x_wconf 89' lang='lat' dir='ltr'><strong>consequar:</strong></span> 
     </span>
     <span class='ocr_line' id='line_1_36' title="bbox 835 2841 2330 2923; baseline -0.001 -20"><span class='ocrx_word' id='word_1_247' title='bbox 835 2842 990 2923; x_wconf 92' lang='lat' dir='ltr'><strong>quia</strong></span> <span class='ocrx_word' id='word_1_248' title='bbox 1037 2841 1342 2905; x_wconf 90' lang='lat' dir='ltr'><strong>redimam</strong></span> <span class='ocrx_word' id='word_1_249' title='bbox 1391 2861 1593 2922; x_wconf 85' lang='lat' dir='ltr'><strong>genus</strong></span> <span class='ocrx_word' id='word_1_250' title='bbox 1641 2842 2014 2919; x_wconf 90' lang='lat' dir='ltr'><strong>humanum,</strong></span> <span class='ocrx_word' id='word_1_251' title='bbox 2068 2843 2330 2923; x_wconf 89' lang='lat' dir='ltr'><strong>januam</strong></span> 
     </span>
     <span class='ocr_line' id='line_1_37' title="bbox 839 2939 2333 3023; baseline 0 -20"><span class='ocrx_word' id='word_1_252' title='bbox 839 2941 1020 3021; x_wconf 87' lang='lat' dir='ltr'><strong>regni</strong></span> <span class='ocrx_word' id='word_1_253' title='bbox 1063 2941 1340 3004; x_wconf 86' lang='lat' dir='ltr'><strong>coelestis</strong></span> <span class='ocrx_word' id='word_1_254' title='bbox 1383 2942 1685 3023; x_wconf 88' lang='lat' dir='ltr'><strong>aperiam,</strong></span> <span class='ocrx_word' id='word_1_255' title='bbox 1720 2951 1970 3004; x_wconf 89' lang='lat' dir='ltr'><strong>sanctos</strong></span> <span class='ocrx_word' id='word_1_256' title='bbox 2010 2942 2089 3004; x_wconf 93' lang='lat' dir='ltr'><strong>de</strong></span> <span class='ocrx_word' id='word_1_257' title='bbox 2133 2939 2333 3003; x_wconf 92' lang='lat' dir='ltr'><strong>limbo</strong></span> 
     </span>
    </p>
   </div>
   <div class='ocr_carea' id='block_1_8' title="bbox 2434 1951 3932 3016">
    <p class='ocr_par' dir='ltr' id='par_1_13' title="bbox 2435 1951 2759 2032">
     <span class='ocr_line' id='line_1_38' title="bbox 2435 1951 2759 2032; baseline -0.006 -16"><span class='ocrx_word' id='word_1_258' title='bbox 2435 1951 2759 2032; x_wconf 64' lang='lat' dir='ltr'><strong>virgines?</strong></span> 
     </span>
    </p>

    <p class='ocr_par' dir='ltr' id='par_1_14' title="bbox 2434 2050 3932 3016">
     <span class='ocr_line' id='line_1_39' title="bbox 2516 2050 3927 2131; baseline -0.003 -18"><span class='ocrx_word' id='word_1_259' title='bbox 2516 2050 2757 2114; x_wconf 89' lang='lat' dir='ltr'><strong>lnterea</strong></span> <span class='ocrx_word' id='word_1_260' title='bbox 2793 2052 3057 2115; x_wconf 90' lang='lat' dir='ltr'><strong>audiens</strong></span> <span class='ocrx_word' id='word_1_261' title='bbox 3098 2059 3315 2115; x_wconf 84' lang='lat' dir='ltr'><strong>sancta</strong></span> <span class='ocrx_word' id='word_1_262' title='bbox 3346 2050 3629 2114; x_wconf 86' lang='lat' dir='ltr'><strong>Ecclesia</strong></span> <span class='ocrx_word' id='word_1_263' title='bbox 3667 2069 3703 2111; x_wconf 91' lang='lat' dir='ltr'><strong>a</strong></span> <span class='ocrx_word' id='word_1_264' title='bbox 3742 2066 3927 2131; x_wconf 87' lang='lat' dir='ltr'><strong>spon-</strong></span> 
     </span>
     <span class='ocr_line' id='line_1_40' title="bbox 2436 2147 3927 2232; baseline -0.003 -21"><span class='ocrx_word' id='word_1_265' title='bbox 2436 2168 2505 2212; x_wconf 91' lang='lat' dir='ltr'><strong>so</strong></span> <span class='ocrx_word' id='word_1_266' title='bbox 2560 2169 2628 2213; x_wconf 91' lang='lat' dir='ltr'><strong>se</strong></span> <span class='ocrx_word' id='word_1_267' title='bbox 2683 2149 2893 2213; x_wconf 91' lang='lat' dir='ltr'><strong>taliter</strong></span> <span class='ocrx_word' id='word_1_268' title='bbox 2942 2150 3398 2225; x_wconf 89' lang='lat' dir='ltr'><strong>commendari,</strong></span> <span class='ocrx_word' id='word_1_269' title='bbox 3452 2156 3713 2232; x_wconf 88' lang='lat' dir='ltr'><strong>repente</strong></span> <span class='ocrx_word' id='word_1_270' title='bbox 3764 2147 3927 2209; x_wconf 82' lang='lat' dir='ltr'><strong>victa</strong></span> 
     </span>
     <span class='ocr_line' id='line_1_41' title="bbox 2436 2243 3929 2331; baseline -0.003 -23"><span class='ocrx_word' id='word_1_271' title='bbox 2436 2266 2651 2310; x_wconf 90' lang='lat' dir='ltr'><strong>amore</strong></span> <span class='ocrx_word' id='word_1_272' title='bbox 2700 2248 2925 2330; x_wconf 82' lang='lat' dir='ltr'><strong>ipsiuS,</strong></span> <span class='ocrx_word' id='word_1_273' title='bbox 2976 2248 3161 2331; x_wconf 91' lang='lat' dir='ltr'><strong>quasi</strong></span> <span class='ocrx_word' id='word_1_274' title='bbox 3214 2248 3685 2329; x_wconf 84' lang='lat' dir='ltr'><strong>interrumpens</strong></span> <span class='ocrx_word' id='word_1_275' title='bbox 3730 2243 3929 2308; x_wconf 85' lang='lat' dir='ltr'><strong>verba</strong></span> 
     </span>
     <span class='ocr_line' id='line_1_42' title="bbox 2438 2344 3931 2427; baseline -0.002 -20"><span class='ocrx_word' id='word_1_276' title='bbox 2438 2346 2664 2427; x_wconf 82' lang='lat' dir='ltr'><strong>ipsiuS,</strong></span> <span class='ocrx_word' id='word_1_277' title='bbox 2695 2346 2785 2409; x_wconf 91' lang='lat' dir='ltr'><strong>ait</strong></span> <span class='ocrx_word' id='word_1_278' title='bbox 2815 2348 2893 2409; x_wconf 93' lang='lat' dir='ltr'><strong>de</strong></span> <span class='ocrx_word' id='word_1_279' title='bbox 2924 2365 2999 2409; x_wconf 91' lang='lat' dir='ltr'><strong>eo</strong></span> <span class='ocrx_word' id='word_1_280' title='bbox 3029 2347 3257 2410; x_wconf 87' lang='lat' dir='ltr'><strong>ceteris</strong></span> <span class='ocrx_word' id='word_1_281' title='bbox 3286 2344 3735 2410; x_wconf 88' lang='lat' dir='ltr'><strong>convertendis</strong></span> <span class='ocrx_word' id='word_1_282' title='bbox 3774 2360 3787 2404; x_wconf 91' lang='lat'><strong>:</strong></span> <span class='ocrx_word' id='word_1_283' title='bbox 3821 2345 3931 2405; x_wconf 85' lang='lat' dir='ltr'><strong>Di-</strong></span> 
     </span>
     <span class='ocr_line' id='line_1_43' title="bbox 2434 2442 3925 2523; baseline -0.003 -18"><span class='ocrx_word' id='word_1_284' title='bbox 2434 2464 2639 2521; x_wconf 71' lang='lat' dir='ltr'><strong>qnum</strong></span> <span class='ocrx_word' id='word_1_285' title='bbox 2676 2447 2907 2506; x_wconf 76' lang='lat' dir='ltr'><strong>dilecto</strong></span> <span class='ocrx_word' id='word_1_286' title='bbox 2952 2466 3085 2505; x_wconf 86' lang='lat' dir='ltr'><strong>meo</strong></span> <span class='ocrx_word' id='word_1_287' title='bbox 3126 2449 3215 2507; x_wconf 85' lang='lat' dir='ltr'><strong>ad</strong></span> <span class='ocrx_word' id='word_1_288' title='bbox 3244 2448 3609 2523; x_wconf 74' lang='lat' dir='ltr'><strong>potandum</strong></span> <span class='ocrx_word' id='word_1_289' title='bbox 3638 2462 3661 2505; x_wconf 93' lang='grc'><strong>.·</strong></span> <span class='ocrx_word' id='word_1_290' title='bbox 3704 2442 3768 2503; x_wconf 88' lang='lat' dir='ltr'><strong>id</strong></span> <span class='ocrx_word' id='word_1_291' title='bbox 3812 2449 3925 2517; x_wconf 88' lang='lat' dir='ltr'><strong>est,</strong></span> 
     </span>
     <span class='ocr_line' id='line_1_44' title="bbox 2438 2539 3929 2626; baseline -0.004 -19"><span class='ocrx_word' id='word_1_292' title='bbox 2438 2542 2659 2607; x_wconf 89' lang='lat' dir='ltr'><strong>vinum</strong></span> <span class='ocrx_word' id='word_1_293' title='bbox 2707 2544 2826 2606; x_wconf 88' lang='lat' dir='ltr'><strong>hoc</strong></span> <span class='ocrx_word' id='word_1_294' title='bbox 2874 2543 3227 2626; x_wconf 87' lang='lat' dir='ltr'><strong>spirituale,</strong></span> <span class='ocrx_word' id='word_1_295' title='bbox 3282 2543 3525 2606; x_wconf 88' lang='lat' dir='ltr'><strong>scilicet</strong></span> <span class='ocrx_word' id='word_1_296' title='bbox 3571 2539 3929 2624; x_wconf 68' lang='lat' dir='ltr'><strong>praedicatio</strong></span> 
     </span>
     <span class='ocr_line' id='line_1_45' title="bbox 2441 2639 3930 2723; baseline -0.001 -20"><span class='ocrx_word' id='word_1_297' title='bbox 2441 2660 2581 2704; x_wconf 87' lang='lat' dir='ltr'><strong>mea</strong></span> <span class='ocrx_word' id='word_1_298' title='bbox 2612 2642 3008 2723; x_wconf 89' lang='lat' dir='ltr'><strong>sapientialis</strong></span> <span class='ocrx_word' id='word_1_299' title='bbox 3037 2663 3112 2706; x_wconf 90' lang='lat' dir='ltr'><strong>ac</strong></span> <span class='ocrx_word' id='word_1_300' title='bbox 3144 2642 3408 2717; x_wconf 83' lang='lat' dir='ltr'><strong>fervida,</strong></span> <span class='ocrx_word' id='word_1_301' title='bbox 3442 2640 3603 2703; x_wconf 84' lang='lat' dir='ltr'><strong>mihi</strong></span> <span class='ocrx_word' id='word_1_302' title='bbox 3634 2660 3671 2703; x_wconf 89' lang='lat' dir='ltr'><strong>a</strong></span> <span class='ocrx_word' id='word_1_303' title='bbox 3700 2639 3930 2702; x_wconf 87' lang='lat' dir='ltr'><strong>dilecto</strong></span> 
     </span>
     <span class='ocr_line' id='line_1_46' title="bbox 2440 2739 3931 2823; baseline -0.003 -20"><span class='ocrx_word' id='word_1_304' title='bbox 2440 2758 2763 2816; x_wconf 89' lang='lat' dir='ltr'><strong>concessa,</strong></span> <span class='ocrx_word' id='word_1_305' title='bbox 2798 2749 2927 2803; x_wconf 90' lang='lat' dir='ltr'><strong>tam</strong></span> <span class='ocrx_word' id='word_1_306' title='bbox 2958 2741 3241 2804; x_wconf 90' lang='lat' dir='ltr'><strong>virtuosa</strong></span> <span class='ocrx_word' id='word_1_307' title='bbox 3268 2760 3342 2803; x_wconf 89' lang='lat' dir='ltr'><strong>ac</strong></span> <span class='ocrx_word' id='word_1_308' title='bbox 3372 2740 3606 2823; x_wconf 88' lang='lat' dir='ltr'><strong>placita</strong></span> <span class='ocrx_word' id='word_1_309' title='bbox 3634 2739 3693 2801; x_wconf 91' lang='lat' dir='ltr'><strong>ei</strong></span> <span class='ocrx_word' id='word_1_310' title='bbox 3724 2746 3840 2815; x_wconf 89' lang='lat' dir='ltr'><strong>est,</strong></span> <span class='ocrx_word' id='word_1_311' title='bbox 3864 2746 3931 2798; x_wconf 88' lang='lat' dir='ltr'><strong>ut</strong></span> 
     </span>
     <span class='ocr_line' id='line_1_47' title="bbox 2440 2835 3932 2920; baseline -0.001 -21"><span class='ocrx_word' id='word_1_312' title='bbox 2440 2838 2703 2917; x_wconf 88' lang='lat' dir='ltr'><strong>dignum</strong></span> <span class='ocrx_word' id='word_1_313' title='bbox 2734 2839 2819 2900; x_wconf 92' lang='lat' dir='ltr'><strong>sit</strong></span> <span class='ocrx_word' id='word_1_314' title='bbox 2846 2839 3016 2919; x_wconf 93' lang='lat' dir='ltr'><strong>quod</strong></span> <span class='ocrx_word' id='word_1_315' title='bbox 3054 2857 3194 2902; x_wconf 89' lang='lat' dir='ltr'><strong>eam</strong></span> <span class='ocrx_word' id='word_1_316' title='bbox 3230 2846 3538 2920; x_wconf 89' lang='lat' dir='ltr'><strong>acceptet,</strong></span> <span class='ocrx_word' id='word_1_317' title='bbox 3576 2845 3640 2899; x_wconf 89' lang='lat' dir='ltr'><strong>et</strong></span> <span class='ocrx_word' id='word_1_318' title='bbox 3666 2835 3932 2899; x_wconf 88' lang='lat' dir='ltr'><strong>delecte-</strong></span> 
     </span>
     <span class='ocr_line' id='line_1_48' title="bbox 2443 2934 3931 3016; baseline -0.003 -18"><span class='ocrx_word' id='word_1_319' title='bbox 2443 2944 2546 2998; x_wconf 88' lang='lat' dir='ltr'><strong>tur</strong></span> <span class='ocrx_word' id='word_1_320' title='bbox 2587 2936 2652 2998; x_wconf 90' lang='lat' dir='ltr'><strong>in</strong></span> <span class='ocrx_word' id='word_1_321' title='bbox 2690 2955 2799 3016; x_wconf 90' lang='lat' dir='ltr'><strong>ea;</strong></span> <span class='ocrx_word' id='word_1_322' title='bbox 2838 2939 3153 3016; x_wconf 81' lang='lat' dir='ltr'><strong>labiisque</strong></span> <span class='ocrx_word' id='word_1_323' title='bbox 3192 2946 3253 2997; x_wconf 76' lang='lat' dir='ltr'><strong>et</strong></span> <span class='ocrx_word' id='word_1_324' title='bbox 3292 2938 3589 2998; x_wconf 82' lang='lat' dir='ltr'><strong>dentibus</strong></span> <span class='ocrx_word' id='word_1_325' title='bbox 3628 2938 3813 2995; x_wconf 77' lang='lat' dir='ltr'><strong>illius</strong></span> <span class='ocrx_word' id='word_1_326' title='bbox 3848 2934 3931 2993; x_wconf 78' lang='lat' dir='ltr'><strong>ad</strong></span> 
     </span>
    </p>
   </div>
   <div class='ocr_carea' id='block_1_9' title="bbox 558 3036 3932 3121">
    <p class='ocr_par' dir='ltr' id='par_1_15' title="bbox 558 3036 3932 3121">
     <span class='ocr_line' id='line_1_49' title="bbox 558 3036 3932 3121; baseline -0.002 -22"><span class='ocrx_word' id='word_1_327' title='bbox 558 3054 812 3107; x_wconf 58' lang='lat' dir='ltr'><strong>uaccam.</strong></span> <span class='ocrx_word' id='word_1_328' title='bbox 841 3040 1130 3117; x_wconf 87' lang='lat' dir='ltr'><strong>educam,</strong></span> <span class='ocrx_word' id='word_1_329' title='bbox 1170 3039 1398 3102; x_wconf 78' lang='lat' dir='ltr'><strong>fortem</strong></span> <span class='ocrx_word' id='word_1_330' title='bbox 1445 3048 1760 3103; x_wconf 88' lang='lat' dir='ltr'><strong>armatum</strong></span> <span class='ocrx_word' id='word_1_331' title='bbox 1804 3039 2036 3121; x_wconf 87' lang='lat' dir='ltr'><strong>ligabo,</strong></span> <span class='ocrx_word' id='word_1_332' title='bbox 2075 3048 2140 3102; x_wconf 92' lang='lat' dir='ltr'><strong>et</strong></span> <span class='ocrx_word' id='word_1_333' title='bbox 2184 3057 2334 3102; x_wconf 88' lang='lat' dir='ltr'><strong>vasa</strong></span> <span class='ocrx_word' id='word_1_334' title='bbox 2368 3040 2413 3104; x_wconf 89' lang='lat' dir='ltr'>C</span> <span class='ocrx_word' id='word_1_335' title='bbox 2442 3038 2915 3095; x_wconf 80' lang='lat' dir='ltr'><strong>ruminandum</strong></span> <span class='ocrx_word' id='word_1_336' title='bbox 2938 3036 3279 3117; x_wconf 89' lang='lat' dir='ltr'><strong>:quoniam</strong></span> <span class='ocrx_word' id='word_1_337' title='bbox 3310 3036 3488 3098; x_wconf 89' lang='lat' dir='ltr'><strong>decet</strong></span> <span class='ocrx_word' id='word_1_338' title='bbox 3516 3043 3588 3096; x_wconf 89' lang='lat' dir='ltr'><strong>ut</strong></span> <span class='ocrx_word' id='word_1_339' title='bbox 3614 3053 3753 3097; x_wconf 90' lang='lat' dir='ltr'><strong>eam</strong></span> <span class='ocrx_word' id='word_1_340' title='bbox 3783 3050 3932 3094; x_wconf 90' lang='lat' dir='ltr'><strong>nun-</strong></span> 
     </span>
    </p>
   </div>
   <div class='ocr_carea' id='block_1_10' title="bbox 545 3121 2336 3221">
    <p class='ocr_par' dir='ltr' id='par_1_16' title="bbox 545 3121 2336 3221">
     <span class='ocr_line' id='line_1_50' title="bbox 545 3121 2336 3221; baseline -0.002 -19"><span class='ocrx_word' id='word_1_341' title='bbox 545 3121 616 3164; x_wconf 77' lang='lat'><strong>²⁹‘</strong></span> <span class='ocrx_word' id='word_1_342' title='bbox 842 3138 982 3220; x_wconf 88' lang='lat' dir='ltr'><strong>ejus</strong></span> <span class='ocrx_word' id='word_1_343' title='bbox 1023 3137 1344 3221; x_wconf 90' lang='lat' dir='ltr'><strong>diripiam.</strong></span> <span class='ocrx_word' id='word_1_344' title='bbox 1376 3137 1636 3220; x_wconf 89' lang='lat' dir='ltr'><strong>Propter</strong></span> <span class='ocrx_word' id='word_1_345' title='bbox 1665 3138 1859 3219; x_wconf 90' lang='lat' dir='ltr'><strong>quod,</strong></span> <span class='ocrx_word' id='word_1_346' title='bbox 1892 3138 2193 3220; x_wconf 89' lang='lat' dir='ltr'><strong>passione</strong></span> <span class='ocrx_word' id='word_1_347' title='bbox 2240 3136 2336 3198; x_wconf 89' lang='lat' dir='ltr'><strong>in-</strong></span> 
     </span>
    </p>
   </div>
   <div class='ocr_carea' id='block_1_11' title="bbox 549 3236 2338 4200">
    <p class='ocr_par' dir='ltr' id='par_1_17' title="bbox 549 3236 2337 3809">
     <span class='ocr_line' id='line_1_51' title="bbox 563 3236 2336 3313; baseline -0.001 -14"><span class='ocrx_word' id='word_1_348' title='bbox 563 3255 811 3305; x_wconf 63' lang='lat' dir='ltr'><strong>locum-1.</strong></span> <span class='ocrx_word' id='word_1_349' title='bbox 842 3244 1068 3313; x_wconf 89' lang='lat' dir='ltr'><strong>stante,</strong></span> <span class='ocrx_word' id='word_1_350' title='bbox 1103 3237 1350 3300; x_wconf 89' lang='lat' dir='ltr'><strong>locutus</strong></span> <span class='ocrx_word' id='word_1_351' title='bbox 1391 3256 1530 3298; x_wconf 89' lang='lat' dir='ltr'><strong>sum</strong></span> <span class='ocrx_word' id='word_1_352' title='bbox 1567 3253 1582 3297; x_wconf 75' lang='grc' dir='ltr'>ε</span> <span class='ocrx_word' id='word_1_353' title='bbox 1619 3236 1681 3299; x_wconf 91' lang='lat' dir='ltr'><strong>Si</strong></span> <span class='ocrx_word' id='word_1_354' title='bbox 1723 3237 2035 3299; x_wconf 83' lang='lat' dir='ltr'><strong>exaltatus</strong></span> <span class='ocrx_word' id='word_1_355' title='bbox 2076 3236 2257 3299; x_wconf 84' lang='lat' dir='ltr'><strong>fuero</strong></span> <span class='ocrx_word' id='word_1_356' title='bbox 2299 3255 2336 3298; x_wconf 90' lang='lat' dir='ltr'><strong>a</strong></span> 
     </span>
     <span class='ocr_line' id='line_1_52' title="bbox 549 3319 2333 3417; baseline -0.001 -20"><span class='ocrx_word' id='word_1_357' title='bbox 549 3319 619 3360; x_wconf 78' lang='lat'><strong>³²·</strong></span> <span class='ocrx_word' id='word_1_358' title='bbox 845 3344 1032 3413; x_wconf 90' lang='lat' dir='ltr'><strong>terra,</strong></span> <span class='ocrx_word' id='word_1_359' title='bbox 1057 3334 1270 3399; x_wconf 90' lang='lat' dir='ltr'><strong>omnia</strong></span> <span class='ocrx_word' id='word_1_360' title='bbox 1299 3334 1544 3397; x_wconf 89' lang='lat' dir='ltr'><strong>traham</strong></span> <span class='ocrx_word' id='word_1_361' title='bbox 1575 3336 1652 3397; x_wconf 89' lang='lat' dir='ltr'><strong>ad</strong></span> <span class='ocrx_word' id='word_1_362' title='bbox 1685 3354 1787 3397; x_wconf 92' lang='lat' dir='ltr'><strong>me</strong></span> <span class='ocrx_word' id='word_1_363' title='bbox 1817 3335 2050 3417; x_wconf 90' lang='lat' dir='ltr'><strong>ipsum.</strong></span> <span class='ocrx_word' id='word_1_364' title='bbox 2075 3336 2235 3397; x_wconf 85' lang='lat' dir='ltr'><strong>Hinc</strong></span> <span class='ocrx_word' id='word_1_365' title='bbox 2267 3334 2333 3396; x_wconf 88' lang='lat' dir='ltr'><strong>in</strong></span> 
     </span>
     <span class='ocr_line' id='line_1_53' title="bbox 563 3433 2333 3503; baseline -0.001 -8"><span class='ocrx_word' id='word_1_366' title='bbox 563 3450 814 3503; x_wconf 56' lang='grc' dir='ltr'>ιιιυῃο.</span> <span class='ocrx_word' id='word_1_367' title='bbox 844 3433 1001 3496; x_wconf 90' lang='lat' dir='ltr'><strong>Isaia</strong></span> <span class='ocrx_word' id='word_1_368' title='bbox 1043 3434 1206 3497; x_wconf 91' lang='lat' dir='ltr'><strong>Deus</strong></span> <span class='ocrx_word' id='word_1_369' title='bbox 1250 3433 1430 3495; x_wconf 89' lang='lat' dir='ltr'><strong>Pater</strong></span> <span class='ocrx_word' id='word_1_370' title='bbox 1470 3434 1558 3495; x_wconf 91' lang='lat' dir='ltr'><strong>ait</strong></span> <span class='ocrx_word' id='word_1_371' title='bbox 1593 3433 1670 3495; x_wconf 93' lang='lat' dir='ltr'><strong>ad</strong></span> <span class='ocrx_word' id='word_1_372' title='bbox 1702 3433 2022 3496; x_wconf 87' lang='lat' dir='ltr'><strong>Christum</strong></span> <span class='ocrx_word' id='word_1_373' title='bbox 2059 3451 2072 3495; x_wconf 92' lang='lat'><strong>:</strong></span> <span class='ocrx_word' id='word_1_374' title='bbox 2107 3434 2333 3495; x_wconf 90' lang='lat' dir='ltr'><strong>Parum</strong></span> 
     </span>
     <span class='ocr_line' id='line_1_54' title="bbox 843 3531 2337 3609; baseline -0.001 -14"><span class='ocrx_word' id='word_1_375' title='bbox 843 3540 960 3609; x_wconf 89' lang='lat' dir='ltr'><strong>est,</strong></span> <span class='ocrx_word' id='word_1_376' title='bbox 995 3540 1063 3595; x_wconf 89' lang='lat' dir='ltr'><strong>ut</strong></span> <span class='ocrx_word' id='word_1_377' title='bbox 1102 3532 1188 3593; x_wconf 89' lang='lat' dir='ltr'><strong>sis</strong></span> <span class='ocrx_word' id='word_1_378' title='bbox 1229 3531 1388 3594; x_wconf 91' lang='lat' dir='ltr'><strong>mihi</strong></span> <span class='ocrx_word' id='word_1_379' title='bbox 1428 3550 1648 3596; x_wconf 88' lang='lat' dir='ltr'><strong>servus</strong></span> <span class='ocrx_word' id='word_1_380' title='bbox 1679 3532 1754 3594; x_wconf 91' lang='lat' dir='ltr'><strong>ad</strong></span> <span class='ocrx_word' id='word_1_381' title='bbox 1799 3532 2195 3595; x_wconf 88' lang='lat' dir='ltr'><strong>suscitandas</strong></span> <span class='ocrx_word' id='word_1_382' title='bbox 2226 3532 2337 3593; x_wconf 88' lang='lat' dir='ltr'><strong>tri-</strong></span> 
     </span>
     <span class='ocr_line' id='line_1_55' title="bbox 841 3629 2332 3710; baseline -0.001 -16"><span class='ocrx_word' id='word_1_383' title='bbox 841 3631 962 3694; x_wconf 89' lang='lat' dir='ltr'><strong>bus</strong></span> <span class='ocrx_word' id='word_1_384' title='bbox 1009 3630 1198 3694; x_wconf 85' lang='lat' dir='ltr'><strong>Jacob</strong></span> <span class='ocrx_word' id='word_1_385' title='bbox 1245 3638 1306 3693; x_wconf 89' lang='lat' dir='ltr'><strong>et</strong></span> <span class='ocrx_word' id='word_1_386' title='bbox 1353 3629 1542 3693; x_wconf 83' lang='lat' dir='ltr'><strong>faeccs</strong></span> <span class='ocrx_word' id='word_1_387' title='bbox 1592 3630 1776 3693; x_wconf 90' lang='lat' dir='ltr'><strong>[srael</strong></span> <span class='ocrx_word' id='word_1_388' title='bbox 1827 3631 2332 3710; x_wconf 88' lang='lat' dir='ltr'><strong>convertendas;</strong></span> 
     </span>
     <span class='ocr_line' id='line_1_56' title="bbox 840 3728 2335 3809; baseline -0.001 -17"><span class='ocrx_word' id='word_1_389' title='bbox 840 3729 989 3792; x_wconf 90' lang='lat' dir='ltr'><strong>dedi</strong></span> <span class='ocrx_word' id='word_1_390' title='bbox 1039 3737 1096 3793; x_wconf 92' lang='lat' dir='ltr'><strong>te</strong></span> <span class='ocrx_word' id='word_1_391' title='bbox 1144 3729 1208 3791; x_wconf 90' lang='lat' dir='ltr'><strong>in</strong></span> <span class='ocrx_word' id='word_1_392' title='bbox 1253 3728 1521 3791; x_wconf 87' lang='lat' dir='ltr'><strong>salutem</strong></span> <span class='ocrx_word' id='word_1_393' title='bbox 1563 3729 1874 3809; x_wconf 86' lang='lat' dir='ltr'><strong>gentium,</strong></span> <span class='ocrx_word' id='word_1_394' title='bbox 1926 3737 1994 3792; x_wconf 92' lang='lat' dir='ltr'><strong>ut</strong></span> <span class='ocrx_word' id='word_1_395' title='bbox 2038 3730 2125 3791; x_wconf 91' lang='lat' dir='ltr'><strong>sis</strong></span> <span class='ocrx_word' id='word_1_396' title='bbox 2166 3729 2335 3792; x_wconf 88' lang='lat' dir='ltr'><strong>salus</strong></span> 
     </span>
    </p>

    <p class='ocr_par' dir='ltr' id='par_1_18' title="bbox 843 3828 2338 4200">
     <span class='ocr_line' id='line_1_57' title="bbox 843 3828 1939 3909; baseline -0.001 -19"><span class='ocrx_word' id='word_1_397' title='bbox 843 3845 984 3891; x_wconf 90' lang='lat' dir='ltr'><strong>mea</strong></span> <span class='ocrx_word' id='word_1_398' title='bbox 1025 3847 1228 3909; x_wconf 92' lang='lat' dir='ltr'><strong>usque</strong></span> <span class='ocrx_word' id='word_1_399' title='bbox 1267 3828 1345 3890; x_wconf 90' lang='lat' dir='ltr'><strong>ad</strong></span> <span class='ocrx_word' id='word_1_400' title='bbox 1391 3828 1690 3889; x_wconf 88' lang='lat' dir='ltr'><strong>ultimum</strong></span> <span class='ocrx_word' id='word_1_401' title='bbox 1734 3836 1939 3891; x_wconf 83' lang='lat' dir='ltr'><strong>terrae.</strong></span> 
     </span>
     <span class='ocr_line' id='line_1_58' title="bbox 923 3929 2337 3988; baseline -0.001 0"><span class='ocrx_word' id='word_1_402' title='bbox 923 3929 1008 3988; x_wconf 75' lang='lat' dir='ltr'><strong>Ec</strong></span> <span class='ocrx_word' id='word_1_403' title='bbox 1039 3936 1232 3988; x_wconf 75' lang='lat' dir='ltr'><strong>erunt</strong></span> <span class='ocrx_word' id='word_1_404' title='bbox 1273 3929 1472 3987; x_wconf 81' lang='lat' dir='ltr'><strong>ubera</strong></span> <span class='ocrx_word' id='word_1_405' title='bbox 1509 3935 1622 3987; x_wconf 74' lang='lat' dir='ltr'><strong>tua</strong></span> <span class='ocrx_word' id='word_1_406' title='bbox 1661 3929 1829 3987; x_wconf 75' lang='lat' dir='ltr'><strong>sicut</strong></span> <span class='ocrx_word' id='word_1_407' title='bbox 1869 3929 2038 3987; x_wconf 78' lang='lat' dir='ltr'><strong>botri</strong></span> <span class='ocrx_word' id='word_1_408' title='bbox 2081 3929 2286 3987; x_wconf 67' lang='lat' dir='ltr'><strong>vineae</strong></span> <span class='ocrx_word' id='word_1_409' title='bbox 2314 3944 2337 3987; x_wconf 93' lang='grc'><strong>.·</strong></span> 
     </span>
     <span class='ocr_line' id='line_1_59' title="bbox 844 4024 2337 4107; baseline 0 -21"><span class='ocrx_word' id='word_1_410' title='bbox 844 4024 906 4087; x_wconf 93' lang='lat' dir='ltr'><strong>id</strong></span> <span class='ocrx_word' id='word_1_411' title='bbox 940 4033 1056 4102; x_wconf 88' lang='lat' dir='ltr'><strong>est,</strong></span> <span class='ocrx_word' id='word_1_412' title='bbox 1074 4024 1401 4087; x_wconf 89' lang='lat' dir='ltr'><strong>caritatem</strong></span> <span class='ocrx_word' id='word_1_413' title='bbox 1433 4032 1496 4086; x_wconf 89' lang='lat' dir='ltr'><strong>et</strong></span> <span class='ocrx_word' id='word_1_414' title='bbox 1524 4024 1846 4105; x_wconf 88' lang='lat' dir='ltr'><strong>pietatem,</strong></span> <span class='ocrx_word' id='word_1_415' title='bbox 1867 4024 2246 4107; x_wconf 88' lang='lat' dir='ltr'><strong>sapientiam</strong></span> <span class='ocrx_word' id='word_1_416' title='bbox 2276 4034 2337 4087; x_wconf 90' lang='lat' dir='ltr'><strong>et</strong></span> 
     </span>
     <span class='ocr_line' id='line_1_60' title="bbox 843 4121 2338 4200; baseline -0.003 -12"><span class='ocrx_word' id='word_1_417' title='bbox 843 4122 1143 4188; x_wconf 86' lang='lat' dir='ltr'><strong>virtutem</strong></span> <span class='ocrx_word' id='word_1_418' title='bbox 1187 4131 1380 4200; x_wconf 90' lang='lat' dir='ltr'><strong>tuam,</strong></span> <span class='ocrx_word' id='word_1_419' title='bbox 1415 4141 1451 4185; x_wconf 95' lang='lat' dir='ltr'><strong>o</strong></span> <span class='ocrx_word' id='word_1_420' title='bbox 1483 4122 1783 4199; x_wconf 89' lang='lat' dir='ltr'><strong>Ecclesia,</strong></span> <span class='ocrx_word' id='word_1_421' title='bbox 1821 4130 1946 4185; x_wconf 91' lang='lat' dir='ltr'><strong>tam</strong></span> <span class='ocrx_word' id='word_1_422' title='bbox 1987 4121 2338 4187; x_wconf 76' lang='lat' dir='ltr'><strong>affluenter</strong></span> 
     </span>
    </p>
   </div>
   <div class='ocr_carea' id='block_1_12' title="bbox 2443 3133 4250 4198">
    <p class='ocr_par' dir='ltr' id='par_1_19' title="bbox 2443 3133 3934 3805">
     <span class='ocr_line' id='line_1_61' title="bbox 2445 3133 3934 3214; baseline -0.001 -20"><span class='ocrx_word' id='word_1_423' title='bbox 2445 3152 2637 3214; x_wconf 92' lang='lat' dir='ltr'><strong>quam</strong></span> <span class='ocrx_word' id='word_1_424' title='bbox 2671 3133 3107 3211; x_wconf 89' lang='lat' dir='ltr'><strong>obliviscatur,</strong></span> <span class='ocrx_word' id='word_1_425' title='bbox 3156 3135 3267 3197; x_wconf 90' lang='lat' dir='ltr'><strong>sed</strong></span> <span class='ocrx_word' id='word_1_426' title='bbox 3316 3133 3682 3197; x_wconf 86' lang='lat' dir='ltr'><strong>memoriter</strong></span> <span class='ocrx_word' id='word_1_427' title='bbox 3725 3139 3934 3193; x_wconf 87' lang='lat' dir='ltr'><strong>teneat</strong></span> 
     </span>
     <span class='ocr_line' id='line_1_62' title="bbox 2443 3229 3933 3313; baseline -0.003 -19"><span class='ocrx_word' id='word_1_428' title='bbox 2443 3240 2507 3294; x_wconf 89' lang='lat' dir='ltr'><strong>et</strong></span> <span class='ocrx_word' id='word_1_429' title='bbox 2552 3232 2902 3313; x_wconf 91' lang='lat' dir='ltr'><strong>perpendat</strong></span> <span class='ocrx_word' id='word_1_430' title='bbox 2941 3233 3016 3294; x_wconf 90' lang='lat' dir='ltr'><strong>ad</strong></span> <span class='ocrx_word' id='word_1_431' title='bbox 3064 3233 3623 3295; x_wconf 89' lang='lat' dir='ltr'><strong>remunerandum.</strong></span> <span class='ocrx_word' id='word_1_432' title='bbox 3665 3229 3933 3293; x_wconf 88' lang='lat' dir='ltr'><strong>Possunt</strong></span> 
     </span>
     <span class='ocr_line' id='line_1_63' title="bbox 2445 3326 3933 3412; baseline -0.001 -22"><span class='ocrx_word' id='word_1_433' title='bbox 2445 3348 2701 3411; x_wconf 92' lang='lat' dir='ltr'><strong>quoque</strong></span> <span class='ocrx_word' id='word_1_434' title='bbox 2732 3349 2843 3411; x_wconf 91' lang='lat' dir='ltr'><strong>per</strong></span> <span class='ocrx_word' id='word_1_435' title='bbox 2874 3330 3040 3393; x_wconf 88' lang='lat' dir='ltr'><strong>labia</strong></span> <span class='ocrx_word' id='word_1_436' title='bbox 3079 3339 3144 3393; x_wconf 89' lang='lat' dir='ltr'><strong>et</strong></span> <span class='ocrx_word' id='word_1_437' title='bbox 3180 3331 3401 3394; x_wconf 90' lang='lat' dir='ltr'><strong>dentes</strong></span> <span class='ocrx_word' id='word_1_438' title='bbox 3442 3330 3681 3412; x_wconf 89' lang='lat' dir='ltr'><strong>sponsi,</strong></span> <span class='ocrx_word' id='word_1_439' title='bbox 3716 3326 3933 3410; x_wconf 80' lang='lat' dir='ltr'><strong>praedi-</strong></span> 
     </span>
     <span class='ocr_line' id='line_1_64' title="bbox 2444 3424 3933 3510; baseline -0.002 -21"><span class='ocrx_word' id='word_1_440' title='bbox 2444 3436 2687 3489; x_wconf 89' lang='lat' dir='ltr'><strong>catores</strong></span> <span class='ocrx_word' id='word_1_441' title='bbox 2716 3436 2779 3490; x_wconf 92' lang='lat' dir='ltr'><strong>et</strong></span> <span class='ocrx_word' id='word_1_442' title='bbox 2808 3426 3221 3510; x_wconf 86' lang='lat' dir='ltr'><strong>perfectiores</strong></span> <span class='ocrx_word' id='word_1_443' title='bbox 3252 3426 3480 3491; x_wconf 84' lang='lat' dir='ltr'><strong>fideles</strong></span> <span class='ocrx_word' id='word_1_444' title='bbox 3519 3426 3721 3510; x_wconf 90' lang='lat' dir='ltr'><strong>ipsius</strong></span> <span class='ocrx_word' id='word_1_445' title='bbox 3754 3424 3933 3488; x_wconf 91' lang='lat' dir='ltr'><strong>intel-</strong></span> 
     </span>
     <span class='ocr_line' id='line_1_65' title="bbox 2447 3523 3926 3607; baseline -0.001 -21"><span class='ocrx_word' id='word_1_446' title='bbox 2447 3525 2559 3607; x_wconf 88' lang='lat' dir='ltr'><strong>ligi</strong></span> <span class='ocrx_word' id='word_1_447' title='bbox 2595 3542 2609 3586; x_wconf 90' lang='lat'>:</span> <span class='ocrx_word' id='word_1_448' title='bbox 2641 3526 2752 3607; x_wconf 90' lang='lat' dir='ltr'><strong>qui</strong></span> <span class='ocrx_word' id='word_1_449' title='bbox 2785 3544 2916 3607; x_wconf 82' lang='lat' dir='ltr'><strong>prae</strong></span> <span class='ocrx_word' id='word_1_450' title='bbox 2948 3525 3175 3589; x_wconf 88' lang='lat' dir='ltr'><strong>ceteris</strong></span> <span class='ocrx_word' id='word_1_451' title='bbox 3206 3526 3545 3588; x_wconf 88' lang='lat' dir='ltr'><strong>masticant</strong></span> <span class='ocrx_word' id='word_1_452' title='bbox 3572 3524 3769 3589; x_wconf 89' lang='lat' dir='ltr'><strong>verba</strong></span> <span class='ocrx_word' id='word_1_453' title='bbox 3798 3523 3926 3599; x_wconf 88' lang='lat' dir='ltr'><strong>Dei,</strong></span> 
     </span>
     <span class='ocr_line' id='line_1_66' title="bbox 2446 3624 3929 3706; baseline -0.001 -20"><span class='ocrx_word' id='word_1_454' title='bbox 2446 3624 2599 3686; x_wconf 90' lang='lat' dir='ltr'><strong>dum</strong></span> <span class='ocrx_word' id='word_1_455' title='bbox 2628 3643 2844 3687; x_wconf 93' lang='lat' dir='ltr'><strong>eorum</strong></span> <span class='ocrx_word' id='word_1_456' title='bbox 2878 3644 3136 3687; x_wconf 90' lang='lat' dir='ltr'><strong>sensum</strong></span> <span class='ocrx_word' id='word_1_457' title='bbox 3175 3624 3401 3687; x_wconf 90' lang='lat' dir='ltr'><strong>intime</strong></span> <span class='ocrx_word' id='word_1_458' title='bbox 3432 3630 3727 3706; x_wconf 83' lang='lat' dir='ltr'><strong>pensant,</strong></span> <span class='ocrx_word' id='word_1_459' title='bbox 3762 3640 3929 3685; x_wconf 90' lang='lat' dir='ltr'><strong>reco—</strong></span> 
     </span>
     <span class='ocr_line' id='line_1_67' title="bbox 2444 3723 3167 3805; baseline 0.001 -21"><span class='ocrx_word' id='word_1_460' title='bbox 2444 3724 2651 3803; x_wconf 90' lang='lat' dir='ltr'><strong>gitant</strong></span> <span class='ocrx_word' id='word_1_461' title='bbox 2687 3731 2751 3785; x_wconf 87' lang='lat' dir='ltr'><strong>et</strong></span> <span class='ocrx_word' id='word_1_462' title='bbox 2790 3723 3167 3805; x_wconf 90' lang='lat' dir='ltr'><strong>adimplent.</strong></span> 
     </span>
    </p>

    <p class='ocr_par' dir='ltr' id='par_1_20' title="bbox 2446 3821 4250 4198">
     <span class='ocr_line' id='line_1_68' title="bbox 2545 3821 4095 3898; baseline -0.003 -14"><span class='ocrx_word' id='word_1_463' title='bbox 2545 3821 2769 3884; x_wconf 91' lang='lat' dir='ltr'><strong>Subdit</strong></span> <span class='ocrx_word' id='word_1_464' title='bbox 2816 3823 3071 3885; x_wconf 91' lang='lat' dir='ltr'><strong>demum</strong></span> <span class='ocrx_word' id='word_1_465' title='bbox 3124 3822 3405 3886; x_wconf 88' lang='lat' dir='ltr'><strong>Ecclesia</strong></span> <span class='ocrx_word' id='word_1_466' title='bbox 3456 3838 3469 3883; x_wconf 91' lang='lat'>:</span> <span class='ocrx_word' id='word_1_467' title='bbox 3523 3825 3658 3898; x_wconf 73' lang='lat' dir='ltr'><strong>Eyo</strong></span> <span class='ocrx_word' id='word_1_468' title='bbox 3705 3823 3929 3881; x_wconf 75' lang='lat' dir='ltr'><strong>dilecto</strong></span> <span class='ocrx_word' id='word_1_469' title='bbox 4038 3824 4095 3879; x_wconf 77' lang='lat'><strong>10</strong></span> 
     </span>
     <span class='ocr_line' id='line_1_69' title="bbox 2446 3917 3929 4000; baseline -0.003 -16"><span class='ocrx_word' id='word_1_470' title='bbox 2446 3942 2596 3991; x_wconf 84' lang='lat' dir='ltr'><strong>meo,</strong></span> <span class='ocrx_word' id='word_1_471' title='bbox 2620 3930 2677 3981; x_wconf 78' lang='lat' dir='ltr'><strong>ec</strong></span> <span class='ocrx_word' id='word_1_472' title='bbox 2708 3926 2796 3983; x_wconf 85' lang='lat' dir='ltr'><strong>ad</strong></span> <span class='ocrx_word' id='word_1_473' title='bbox 2824 3942 2922 3983; x_wconf 87' lang='lat' dir='ltr'><strong>me</strong></span> <span class='ocrx_word' id='word_1_474' title='bbox 2948 3924 3269 3983; x_wconf 80' lang='lat' dir='ltr'><strong>conversio</strong></span> <span class='ocrx_word' id='word_1_475' title='bbox 3300 3924 3455 4000; x_wconf 69' lang='lat' dir='ltr'><strong>eju-3.</strong></span> <span class='ocrx_word' id='word_1_476' title='bbox 3477 3921 3605 3983; x_wconf 85' lang='lat' dir='ltr'><strong>Hoc</strong></span> <span class='ocrx_word' id='word_1_477' title='bbox 3634 3928 3731 3982; x_wconf 87' lang='lat' dir='ltr'><strong>cst</strong></span> <span class='ocrx_word' id='word_1_478' title='bbox 3758 3917 3929 4000; x_wconf 92' lang='lat' dir='ltr'><strong>quod</strong></span> 
     </span>
     <span class='ocr_line' id='line_1_70' title="bbox 2449 4018 4250 4109; baseline -0.002 -28"><span class='ocrx_word' id='word_1_479' title='bbox 2449 4020 2514 4081; x_wconf 94' lang='lat' dir='ltr'><strong>in</strong></span> <span class='ocrx_word' id='word_1_480' title='bbox 2545 4018 3050 4103; x_wconf 80' lang='lat' dir='ltr'><strong>praecedentibus</strong></span> <span class='ocrx_word' id='word_1_481' title='bbox 3083 4020 3311 4099; x_wconf 84' lang='lat' dir='ltr'><strong>legitur</strong></span> <span class='ocrx_word' id='word_1_482' title='bbox 3350 4029 3541 4100; x_wconf 90' lang='lat' dir='ltr'><strong>atque</strong></span> <span class='ocrx_word' id='word_1_483' title='bbox 3579 4018 3931 4100; x_wconf 85' lang='lat' dir='ltr'><strong>expositum</strong></span> <span class='ocrx_word' id='word_1_484' title='bbox 4249 4098 4250 4109; x_wconf 9' lang='grc' dir='ltr'>ἵ</span> 
     </span>
     <span class='ocr_line' id='line_1_71' title="bbox 2447 4117 4167 4198; baseline -0.008 -15"><span class='ocrx_word' id='word_1_485' title='bbox 2447 4128 2544 4183; x_wconf 89' lang='lat' dir='ltr'><strong>est</strong></span> <span class='ocrx_word' id='word_1_486' title='bbox 2591 4137 2604 4180; x_wconf 75' lang='grc' dir='ltr'>ε</span> <span class='ocrx_word' id='word_1_487' title='bbox 2654 4119 2782 4198; x_wconf 88' lang='lat' dir='ltr'><strong>Ego</strong></span> <span class='ocrx_word' id='word_1_488' title='bbox 2830 4119 3061 4181; x_wconf 90' lang='lat' dir='ltr'><strong>dilecto</strong></span> <span class='ocrx_word' id='word_1_489' title='bbox 3111 4136 3272 4195; x_wconf 86' lang='lat' dir='ltr'><strong>meo,</strong></span> <span class='ocrx_word' id='word_1_490' title='bbox 3326 4126 3391 4181; x_wconf 85' lang='lat' dir='ltr'><strong>et</strong></span> <span class='ocrx_word' id='word_1_491' title='bbox 3436 4117 3707 4180; x_wconf 90' lang='lat' dir='ltr'><strong>dilectus</strong></span> <span class='ocrx_word' id='word_1_492' title='bbox 3759 4134 3933 4179; x_wconf 90' lang='lat' dir='ltr'><strong>meus</strong></span> <span class='ocrx_word' id='word_1_493' title='bbox 3962 4128 4167 4177; x_wconf 46' lang='lat' dir='ltr'><strong>camma.</strong></span> 
     </span>
    </p>
   </div>
   <div class='ocr_carea' id='block_1_13' title="bbox 827 4213 3934 4304">
    <p class='ocr_par' dir='ltr' id='par_1_21' title="bbox 827 4213 3934 4304">
     <span class='ocr_line' id='line_1_72' title="bbox 827 4213 3934 4304; baseline -0.002 -22"><span class='ocrx_word' id='word_1_494' title='bbox 827 4218 2054 4304; x_wconf 66' lang='lat' dir='ltr'><strong>‘impleb0‚perficiam,fructificareque</strong></span> <span class='ocrx_word' id='word_1_495' title='bbox 2085 4221 2335 4297; x_wconf 80' lang='lat' dir='ltr'><strong>faciam,</strong></span> <span class='ocrx_word' id='word_1_496' title='bbox 2368 4229 2417 4291; x_wconf 86' lang='lat' dir='ltr'>D</span> <span class='ocrx_word' id='word_1_497' title='bbox 2450 4218 2631 4280; x_wconf 91' lang='lat' dir='ltr'><strong>mihi.</strong></span> <span class='ocrx_word' id='word_1_498' title='bbox 2677 4219 2909 4298; x_wconf 85' lang='lat' dir='ltr'><strong>ltaque,</strong></span> <span class='ocrx_word' id='word_1_499' title='bbox 2952 4218 3081 4297; x_wconf 85' lang='lat' dir='ltr'><strong>Ego</strong></span> <span class='ocrx_word' id='word_1_500' title='bbox 3129 4217 3362 4280; x_wconf 88' lang='lat' dir='ltr'><strong>dilecto</strong></span> <span class='ocrx_word' id='word_1_501' title='bbox 3405 4236 3568 4294; x_wconf 89' lang='lat' dir='ltr'><strong>meo,</strong></span> <span class='ocrx_word' id='word_1_502' title='bbox 3604 4217 3668 4279; x_wconf 93' lang='lat' dir='ltr'><strong>id</strong></span> <span class='ocrx_word' id='word_1_503' title='bbox 3712 4224 3828 4291; x_wconf 91' lang='lat' dir='ltr'><strong>est,</strong></span> <span class='ocrx_word' id='word_1_504' title='bbox 3859 4213 3934 4276; x_wconf 90' lang='lat' dir='ltr'><strong>ad</strong></span> 
     </span>
    </p>
   </div>
   <div class='ocr_carea' id='block_1_14' title="bbox 559 4318 2344 5389">
    <p class='ocr_par' dir='ltr' id='par_1_22' title="bbox 841 4318 2333 4402">
     <span class='ocr_line' id='line_1_73' title="bbox 841 4318 2333 4402; baseline 0.001 -21"><span class='ocrx_word' id='word_1_505' title='bbox 841 4320 1014 4402; x_wconf 90' lang='lat' dir='ltr'><strong>quod</strong></span> <span class='ocrx_word' id='word_1_506' title='bbox 1046 4318 1221 4382; x_wconf 84' lang='lat' dir='ltr'><strong>filios</strong></span> <span class='ocrx_word' id='word_1_507' title='bbox 1255 4327 1394 4381; x_wconf 90' lang='lat' dir='ltr'><strong>tuos</strong></span> <span class='ocrx_word' id='word_1_508' title='bbox 1424 4318 1677 4400; x_wconf 88' lang='lat' dir='ltr'><strong>copiose</strong></span> <span class='ocrx_word' id='word_1_509' title='bbox 1706 4318 1992 4397; x_wconf 84' lang='lat' dir='ltr'><strong>lactabiS,</strong></span> <span class='ocrx_word' id='word_1_510' title='bbox 2028 4320 2333 4397; x_wconf 84' lang='lat' dir='ltr'><strong>enutrieS,</strong></span> 
     </span>
    </p>

    <p class='ocr_par' dir='ltr' id='par_1_23' title="bbox 844 4417 2338 4501">
     <span class='ocr_line' id='line_1_74' title="bbox 844 4417 2338 4501; baseline -0.001 -20"><span class='ocrx_word' id='word_1_511' title='bbox 844 4427 906 4482; x_wconf 91' lang='lat' dir='ltr'><strong>et</strong></span> <span class='ocrx_word' id='word_1_512' title='bbox 934 4420 1014 4481; x_wconf 93' lang='lat' dir='ltr'><strong>ad</strong></span> <span class='ocrx_word' id='word_1_513' title='bbox 1044 4417 1456 4501; x_wconf 87' lang='lat' dir='ltr'><strong>perfectionis</strong></span> <span class='ocrx_word' id='word_1_514' title='bbox 1487 4418 1878 4481; x_wconf 87' lang='lat' dir='ltr'><strong>incrementa</strong></span> <span class='ocrx_word' id='word_1_515' title='bbox 1906 4420 2231 4500; x_wconf 71' lang='lat' dir='ltr'><strong>perduces</strong></span> <span class='ocrx_word' id='word_1_516' title='bbox 2251 4422 2338 4480; x_wconf 84' lang='grc' dir='ltr'><strong>Ει</strong></span> 
     </span>
    </p>

    <p class='ocr_par' dir='ltr' id='par_1_24' title="bbox 842 4516 2339 4796">
     <span class='ocr_line' id='line_1_75' title="bbox 842 4516 2339 4581; baseline 0.002 -3"><span class='ocrx_word' id='word_1_517' title='bbox 842 4521 999 4578; x_wconf 84' lang='lat' dir='ltr'><strong>odor</strong></span> <span class='ocrx_word' id='word_1_518' title='bbox 1028 4520 1159 4578; x_wconf 85' lang='lat' dir='ltr'><strong>oris</strong></span> <span class='ocrx_word' id='word_1_519' title='bbox 1193 4519 1292 4579; x_wconf 72' lang='lat' dir='ltr'><strong>tui</strong></span> <span class='ocrx_word' id='word_1_520' title='bbox 1317 4519 1486 4578; x_wconf 80' lang='lat' dir='ltr'><strong>sicut</strong></span> <span class='ocrx_word' id='word_1_521' title='bbox 1513 4521 1857 4578; x_wconf 83' lang='lat' dir='ltr'><strong>malorum.</strong></span> <span class='ocrx_word' id='word_1_522' title='bbox 1877 4516 2042 4579; x_wconf 85' lang='lat' dir='ltr'><strong>Odor</strong></span> <span class='ocrx_word' id='word_1_523' title='bbox 2071 4517 2201 4580; x_wconf 83' lang='lat' dir='ltr'><strong>oris</strong></span> <span class='ocrx_word' id='word_1_524' title='bbox 2232 4517 2339 4581; x_wconf 87' lang='lat' dir='ltr'><strong>Ec-</strong></span> 
     </span>
     <span class='ocr_line' id='line_1_76' title="bbox 845 4615 2333 4696; baseline 0 -17"><span class='ocrx_word' id='word_1_525' title='bbox 845 4615 1076 4695; x_wconf 82' lang='lat' dir='ltr'><strong>clesiae,</strong></span> <span class='ocrx_word' id='word_1_526' title='bbox 1120 4624 1218 4679; x_wconf 90' lang='lat' dir='ltr'><strong>est</strong></span> <span class='ocrx_word' id='word_1_527' title='bbox 1264 4615 1512 4692; x_wconf 89' lang='lat' dir='ltr'><strong>devota,</strong></span> <span class='ocrx_word' id='word_1_528' title='bbox 1558 4633 1870 4693; x_wconf 88' lang='lat' dir='ltr'><strong>amorosa,</strong></span> <span class='ocrx_word' id='word_1_529' title='bbox 1921 4615 2027 4696; x_wconf 91' lang='lat' dir='ltr'><strong>pia</strong></span> <span class='ocrx_word' id='word_1_530' title='bbox 2075 4616 2333 4691; x_wconf 91' lang='lat' dir='ltr'><strong>locuti0,</strong></span> 
     </span>
     <span class='ocr_line' id='line_1_77' title="bbox 847 4712 2335 4796; baseline 0 -19"><span class='ocrx_word' id='word_1_531' title='bbox 847 4714 1316 4789; x_wconf 86' lang='lat' dir='ltr'><strong>sermocinatio,</strong></span> <span class='ocrx_word' id='word_1_532' title='bbox 1371 4713 1571 4776; x_wconf 88' lang='lat' dir='ltr'><strong>oratio</strong></span> <span class='ocrx_word' id='word_1_533' title='bbox 1629 4722 1692 4775; x_wconf 87' lang='lat' dir='ltr'><strong>ct</strong></span> <span class='ocrx_word' id='word_1_534' title='bbox 1744 4712 2078 4777; x_wconf 88' lang='lat' dir='ltr'><strong>instructio</strong></span> <span class='ocrx_word' id='word_1_535' title='bbox 2135 4716 2276 4796; x_wconf 85' lang='lat' dir='ltr'><strong>ejus</strong></span> <span class='ocrx_word' id='word_1_536' title='bbox 2319 4734 2335 4794; x_wconf 91' lang='lat'>;</span> 
     </span>
    </p>

    <p class='ocr_par' dir='ltr' id='par_1_25' title="bbox 849 4812 2339 4893">
     <span class='ocr_line' id='line_1_78' title="bbox 849 4812 2339 4893; baseline -0.001 -18"><span class='ocrx_word' id='word_1_537' title='bbox 849 4833 963 4877; x_wconf 91' lang='lat' dir='ltr'><strong>seu</strong></span> <span class='ocrx_word' id='word_1_538' title='bbox 1012 4812 1182 4876; x_wconf 80' lang='lat' dir='ltr'><strong>fama</strong></span> <span class='ocrx_word' id='word_1_539' title='bbox 1240 4831 1370 4875; x_wconf 82' lang='lat' dir='ltr'><strong>suae</strong></span> <span class='ocrx_word' id='word_1_540' title='bbox 1423 4812 1748 4886; x_wconf 65' lang='lat' dir='ltr'><strong>docti-infe,</strong></span> <span class='ocrx_word' id='word_1_541' title='bbox 1801 4813 2339 4893; x_wconf 88' lang='lat' dir='ltr'><strong>quemadmodum</strong></span> 
     </span>
    </p>

    <p class='ocr_par' dir='ltr' id='par_1_26' title="bbox 559 4911 2344 5174">
     <span class='ocr_line' id='line_1_79' title="bbox 601 4911 2343 4980; baseline 0.002 -8"><span class='ocrx_word' id='word_1_542' title='bbox 601 4928 634 4973; x_wconf 90' lang='grc' dir='ltr'><strong>ιι</strong></span> <span class='ocrx_word' id='word_1_543' title='bbox 657 4929 758 4974; x_wconf 77' lang='lat' dir='ltr'><strong>eor.</strong></span> <span class='ocrx_word' id='word_1_544' title='bbox 776 4943 819 4980; x_wconf 87' lang='grc' dir='ltr'><strong>ιι,</strong></span> <span class='ocrx_word' id='word_1_545' title='bbox 849 4913 1078 4975; x_wconf 90' lang='lat' dir='ltr'><strong>Paulus</strong></span> <span class='ocrx_word' id='word_1_546' title='bbox 1109 4920 1374 4975; x_wconf 89' lang='lat' dir='ltr'><strong>testatur</strong></span> <span class='ocrx_word' id='word_1_547' title='bbox 1411 4928 1423 4972; x_wconf 93' lang='lat'>:</span> <span class='ocrx_word' id='word_1_548' title='bbox 1458 4911 1623 4973; x_wconf 89' lang='lat' dir='ltr'><strong>Deus</strong></span> <span class='ocrx_word' id='word_1_549' title='bbox 1649 4912 1908 4975; x_wconf 91' lang='lat' dir='ltr'><strong>odorem</strong></span> <span class='ocrx_word' id='word_1_550' title='bbox 1941 4912 2183 4975; x_wconf 79' lang='lat' dir='ltr'><strong>notitiae</strong></span> <span class='ocrx_word' id='word_1_551' title='bbox 2212 4931 2343 4976; x_wconf 83' lang='lat' dir='ltr'><strong>suae</strong></span> 
     </span>
     <span class='ocr_line' id='line_1_80' title="bbox 559 4994 2344 5095; baseline -0.001 -21"><span class='ocrx_word' id='word_1_552' title='bbox 559 4994 624 5043; x_wconf 77' lang='lat'><strong>¹⁴&#39;</strong></span> <span class='ocrx_word' id='word_1_553' title='bbox 647 4994 712 5037; x_wconf 84' lang='lat'><strong>¹⁵·</strong></span> <span class='ocrx_word' id='word_1_554' title='bbox 849 5030 964 5094; x_wconf 90' lang='lat' dir='ltr'><strong>per</strong></span> <span class='ocrx_word' id='word_1_555' title='bbox 989 5030 1103 5074; x_wconf 92' lang='lat' dir='ltr'><strong>nos</strong></span> <span class='ocrx_word' id='word_1_556' title='bbox 1131 5008 1493 5073; x_wconf 68' lang='lat' dir='ltr'><strong>manifestat</strong></span> <span class='ocrx_word' id='word_1_557' title='bbox 1526 5009 1590 5071; x_wconf 91' lang='lat' dir='ltr'><strong>in</strong></span> <span class='ocrx_word' id='word_1_558' title='bbox 1621 5009 1796 5072; x_wconf 91' lang='lat' dir='ltr'><strong>omni</strong></span> <span class='ocrx_word' id='word_1_559' title='bbox 1830 5009 2150 5092; x_wconf 84' lang='lat' dir='ltr'><strong>locO,quia</strong></span> <span class='ocrx_word' id='word_1_560' title='bbox 2174 5012 2344 5095; x_wconf 82' lang='lat' dir='ltr'><strong>Chri-</strong></span> 
     </span>
     <span class='ocr_line' id='line_1_81' title="bbox 850 5107 2340 5174; baseline 0.001 -1"><span class='ocrx_word' id='word_1_561' title='bbox 850 5110 932 5173; x_wconf 89' lang='lat' dir='ltr'><strong>sti</strong></span> <span class='ocrx_word' id='word_1_562' title='bbox 971 5110 1177 5173; x_wconf 91' lang='lat' dir='ltr'><strong>bonus</strong></span> <span class='ocrx_word' id='word_1_563' title='bbox 1217 5110 1372 5173; x_wconf 93' lang='lat' dir='ltr'><strong>odor</strong></span> <span class='ocrx_word' id='word_1_564' title='bbox 1411 5128 1652 5170; x_wconf 92' lang='lat' dir='ltr'><strong>sumus.</strong></span> <span class='ocrx_word' id='word_1_565' title='bbox 1686 5107 1798 5171; x_wconf 88' lang='lat' dir='ltr'><strong>Hic</strong></span> <span class='ocrx_word' id='word_1_566' title='bbox 1840 5109 1997 5171; x_wconf 91' lang='lat' dir='ltr'><strong>odor</strong></span> <span class='ocrx_word' id='word_1_567' title='bbox 2027 5110 2340 5174; x_wconf 89' lang='lat' dir='ltr'><strong>assimila-</strong></span> 
     </span>
    </p>

    <p class='ocr_par' dir='ltr' id='par_1_27' title="bbox 851 5206 2342 5291">
     <span class='ocr_line' id='line_1_82' title="bbox 851 5206 2342 5291; baseline 0.001 -20"><span class='ocrx_word' id='word_1_568' title='bbox 851 5218 954 5271; x_wconf 88' lang='lat' dir='ltr'><strong>tur</strong></span> <span class='ocrx_word' id='word_1_569' title='bbox 981 5208 1161 5273; x_wconf 93' lang='lat' dir='ltr'><strong>odori</strong></span> <span class='ocrx_word' id='word_1_570' title='bbox 1200 5208 1512 5271; x_wconf 91' lang='lat' dir='ltr'><strong>malorum</strong></span> <span class='ocrx_word' id='word_1_571' title='bbox 1546 5206 1926 5289; x_wconf 90' lang='lat' dir='ltr'><strong>punicorum</strong></span> <span class='ocrx_word' id='word_1_572' title='bbox 1964 5226 1977 5270; x_wconf 75' lang='grc' dir='ltr'>ε</span> <span class='ocrx_word' id='word_1_573' title='bbox 2011 5209 2125 5291; x_wconf 92' lang='lat' dir='ltr'><strong>qui</strong></span> <span class='ocrx_word' id='word_1_574' title='bbox 2158 5208 2342 5273; x_wconf 78' lang='lat' dir='ltr'><strong>sortis</strong></span> 
     </span>
    </p>

    <p class='ocr_par' dir='ltr' id='par_1_28' title="bbox 851 5305 2344 5389">
     <span class='ocr_line' id='line_1_83' title="bbox 851 5305 2344 5389; baseline 0.003 -21"><span class='ocrx_word' id='word_1_575' title='bbox 851 5315 914 5381; x_wconf 82' lang='lat' dir='ltr'><strong>et</strong></span> <span class='ocrx_word' id='word_1_576' title='bbox 940 5308 1146 5373; x_wconf 88' lang='lat' dir='ltr'><strong>bonus</strong></span> <span class='ocrx_word' id='word_1_577' title='bbox 1175 5316 1291 5385; x_wconf 86' lang='lat' dir='ltr'><strong>est,</strong></span> <span class='ocrx_word' id='word_1_578' title='bbox 1319 5315 1510 5388; x_wconf 86' lang='lat' dir='ltr'><strong>atque</strong></span> <span class='ocrx_word' id='word_1_579' title='bbox 1547 5305 1834 5387; x_wconf 78' lang='lat' dir='ltr'><strong>martyrii</strong></span> <span class='ocrx_word' id='word_1_580' title='bbox 1867 5307 2140 5389; x_wconf 89' lang='lat' dir='ltr'><strong>palmam</strong></span> <span class='ocrx_word' id='word_1_581' title='bbox 2177 5310 2344 5372; x_wconf 85' lang='lat' dir='ltr'><strong>desi-</strong></span> 
     </span>
    </p>
   </div>
   <div class='ocr_carea' id='block_1_15' title="bbox 2448 4315 4168 5385">
    <p class='ocr_par' dir='ltr' id='par_1_29' title="bbox 2448 4315 3936 4694">
     <span class='ocr_line' id='line_1_84' title="bbox 2448 4315 3936 4398; baseline -0.003 -19"><span class='ocrx_word' id='word_1_582' title='bbox 2448 4336 2593 4379; x_wconf 91' lang='lat' dir='ltr'><strong>eum</strong></span> <span class='ocrx_word' id='word_1_583' title='bbox 2621 4316 2898 4397; x_wconf 87' lang='lat' dir='ltr'><strong>gratiose</strong></span> <span class='ocrx_word' id='word_1_584' title='bbox 2929 4316 3232 4398; x_wconf 84' lang='lat' dir='ltr'><strong>pertineo,</strong></span> <span class='ocrx_word' id='word_1_585' title='bbox 3252 4316 3389 4398; x_wconf 85' lang='lat' dir='ltr'><strong>ejus</strong></span> <span class='ocrx_word' id='word_1_586' title='bbox 3420 4315 3638 4391; x_wconf 90' lang='lat' dir='ltr'><strong>amori,</strong></span> <span class='ocrx_word' id='word_1_587' title='bbox 3664 4322 3936 4378; x_wconf 88' lang='lat' dir='ltr'><strong>contem·</strong></span> 
     </span>
     <span class='ocr_line' id='line_1_85' title="bbox 2450 4410 3936 4497; baseline -0.003 -20"><span class='ocrx_word' id='word_1_588' title='bbox 2450 4415 2715 4497; x_wconf 87' lang='lat' dir='ltr'><strong>plationi</strong></span> <span class='ocrx_word' id='word_1_589' title='bbox 2746 4414 3171 4495; x_wconf 88' lang='lat' dir='ltr'><strong>laudibusque</strong></span> <span class='ocrx_word' id='word_1_590' title='bbox 3202 4415 3504 4494; x_wconf 83' lang='lat' dir='ltr'><strong>intend03</strong></span> <span class='ocrx_word' id='word_1_591' title='bbox 3537 4422 3601 4477; x_wconf 91' lang='lat' dir='ltr'><strong>et</strong></span> <span class='ocrx_word' id='word_1_592' title='bbox 3631 4413 3768 4495; x_wconf 90' lang='lat' dir='ltr'><strong>ipse</strong></span> <span class='ocrx_word' id='word_1_593' title='bbox 3800 4410 3936 4475; x_wconf 90' lang='lat' dir='ltr'><strong>vul-</strong></span> 
     </span>
     <span class='ocr_line' id='line_1_86' title="bbox 2451 4512 3936 4594; baseline -0.003 -19"><span class='ocrx_word' id='word_1_594' title='bbox 2451 4522 2583 4577; x_wconf 92' lang='lat' dir='ltr'><strong>tum</strong></span> <span class='ocrx_word' id='word_1_595' title='bbox 2628 4532 2758 4577; x_wconf 82' lang='lat' dir='ltr'><strong>suae</strong></span> <span class='ocrx_word' id='word_1_596' title='bbox 2800 4513 3214 4594; x_wconf 87' lang='lat' dir='ltr'><strong>benignitatis</strong></span> <span class='ocrx_word' id='word_1_597' title='bbox 3251 4512 3565 4576; x_wconf 88' lang='lat' dir='ltr'><strong>convertit</strong></span> <span class='ocrx_word' id='word_1_598' title='bbox 3602 4513 3678 4575; x_wconf 90' lang='lat' dir='ltr'><strong>ad</strong></span> <span class='ocrx_word' id='word_1_599' title='bbox 3718 4530 3842 4588; x_wconf 89' lang='lat' dir='ltr'><strong>me,</strong></span> <span class='ocrx_word' id='word_1_600' title='bbox 3875 4517 3936 4571; x_wconf 92' lang='lat' dir='ltr'><strong>et</strong></span> 
     </span>
     <span class='ocr_line' id='line_1_87' title="bbox 2450 4609 3931 4694; baseline -0.003 -20"><span class='ocrx_word' id='word_1_601' title='bbox 2450 4611 2725 4694; x_wconf 86' lang='lat' dir='ltr'><strong>gratiose</strong></span> <span class='ocrx_word' id='word_1_602' title='bbox 2753 4630 2855 4674; x_wconf 89' lang='lat' dir='ltr'><strong>me</strong></span> <span class='ocrx_word' id='word_1_603' title='bbox 2885 4612 3121 4689; x_wconf 88' lang='lat' dir='ltr'><strong>visitat,</strong></span> <span class='ocrx_word' id='word_1_604' title='bbox 3142 4630 3245 4675; x_wconf 91' lang='lat' dir='ltr'><strong>me</strong></span> <span class='ocrx_word' id='word_1_605' title='bbox 3274 4611 3620 4675; x_wconf 90' lang='lat' dir='ltr'><strong>clementer</strong></span> <span class='ocrx_word' id='word_1_606' title='bbox 3646 4609 3931 4687; x_wconf 82' lang='lat' dir='ltr'><strong>exaudit3</strong></span> 
     </span>
    </p>

    <p class='ocr_par' dir='ltr' id='par_1_30' title="bbox 2452 4708 3935 4793">
     <span class='ocr_line' id='line_1_88' title="bbox 2452 4708 3935 4793; baseline -0.004 -17"><span class='ocrx_word' id='word_1_607' title='bbox 2452 4732 2568 4776; x_wconf 91' lang='lat' dir='ltr'><strong>nec</strong></span> <span class='ocrx_word' id='word_1_608' title='bbox 2608 4720 2781 4774; x_wconf 87' lang='lat' dir='ltr'><strong>extra</strong></span> <span class='ocrx_word' id='word_1_609' title='bbox 2825 4730 2927 4773; x_wconf 87' lang='lat' dir='ltr'><strong>me</strong></span> <span class='ocrx_word' id='word_1_610' title='bbox 2963 4710 3198 4791; x_wconf 91' lang='lat' dir='ltr'><strong>aliquis</strong></span> <span class='ocrx_word' id='word_1_611' title='bbox 3239 4718 3447 4793; x_wconf 86' lang='lat' dir='ltr'><strong>potest</strong></span> <span class='ocrx_word' id='word_1_612' title='bbox 3489 4710 3741 4785; x_wconf 88' lang='lat' dir='ltr'><strong>salvari,</strong></span> <span class='ocrx_word' id='word_1_613' title='bbox 3774 4708 3935 4772; x_wconf 89' lang='lat' dir='ltr'><strong>sicut</strong></span> 
     </span>
    </p>

    <p class='ocr_par' dir='ltr' id='par_1_31' title="bbox 2451 4810 4168 5189">
     <span class='ocr_line' id='line_1_89' title="bbox 2453 4810 4168 4892; baseline -0.008 -17"><span class='ocrx_word' id='word_1_614' title='bbox 2453 4831 2570 4875; x_wconf 91' lang='lat' dir='ltr'><strong>nec</strong></span> <span class='ocrx_word' id='word_1_615' title='bbox 2616 4821 2791 4874; x_wconf 86' lang='lat' dir='ltr'><strong>extra</strong></span> <span class='ocrx_word' id='word_1_616' title='bbox 2834 4830 3045 4874; x_wconf 88' lang='lat' dir='ltr'><strong>arcam</strong></span> <span class='ocrx_word' id='word_1_617' title='bbox 3088 4810 3215 4873; x_wconf 89' lang='lat' dir='ltr'><strong>Noe</strong></span> <span class='ocrx_word' id='word_1_618' title='bbox 3257 4810 3599 4892; x_wconf 89' lang='lat' dir='ltr'><strong>quisquam</strong></span> <span class='ocrx_word' id='word_1_619' title='bbox 3649 4810 3857 4892; x_wconf 88' lang='lat' dir='ltr'><strong>potuit</strong></span> <span class='ocrx_word' id='word_1_620' title='bbox 3900 4826 3937 4869; x_wconf 86' lang='lat' dir='ltr'><strong>a</strong></span> <span class='ocrx_word' id='word_1_621' title='bbox 3962 4823 4168 4871; x_wconf 58' lang='lat' dir='ltr'><strong>cmm</strong></span> 
     </span>
     <span class='ocr_line' id='line_1_90' title="bbox 2451 4907 3935 4993; baseline -0.003 -19"><span class='ocrx_word' id='word_1_622' title='bbox 2451 4911 2696 4975; x_wconf 89' lang='lat' dir='ltr'><strong>diluvio</strong></span> <span class='ocrx_word' id='word_1_623' title='bbox 2756 4909 3148 4993; x_wconf 84' lang='lat' dir='ltr'><strong>praeservari.</strong></span> <span class='ocrx_word' id='word_1_624' title='bbox 3202 4910 3343 4972; x_wconf 91' lang='lat' dir='ltr'><strong>ldeo</strong></span> <span class='ocrx_word' id='word_1_625' title='bbox 3390 4908 3792 4972; x_wconf 86' lang='lat' dir='ltr'><strong>confidenter</strong></span> <span class='ocrx_word' id='word_1_626' title='bbox 3839 4907 3935 4970; x_wconf 90' lang='lat' dir='ltr'><strong>lo·</strong></span> 
     </span>
     <span class='ocr_line' id='line_1_91' title="bbox 2452 5009 4099 5092; baseline -0.003 -19"><span class='ocrx_word' id='word_1_627' title='bbox 2452 5029 2614 5092; x_wconf 91' lang='lat' dir='ltr'><strong>quor</strong></span> <span class='ocrx_word' id='word_1_628' title='bbox 2656 5011 2735 5071; x_wconf 90' lang='lat' dir='ltr'><strong>ad</strong></span> <span class='ocrx_word' id='word_1_629' title='bbox 2774 5028 2921 5073; x_wconf 91' lang='lat' dir='ltr'><strong>eum</strong></span> <span class='ocrx_word' id='word_1_630' title='bbox 2954 5027 2968 5071; x_wconf 90' lang='lat'>:</span> <span class='ocrx_word' id='word_1_631' title='bbox 3012 5011 3190 5076; x_wconf 78' lang='lat' dir='ltr'><strong>Veni,</strong></span> <span class='ocrx_word' id='word_1_632' title='bbox 3230 5011 3459 5070; x_wconf 78' lang='lat' dir='ltr'><strong>dilecte</strong></span> <span class='ocrx_word' id='word_1_633' title='bbox 3500 5011 3617 5079; x_wconf 86' lang='lat' dir='ltr'><strong>mi,</strong></span> <span class='ocrx_word' id='word_1_634' title='bbox 3652 5009 3938 5085; x_wconf 72' lang='lat' dir='ltr'><strong>eyredia-</strong></span> <span class='ocrx_word' id='word_1_635' title='bbox 4048 5024 4099 5077; x_wconf 80' lang='lat' dir='ltr'>ss</span> 
     </span>
     <span class='ocr_line' id='line_1_92' title="bbox 2454 5107 3939 5189; baseline -0.002 -19"><span class='ocrx_word' id='word_1_636' title='bbox 2454 5131 2604 5170; x_wconf 83' lang='lat' dir='ltr'><strong>mur</strong></span> <span class='ocrx_word' id='word_1_637' title='bbox 2636 5112 2705 5170; x_wconf 79' lang='lat' dir='ltr'><strong>in</strong></span> <span class='ocrx_word' id='word_1_638' title='bbox 2732 5130 2960 5187; x_wconf 75' lang='lat' dir='ltr'><strong>ayrum</strong></span> <span class='ocrx_word' id='word_1_639' title='bbox 2982 5107 3084 5170; x_wconf 88' lang='lat' dir='ltr'><strong>:id</strong></span> <span class='ocrx_word' id='word_1_640' title='bbox 3115 5116 3233 5182; x_wconf 89' lang='lat' dir='ltr'><strong>est,</strong></span> <span class='ocrx_word' id='word_1_641' title='bbox 3252 5107 3556 5189; x_wconf 87' lang='lat' dir='ltr'><strong>quoniam</strong></span> <span class='ocrx_word' id='word_1_642' title='bbox 3585 5115 3735 5184; x_wconf 81' lang='lat' dir='ltr'><strong>tn,o</strong></span> <span class='ocrx_word' id='word_1_643' title='bbox 3763 5124 3939 5189; x_wconf 90' lang='lat' dir='ltr'><strong>spon-</strong></span> 
     </span>
    </p>

    <p class='ocr_par' dir='ltr' id='par_1_32' title="bbox 2453 5205 3939 5385">
     <span class='ocr_line' id='line_1_93' title="bbox 2454 5205 3939 5288; baseline -0.003 -17"><span class='ocrx_word' id='word_1_644' title='bbox 2454 5230 2542 5285; x_wconf 88' lang='lat' dir='ltr'><strong>se,</strong></span> <span class='ocrx_word' id='word_1_645' title='bbox 2598 5218 2723 5271; x_wconf 88' lang='lat' dir='ltr'><strong>tam</strong></span> <span class='ocrx_word' id='word_1_646' title='bbox 2771 5207 3045 5288; x_wconf 86' lang='lat' dir='ltr'><strong>gratiose</strong></span> <span class='ocrx_word' id='word_1_647' title='bbox 3091 5225 3195 5269; x_wconf 89' lang='lat' dir='ltr'><strong>me</strong></span> <span class='ocrx_word' id='word_1_648' title='bbox 3243 5205 3537 5282; x_wconf 87' lang='lat' dir='ltr'><strong>visitasti,</strong></span> <span class='ocrx_word' id='word_1_649' title='bbox 3590 5214 3717 5268; x_wconf 87' lang='lat' dir='ltr'><strong>tam</strong></span> <span class='ocrx_word' id='word_1_650' title='bbox 3765 5206 3939 5268; x_wconf 89' lang='lat' dir='ltr'><strong>clare</strong></span> 
     </span>
     <span class='ocr_line' id='line_1_94' title="bbox 2453 5301 3939 5385; baseline -0.003 -14"><span class='ocrx_word' id='word_1_651' title='bbox 2453 5307 2852 5383; x_wconf 86' lang='lat' dir='ltr'><strong>illuminasti,</strong></span> <span class='ocrx_word' id='word_1_652' title='bbox 2886 5313 3013 5368; x_wconf 85' lang='lat' dir='ltr'><strong>tam</strong></span> <span class='ocrx_word' id='word_1_653' title='bbox 3046 5304 3256 5367; x_wconf 86' lang='lat' dir='ltr'><strong>valide</strong></span> <span class='ocrx_word' id='word_1_654' title='bbox 3282 5303 3653 5383; x_wconf 89' lang='lat' dir='ltr'><strong>accendisti,</strong></span> <span class='ocrx_word' id='word_1_655' title='bbox 3674 5321 3790 5385; x_wconf 84' lang='lat' dir='ltr'><strong>ego</strong></span> <span class='ocrx_word' id='word_1_656' title='bbox 3821 5301 3939 5367; x_wconf 88' lang='lat' dir='ltr'><strong>tibi</strong></span> 
     </span>
    </p>
   </div>
   <div class='ocr_carea' id='block_1_16' title="bbox 4238 2274 4261 6230">
    <p class='ocr_par' dir='ltr' id='par_1_33' title="bbox 4238 2274 4261 6230">
     <span class='ocr_line' id='line_1_95' title="bbox 4238 2274 4261 6230; baseline 0 0"><span class='ocrx_word' id='word_1_657' title='bbox 4238 2274 4261 6230; x_wconf 95' lang='lat' dir='ltr'><strong> </strong></span> 
     </span>
    </p>
   </div>
  </div>
 </body>
</html>
