4284 6267
1076 526 1431 573 BNARRATIO
1478 526 1539 572 IN
1582 525 1720 571 CAP.
1758 525 1845 571 Vll
1884 524 2322 572 BCCLESIASTAE.
2367 544 2447 553 --
2488 526 2630 571 ΛΒΤ.
2667 525 2750 571 vu

3344 506 3462 570 247

336 717 453 761 me
513 697 817 779 genuisti,
866 697 1078 760 virum
1138 697 1309 775 rixae,
1361 697 1571 760 virum
1630 693 1942 758 discor-A
1975 692 2040 754 in
2091 694 2299 774 epulis
2357 694 2489 757 suis
2548 694 2960 758 convivantes
3017 694 3155 756 sine
3213 695 3460 769 timore,

336 796 519 859 dim?
560 796 752 861 Porro
796 795 863 857 in
907 795 1011 858 die
1056 795 1281 859 mortis
1324 794 1655 859 evadimus
1698 791 1862 854 mala

340 894 469 956 ista
524 912 539 955 :
594 895 737 958 ideo
787 893 1017 958 melior
1065 904 1490 976 nuncupatur.
1536 892 1865 955 Verumta-

340 1012 525 1071 men,
560 994 870 1075 quoniam
900 1012 1039 1057 esse
1071 1002 1134 1056 et
1163 994 1402 1069 vivere,
1436 1001 1586 1055 sunt
1614 1000 1865 1053 natura-

344 1091 500 1154 liter
532 1092 915 1174 appetibilia
947 1092 1153 1168 valde,
1188 1100 1252 1153 et
1281 1091 1449 1154 mala
1477 1108 1682 1173 poenae
1720 1106 1864 1170 pos-

342 1199 503 1252 sunt
552 1190 634 1253 ad
682 1190 951 1253 salutem
1004 1190 1346 1272 proficere,
1382 1197 1575 1270 atque
1620 1187 1687 1250 in
1732 1186 1862 1252 vita

344 1288 469 1352 hac
520 1308 866 1371 possumus
914 1289 1185 1353 virtutes
1237 1288 1474 1362 sortiri,
1527 1285 1863 1348 beatitudi-

344 1406 631 1469 nemque
662 1388 917 1462 mereri,
939 1396 1003 1451 et
1039 1387 1165 1449 filii
1194 1386 1480 1468 adoptivi
1516 1384 1659 1449 fieri
1689 1383 1865 1447 Crea-

347 1486 543 1565 toris3
574 1486 719 1549 ideo
744 1486 1096 1549 secundum
1124 1485 1315 1547 istum
1342 1492 1721 1566 respectum,
1740 1502 1860 1546 non

346 1593 447 1649 est
478 1585 617 1648 dies
650 1585 875 1649 mortis
908 1583 1138 1648 melior
1163 1584 1267 1646 die
1296 1582 1671 1659 nativitem,
1699 1582 1864 1645 sicut

346 1703 466 1747 nec
499 1702 674 1746 mors
706 1683 935 1747 melior
974 1682 1109 1747 vita
1140 1700 1154 1745 :
1192 1682 1316 1745 nisi
1358 1680 1755 1762 intelligatur
1785 1681 1862 1744 de

345 1782 572 1846 electis
602 1791 667 1845 et
695 1781 968 1857 SanctiS,
1003 1799 1279 1864 quorum
1310 1780 1446 1843 dies
1476 1779 1721 1857 mortiS,
1756 1799 1863 1843 vo-

1972 792 2348 875 semetipsos
2382 801 2734 874 pascenteS‚
2753 793 2957 855 nubes
2985 794 3126 855 sine
3154 810 3338 873 aqua,
3356 793 3464 855 de-

1972 900 2343 974 spumantes
2375 912 2519 954 suas
2551 892 2958 955 confusiones
2995 912 3008 956 :
3045 891 3280 973 quibus
3319 910 3462 973 pro-

1970 989 2134 1053 cella
2180 991 2579 1053 tenebrarum
2624 999 2997 1054 conservata
3045 999 3143 1053 est
3179 990 3244 1052 in
3285 998 3461 1053 aeter·

1970 1108 2149 1151 num.
2202 1089 2270 1150 ln
2320 1089 2534 1152 Exodo
2577 1108 2834 1172 quoque
2881 1089 3186 1151 asseritur
3227 1109 3241 1153 :
3286 1088 3460 1152 Sedit

1971 1187 2248 1269 populus
2286 1188 2670 1251 manducare
2706 1195 2770 1249 et
2807 1187 3045 1263 bibere,
3080 1196 3144 1250 et
3181 1205 3461 1251 surrexe-

1971 1295 2120 1348 runt
2174 1285 2418 1348 ludere.
2474 1286 2810 1369 Propterea
2859 1286 3016 1349 dicit
3062 1284 3400 1366 Gregorius
3441 1303 3455 1347 τ

1971 1382 2149 1447 Sicut
2198 1383 2597 1466 impossibile
2645 1393 2742 1447 est
2790 1384 3000 1465 ignem
3045 1384 3111 1447 in
3158 1403 3324 1465 aqua
3367 1403 3463 1445 ar-

1970 1488 2141 1564 dere,
2180 1487 2273 1550 sic
2303 1488 2703 1569 impossibile
2737 1497 2835 1551 est
2870 1488 2936 1550 in
2973 1487 3460 1552 convivantibus

1970 1586 2531 1668 compunctionem
2568 1586 2803 1667 vigere.
2829 1586 2955 1649 Cur
2981 1595 3192 1649 autem
3225 1586 3308 1647 sit
3337 1605 3462 1649 me-

1971 1683 2097 1746 lius
2138 1684 2230 1747 ire
2266 1684 2342 1746 ad
2385 1684 2643 1747 domum
2692 1684 2922 1761 luctuS,
2964 1683 3370 1765 subjungitur
3403 1703 3417 1746 :

2049 1786 2129 1845 In
2167 1786 2286 1843 illa
2317 1786 2520 1853 enim,
2541 1792 2694 1865 puta
2726 1784 2791 1846 in
2827 1785 3014 1846 domo
3043 1783 3276 1860 luetuS,
3305 1786 3462 1862 finis

348 1890 531 1945 catur
559 1881 699 1945 dies
740 1880 1073 1943 natalitius
1116 1898 1361 1954 eorum,
1397 1878 1551 1960 quia
1588 1885 1739 1940 tunc
1771 1878 1861 1940 in·
1898 1878 1943 1939 B
1970 1892 2349 1943 cunctorum
2391 1885 2778 1943 admonetur
2807 1885 3145 1943 hominum
3175 1903 3198 1942 .·
3229 1882 3293 1945 id
3339 1889 3456 1959 est,

350 1980 607 2062 cipiunt
638 1978 916 2042 feliciter
950 1978 1193 2056 vivere,
1227 1986 1291 2040 et
1328 1976 1689 2040 confirmati
1721 1995 1861 2039 esse

304 2126 319 2143 .
352 2079 419 2141 in
470 2079 667 2143 bono.
720 2078 882 2144 Mors
932 2087 1143 2140 autem
1192 2085 1621 2160 peccatorum,
1667 2075 1862 2157 pessi-

349 2198 477 2241 ma.
496 2178 645 2240 Dies
679 2196 938 2259 quoque
968 2176 1195 2238 mortis
1223 2194 1459 2251 eorum,
1480 2174 1589 2256 qui
1624 2175 1860 2255 egressi

349 2277 429 2339 de
468 2294 763 2357 corpore,
800 2273 1169 2357 purgatorio
1210 2272 1618 2355 deputantur,
1661 2291 1863 2353 quan-

350 2384 485 2437 tum
536 2374 619 2437 ad
668 2374 812 2451 hoc,
866 2372 1094 2436 melior
1138 2380 1235 2435 est
1281 2372 1385 2434 die
1436 2370 1787 2439 nativitatis
1842 2389 1855 2433 τ

346 2472 505 2555 quia
541 2491 621 2536 ex
651 2481 805 2536 tune
842 2480 1290 2535 assecurantur
1328 2472 1407 2534 de
1446 2479 1682 2533 aeterna
1722 2468 1862 2532 feli-

348 2572 569 2649 citate,
624 2579 688 2635 et
736 2570 1275 2634 immobilitantur
1331 2570 1395 2632 in
1442 2568 1667 2649 gratia,
1718 2586 1864 2631 eva-

350 2672 579 2735 dentes
628 2671 830 2733 multa
878 2689 951 2733 ae
994 2688 1227 2751 magna
1273 2668 1579 2751 pericula.
1622 2668 1745 2730 Sed
1792 2668 1859 2729 in

349 2778 667 2852 quantum
715 2787 925 2851 poenae
967 2767 1318 2850 purgatorii
1357 2767 1543 2830 valde
1585 2766 1859 2831 acriores

352 2878 505 2931 sunt
548 2868 760 2951 poeuis
795 2866 942 2932 vitae
973 2865 1329 2949 praesentiS‚
1367 2884 1483 2929 nec
1523 2866 1592 2927 in
1631 2882 1860 2947 purga-

350 2968 519 3031 torio
550 2966 701 3047 quis
732 2974 942 3048 potest
970 2965 1226 3041 mereri,
1247 2964 1499 3028 videtur
1528 2963 1664 3026 dies
1694 2981 1862 3026 mor-

1971 2000 2047 2043 ex
2076 1979 2366 2043 defuncti
2406 1980 2746 2062 praesentia
2785 1980 3174 2043 inducuntur
3200 1980 3311 2062 qui
3351 1981 3462 2043 ad-

1971 2087 2142 2153 sunt,
2178 2079 2256 2141 ad
2297 2079 2732 2142 meditandum
2782 2080 2862 2169 de
2902 2099 3014 2142 sua
3061 2088 3286 2156 morte,
3319 2098 3464 2161 quae

1973 2177 2128 2240 finis
2179 2186 2277 2241 est
2319 2178 2467 2242 vitae
2518 2177 3103 2252 mortalium.Quod
3151 2178 3342 2241 etiam
3387 2197 3464 2240 ex

1969 2275 2182 2338 verbis
2229 2282 2420 2358 atque
2459 2275 2864 2338 sermonibus
2906 2274 2986 2338 fit
3025 2276 3092 2338 in
3124 2294 3466 2358 congrega-

1972 2374 2258 2437 tionibus
2289 2374 2762 2457 poeniten‘tium,
2789 2382 2853 2437 et
2884 2374 2951 2435 in
2985 2373 3142 2438 locis
3171 2374 3466 2437 sermoci-

1973 2473 2288 2535 nantium.
2323 2475 2411 2534 Ec
2446 2475 2668 2533 vivens
2703 2474 2942 2550 cogitat
2970 2474 3132 2553 quid
3154 2473 3459 2550 futurum

1968 2574 2055 2633 sit
2084 2570 2232 2649 sibi,
2267 2570 2511 2635 scilieet
2542 2570 2820 2653 qualiter
2847 2571 3155 2633 morietur
3190 2579 3256 2634 et
3291 2570 3463 2653 judi-

1971 2669 2223 2733 cabitur
2264 2688 2301 2730 a
2347 2670 2492 2743 Deo,
2526 2688 2599 2732 ac
2642 2668 2947 2750 punietur
2987 2670 3296 2732 acerrime
3337 2669 3463 2732 nisi

1970 2768 2039 2830 in
2082 2767 2381 2849 praesenti
2422 2776 2804 2850 expurgatus
2851 2764 3047 2829 fuerit
3087 2766 3298 2849 plene.
3322 2767 3463 2831 Haec

1970 2876 2184 2931 autem
2225 2865 2650 2930 consideratio
2682 2865 2906 2929 mortis
2939 2873 3002 2929 et
3034 2866 3464 2929 concomitan-

1972 2966 2132 3029 tium
2177 2982 2338 3041 eam,
2385 2963 2842 3027 efficacissima
2871 2973 2968 3026 est
3001 2964 3079 3027 ad
3129 2964 3458 3028 vitandum

354 3065 435 3128 tis
470 3065 733 3128 illorum
769 3082 899 3129 non
936 3083 1075 3127 esse
1108 3063 1336 3127 melior
1369 3063 1473 3125 die
1507 3062 1859 3126 nativitatis
1892 3060 1935 3123 C
1970 3083 2160 3128 omne
2191 3070 2543 3145 peccatum,
2579 3070 2650 3124 ut
2678 3062 2992 3126 Climacus
3025 3062 3270 3125 scribit.
3303 3052 3461 3127 Hinc

352 3184 577 3228 eorum
608 3163 721 3245 qui
751 3170 1208 3245 regenerantur
1238 3162 1303 3224 in
1334 3161 1617 3226 Domino.
1637 3160 1861 3243 Repro-

354 3264 453 3327 bis
486 3282 643 3328 vero
676 3262 1005 3344 expediret
1032 3261 1235 3341 magis
1269 3280 1397 3325 non
1434 3260 1632 3337 nasci,
1666 3279 1853 3341 quam

352 3363 431 3425 ad
479 3370 574 3425 tot
615 3368 881 3443 peccata
920 3368 985 3422 et
1023 3360 1099 3422 ad
1142 3367 1375 3422 aeterna
1414 3358 1731 3441 supplicia
1768 3358 1860 3439 gi-

352 3460 487 3542 gni.
522 3458 651 3521 Cur
677 3476 829 3538 ergo
869 3457 1177 3521 Dominus
1205 3465 1376 3520 creat
1408 3459 1552 3520 eos?
1582 3456 1861 3538 Respon-

352 3559 461 3621 det
488 3558 914 3620 Damaseenus
939 3554 1285 3629 :Quoniam
1318 3555 1475 3617 Deus
1506 3552 1659 3617 facit
1688 3554 1859 3635 quod

354 3657 432 3719 ad
496 3674 677 3717 suam
736 3653 1017 3737 pertinet
1070 3652 1444 3730 bonitatem,
1505 3671 1623 3716 nec
1679 3654 1860 3715 decet

354 3774 503 3818 eum
535 3754 835 3817 omittere
871 3753 995 3817 hoc
1022 3752 1107 3816 ob
1146 3751 1519 3815 abusionem
1560 3760 1622 3815 et
1652 3751 1859 3831 ingra-

356 3852 701 3916 titudinem
736 3857 1040 3914 nostram.
1074 3850 1263 3912 Multa
1298 3868 1555 3931 quoque
1585 3850 1754 3912 bona
1781 3867 1857 3911 ex

356 3950 451 4014 eis
493 3959 560 4014 et
597 3968 675 4011 ex
718 3967 941 4013 eorum
984 3948 1161 4011 elicit
1200 3947 1630 4010 damnatione.

438 4049 681 4111 Melius
710 4057 801 4108 est
826 4049 923 4108 ire
950 4050 1040 4107 ad
1066 4050 1333 4107 domum
1362 4050 1595 4117 luctu-3,
1613 4046 1725 4108 ubi
1756 4045 1857 4108 de·

360 4146 646 4229 ploratur
704 4143 1070 4221 defunctus,
1122 4143 1225 4207 vel
1274 4144 1352 4206 ad
1401 4142 1852 4225 poenitentium

1970 3163 2143 3226 Plato
2176 3163 2241 3223 in
2271 3161 2583 3224 Phaedone
2610 3160 2949 3223 disseruit:
2975 3160 3291 3224 Meditatio
3323 3159 3464 3243 phi-

3546 1116 3696 1161 Exod.

3487 1192 3616 1232 xxxu.
3633 1183 3674 1224 0.

1972 3261 2386 3344 losophorum
2454 3269 2550 3322 est
2618 3258 2933 3341 separatio
3005 3267 3069 3321 et
3125 3258 3462 3324 dissolutio
3553 3258 3564 3267 ’

1968 3360 2202 3423 animae
2237 3378 2275 3421 a
2313 3376 2598 3440 corpore.
2631 3356 2710 3419 Et
2745 3376 2966 3419 rursus
2999 3375 3014 3420 :
3050 3357 3286 3421 Revera
3323 3358 3464 3439 phi-

1971 3457 2401 3540 losophanteS‚
2437 3456 2627 3519 morti
2661 3474 2728 3518 se
2757 3463 3137 3537 praeparant.
3166 3454 3237 3518 Si
3266 3475 3461 3538 quem

1974 3555 2208 3618 videris
2237 3555 2515 3635 graviter
2556 3552 2720 3616 ferre
2761 3572 2961 3634 quum
3004 3554 3234 3617 debeat
3269 3554 3458 3631 mori,

1970 3653 2150 3716 nullo
2195 3652 2385 3715 modo
2427 3660 2563 3715 erat
2603 3651 3049 3734 philosophus,
3084 3652 3244 3714 Mors
3281 3652 3459 3715 aliud

1970 3772 2096 3816 non
2132 3760 2226 3815 est
2265 3770 2458 3833 quam
2492 3751 2723 3813 animae
2757 3750 3174 3832 corporisque
3203 3749 3452 3814 divisio.

1967 3852 2110 3915 Haee
2138 3850 2336 3911 Plato.
2369 3847 2603 3911 Seneca
2642 3865 2901 3929 quoque
2931 3847 2997 3909 in
3031 3847 3162 3909 suis
3192 3856 3460 3912 testatur

1966 3946 2326 4011 Proverbiis
2367 3945 2645 4010 :Omnes
2694 3944 2891 4009 vitam
2939 3943 3342 4021 differenteS,
3393 3946 3456 4009 id

1966 4055 2060 4109 est
2110 4046 2221 4108 diu
2269 4046 2487 4109 vivere
2528 4062 2596 4107 se
2645 4052 2962 4126 putantes,
2997 4042 3240 4106 incerta
3285 4062 3458 4107 mors

1965 4144 2274 4227 praevenit
2307 4160 2321 4205 :
2359 4144 2502 4206 ideo
2541 4142 2750 4205 omnis
2788 4142 2925 4205 dies
2968 4150 3271 4224 tanquam
3312 4142 3459 4204 ulti-

356 4254 420 4309 et
448 4265 565 4307 sua
594 4252 857 4326 peccata
887 4243 1241 4323 lugentium
1273 4242 1849 4322 congregationem,
1885 4247 1936 4308 D
1967 4264 2109 4306 mus
2142 4241 2534 4305 ordinandus
2565 4248 2683 4303 est.
2707 4240 2835 4304 Hoc
2873 4248 2969 4302 est
2999 4241 3169 4321 quod
3201 4248 3458 4307 sanctus

360 4344 457 4409 vel
500 4346 580 4408 ad
625 4342 835 4407 locum
874 4360 989 4406 seu
1032 4341 1341 4425 templum
1384 4340 1490 4404 ubi
1529 4339 1607 4402 fit
1646 4358 1853 4403 sermo

360 4447 437 4509 de
476 4441 851 4510 novissimis
881 4441 1239 4518 hominum,
1265 4442 1345 4503 de
1384 4439 1673 4502 stultitiis
1704 4456 1856 4521 quo-

360 4563 481 4625 que
522 4540 952 4625 peccantium,
976 4540 1057 4602 de
1096 4538 1584 4603 enormitatibus
1623 4546 1688 4601 ct
1726 4546 1855 4599 tur-

362 4640 764 4724 pitudinibus
808 4638 1135 4712 vitiorum,
1185 4657 1261 4701 ex
1304 4655 1579 4719 quorum
1627 4636 1856 4719 praedi-

359 4740 632 4815 catione,
666 4737 997 4801 audientes
1049 4737 1438 4799 inducuntur
1486 4736 1562 4798 ad
1615 4735 1856 4798 luctum

360 4839 683 4901 salubrem
702 4854 721 4917 ;
754 4857 953 4917 quam
971 4839 1061 4897 ad
1078 4839 1343 4896 domum
1361 4834 1687 4895 convivii:
1706 4832 1858 4914 quia

362 4938 427 4999 in
456 4935 761 5001 convivio
800 4934 1143 4998 resolvitur
1172 4933 1383 4998 cordis
1420 4931 1851 5015 compunctiO,

366 5035 573 5117 fitque
612 5034 983 5115 frequenter
1020 5050 1314 5095 excessus
1360 5032 1427 5094 in
1467 5029 1611 5095 cibo
1648 5038 1711 5094 et
1747 5049 1858 5113 po-

368 5142 454 5211 tu,
490 5134 557 5195 in
605 5130 841 5205 verbiS‚
880 5130 1044 5213 jocis
1090 5150 1163 5193 ac
1214 5129 1473 5206 risibuS,
1508 5148 1583 5191 ex
1621 5127 1857 5209 quibus

365 5232 661 5295 oriuntur
692 5229 1103 5292 incitamenta
1132 5226 1431 5292 laseiviae.
1464 5227 1643 5290 Unde
1667 5226 1859 5289 sudas

1964 4348 2143 4424 pater
2175 4338 2477 4403 Macarius
2512 4338 2749 4417 docuit,
2783 4347 2855 4400 ut
2887 4356 3139 4421 semper
3175 4346 3300 4401 tam
3332 4337 3460 4401 dis-

1964 4447 2135 4502 crete
2174 4447 2238 4501 et
2277 4438 2571 4501 timorate
2612 4456 2684 4499 ac
2724 4456 2884 4519 pure
2917 4437 3230 4515 vivamuS,
3271 4437 3457 4519 quasi

1963 4538 2065 4601 die
2098 4535 2391 4620 quolibet
2419 4536 2733 4613 morituri,
2753 4544 2817 4599 et
2847 4535 3032 4618 quasi
3066 4543 3324 4599 centum
3353 4554 3458 4597 an-

1963 4636 2065 4699 nis
2115 4635 2369 4699 victuri.

2042 4735 2278 4797 Melior
2313 4744 2404 4795 est
2447 4736 2550 4794 ira
2592 4734 2756 4795 risu.
2783 4732 2911 4795 Hoc
2965 4731 3453 4813 intelligendum

1962 4843 2058 4897 est
2106 4833 2186 4896 de
2227 4833 2319 4894 ira
2357 4851 2471 4915 per
2509 4831 2736 4907 zelum,
2772 4849 2900 4912 qua
2937 4839 3158 4893 contra
3195 4830 3454 4913 propria

1962 4951 2034 4994 ac
2086 4930 2530 5013 proximorum·
2571 4938 2831 5012 peccata
2875 4946 3228 5005 movemur,
3263 4947 3337 4991 ac
3383 4948 3460 4992 ea

1964 5031 2293 5113 punimus.
2314 5029 2545 5112 Sicque
2575 5031 2671 5109 (ut
2703 5026 2948 5090 Tullius
2979 5027 3291 5109 loquitur)
3319 5029 3460 5093 vin-

1967 5128 2242 5191 dicativa
2273 5136 2372 5191 est
2403 5146 2547 5209 pars
2579 5126 2866 5209 quaedam
2909 5124 3194 5207 justitiae.
3228 5126 3314 5189 De
3342 5126 3460 5188 hac

1968 5228 2064 5289 ira
2112 5225 2419 5288 laudabili
2469 5223 2640 5287 fatur
2687 5224 3170 5305 chrysostomus
3206 5224 3319 5289 :Si
3366 5224 3461 5287 ira

114 5338 340 5397 Meuia
370 5329 697 5414 apostolus
738 5328 805 5391 in
845 5347 961 5391 sua
1003 5327 1169 5392 fatur
1207 5325 1570 5391 Canonica:
1606 5324 1680 5386 Hi
1714 5333 1863 5388 sunt
1970 5342 2098 5388 non
2138 5322 2359 5402 fuerit,
2395 5342 2514 5386 nec
2558 5320 2848 5385 doctrina
2889 5320 3172 5404 proficit,
3209 5341 3326 5386 nec
3360 5322 3460 5405 ju-
