4284 6267
860 482 979 547 248

1574 501 1927 548 ENARRA‘rlo
1969 501 2032 547 IN
2075 501 2213 548 CAP.
2252 502 2334 547 vn
2375 500 2810 547 EGCLESlAs‘rAE.
2851 520 2940 577 ·—
2979 501 3122 547 ΛΒΤ.
3159 501 3243 546 vn

861 672 1029 735 dicia
1088 679 1277 750 stant,
1331 691 1447 735 nec
1504 672 1776 737 crimina
1832 680 2348 756 compescuntur.
2381 672 2432 733 A
2463 670 2845 747 inordinata,
2880 691 3024 754 quae
3048 680 3146 735 est
3173 672 3254 735 de
3285 664 3544 755 propria
3573 669 3830 751 injuria,
3854 669 3948 731 in-

860 771 1077 853 ltaque
1120 770 1245 852 qui,
1280 771 1433 834 dum
1472 791 1662 834 eausa
1701 779 1818 849 est,
1854 790 1981 835 non
2030 772 2347 843 irascitur,

860 878 1103 951 peccat.
1138 870 1447 933 Patientia
1489 871 1659 933 enim
1702 869 2160 932 irrationabilis
2201 868 2357 933 vitia

861 969 1154 1046 seminat,
1191 988 1308 1032 nec
1356 969 1564 1032 solum
1615 970 1839 1047 maloS,
1882 970 1988 1031 sed
2040 976 2103 1032 et
2152 969 2353 1031 bonos

858 1068 936 1128 ad
969 1066 1208 1129 malum
1239 1068 1942 1131 invitatVerumtamen
1969 1066 2194 1148 grandi
2226 1084 2356 1129 mo-

859 1165 1187 1228 deratione
1232 1166 1325 1228 uti
1365 1174 1615 1249 oportet
1652 1168 1820 1230 circa
1850 1167 2015 1229 hanc
2055 1166 2238 1243 iram,
2275 1183 2353 1227 ne

861 1262 1390 1325 immoderantius
1438 1264 1827 1327 exardescat.
1872 1264 2134 1345 Propter
2181 1264 2354 1344 quod

859 1360 1152 1423 affirmat
1184 1361 1544 1441 GregoriuS,
1582 1363 1752 1443 quod
1793 1380 1920 1425 non
1953 1361 2141 1425 debet
2171 1360 2354 1443 quasi

858 1460 1117 1523 domina
1150 1460 1459 1524 rationem
1490 1462 1865 1542 praecedere,
1900 1461 2009 1523 sed
2048 1467 2354 1542 tanquam

860 1560 1094 1622 ancilla
1125 1568 1270 1642 post
1311 1568 1554 1639 tergum
1596 1559 1800 1639 sequi.
1836 1559 1932 1621 lra
1971 1558 2210 1640 quippe
2244 1574 2355 1639 per

862 1659 1065 1721 zelum
1105 1666 1385 1736 vocatur,
1433 1677 1624 1741 quam
1667 1658 1827 1721 ratio
1865 1677 1979 1740 per
2014 1656 2352 1739 imperium

862 1756 988 1819 sibi
1034 1757 1323 1835 assumit,
1354 1765 1670 1837 quatenus
1706 1765 1916 1819 actum
1963 1755 2219 1820 virtutis
2267 1753 2356 1817 ef-

2463 768 2790 848 firmitate,
2828 771 3244 854 temporalive
3280 770 3534 847 damno,
3569 777 3666 833 est
3693 769 3941 832 vitiosa.

2465 868 2548 930 De
2589 887 2716 950 qua
2760 868 2930 931 idem
2972 869 3134 931 dixit
3162 868 3501 951 Apostolus
3535 886 3550 929 :
3582 867 3804 931 Saeculi
3847 867 3945 929 tri·
3993 883 4228 933 uenam,

2464 967 2638 1029 stitia
2666 975 2935 1030 mortem
2965 976 3286 1050 operatur.
3325 968 3405 1030 De
3435 986 3562 1049 qua
3596 966 3662 1029 in
3697 966 3944 1030 Prover-
3975 949 4034 989 ¹⁰·

2464 1064 2588 1127 biis
2621 1066 2859 1129 dictum
2893 1075 3022 1129 est:
3045 1066 3221 1130 Sicut
3251 1067 3420 1130 tinea
3450 1066 3840 1141 vestimento,
3857 1066 3946 1129 sie
3983 1082 4228 1131 numm,

2467 1164 2723 1226 tristitia
2759 1172 2946 1228 nocet
2973 1166 3172 1228 cordi.
3206 1166 3492 1248 Denique
3523 1165 3777 1247 sapiens
3803 1183 3948 1228 con·
3973 1147 4036 1189 ²⁰·

2463 1264 2750 1326 tristatur
2779 1265 2858 1327 de
2889 1264 3147 1348 propria
3178 1263 3682 1346 imperfectione,
3715 1272 3778 1327 et
3807 1282 3948 1345 pro-

2464 1363 2662 1425 nitate
2691 1362 2757 1424 in
2789 1363 3051 1439 malum,
3085 1371 3150 1425 et
3176 1364 3350 1445 quod
3385 1371 3513 1425 tam
3545 1363 3732 1443 longe
3759 1361 3948 1425 distat

2462 1479 2499 1522 a
2530 1459 2924 1542 perfectione
2953 1469 3189 1543 optata,
3225 1460 3599 1543 coelestique
3629 1460 3852 1541 gloria.

2542 1563 2630 1621 Ει
2667 1580 2774 1620 cor
2813 1564 3185 1632 stultorum,
3225 1561 3340 1621 ubi
3388 1562 3618 1621 loeticia
3649 1580 3671 1619 .·
3717 1558 3779 1621 id
3829 1566 3942 1636 est,

2465 1658 2804 1721 stultorum
2852 1666 2948 1721 est
3003 1658 3280 1721 inaniter
3326 1657 3608 1739 gloriari,
3651 1657 3775 1721 sibi
3825 1658 3945 1740 ipsi

2465 1756 2736 1839 placere,
2769 1758 2848 1820 dc
2876 1756 3146 1820 aliorum
3179 1757 3364 1819 ruina
3395 1756 3622 1820 ridere.
3653 1756 3830 1819 Unde
3858 1756 3949 1818 di-

862 1854 1128 1919 ficacius
1175 1864 1579 1937 exsequatur.
1632 1853 1849 1919 Melior
1908 1872 2058 1935 ergo
2112 1862 2212 1918 est
2261 1852 2356 1915 ira
2391 1857 2437 1918 B
2467 1864 2639 1918 ctum
2671 1864 2764 1918 est
2798 1874 2988 1937 supra
3025 1875 3038 1919 :
3073 1856 3292 1917 Risum
3327 1856 3616 1937 reputavi
3644 1872 3941 1929 errorem,
3975 1876 4223 1922 ecclam.

859 1956 995 2018 haec
1052 1954 1185 2016 risu
1238 1974 1251 2018 :
1304 1954 1611 2036 quoniam
1664 1954 1864 2035 magis
1922 1952 2349 2026 caritativum,

861 2054 1064 2135 pium,
1098 2061 1161 2116 et
1184 2054 1430 2135 justum
1474 2060 1570 2115 est
1601 2052 1892 2135 peccanti
1922 2052 2131 2127 irasci,
2159 2071 2351 2134 quam

861 2152 1140 2215 arridere
1185 2172 1199 2217 :
1246 2152 1780 2233 quemadmodum
1824 2160 2003 2233 pater
2046 2150 2188 2214 filio
2239 2170 2353 2213 suo

862 2250 1095 2314 dilecto
1142 2270 1214 2313 ac
1261 2249 1660 2332 delinquenti
1712 2249 2044 2331 irascitur3
2091 2250 2204 2331 qui
2251 2268 2355 2311 au-

863 2357 992 2410 tem
1039 2366 1166 2410 non
1211 2346 1421 2427 diligit
1466 2346 1699 2428 ipsum,
1752 2347 1830 2409 de
1874 2346 2013 2427 ejus
2058 2344 2249 2427 culpa
2289 2354 2353 2407 et

863 2445 1237 2529 insipientia
1266 2444 1449 2507 ridet.
1484 2445 1643 2507 Hinc
1672 2444 1967 2507 subditur
2000 2462 2014 2506 ε
2047 2448 2208 2526 quia
2230 2464 2352 2522 per

864 2546 1204 2607 tristitiam
1225 2548 1674 2624 vultu-mquam
1706 2544 1799 2606 ira
1829 2562 1943 2626 per
1970 2544 2178 2605 zelum
2208 2563 2351 2605 cau-

860 2652 957 2707 sat
986 2644 1054 2705 in
1084 2642 1267 2717 facie,
1300 2644 1654 2720 corriyitur
1682 2646 1945 2703 animus
1972 2645 2350 2721 delinquen-

864 2742 1151 2805 tissdum
1180 2749 1405 2823 pensat
1429 2741 1627 2803 alium
1653 2741 1736 2803 ob
1767 2761 1951 2804 suum
1985 2741 2348 2804 contristari

861 2860 1211 2919 excessum,
1247 2839 1598 2923 praesertim
1647 2841 1905 2922 quando
1954 2840 2228 2903 advertit
2277 2840 2351 2902 il-

862 2940 996 3002 lum
1027 2939 1119 3002 sic
1150 2937 1511 3002 contristari
1534 2957 1609 3001 ex
1639 2939 1901 3001 caritate
1934 2937 2106 3000 illius
2142 2939 2219 3001 ad
2257 2958 2346 3015 se,

2463 1962 2526 2017 et
2572 1954 2804 2034 gaudio
2854 1953 2985 2015 dixi
3029 1974 3042 2017 :
3087 1952 3248 2027 Quid
3302 1952 3534 2016 frustra
3582 1952 3944 2035 deciperis?

2465 2052 3001 2116 Stultissimorum
3048 2060 3256 2114 autem
3305 2059 3400 2114 est
3438 2052 3712 2133 gaudere
3747 2072 3944 2134 quum
3974 2074 4222 2121 emam-i.

2463 2152 2630 2214 male
2675 2150 2964 2228 fecerint,
3001 2159 3062 2213 et
3104 2150 3169 2213 in
3201 2150 3390 2213 rebus
3419 2150 3713 2233 pessimis
3743 2151 3947 2214 exsul-

2462 2258 2618 2327 tare,
2645 2268 2840 2332 seque
2868 2249 2946 2311 de
2977 2250 3316 2331 iniquitate
3352 2250 3611 2330 jactare.
3646 2248 3946 2313 Similiter

2462 2348 2756 2413 oblivisci
2805 2348 3236 2431 periculorum
3268 2347 3504 2430 quibus
3541 2348 3808 2431 expositi
3847 2368 3948 2410 su-

2463 2467 2629 2525 muS,
2665 2456 2726 2511 et
2771 2446 3027 2524 risibus,
3063 2447 3248 2528 jociS,
3271 2446 3542 2523 choreiS‚
3577 2446 3948 2528 lusibusque

2461 2564 2709 2624 vacare,
2744 2545 3009 2609 insaniae
3051 2553 3168 2607 est.
3204 2545 3442 2608 Idcirco
3481 2545 3560 2607 de
3603 2545 3833 2608 talibus
3878 2544 3944 2607 in

2459 2644 2575 2708 Job
2619 2646 2928 2726 scriptum
2977 2652 3072 2706 est
3123 2662 3136 2705 :
3180 2644 3421 2707 Tenent
3467 2652 3834 2727 tympanum
3885 2652 3946 2706 et
4031 2672 4107 2715 Μ,
4141 2684 4214 2718 m,

2463 2742 2794 2819 citharam,
2817 2749 2882 2805 et
2919 2742 3200 2822 gaudent
3237 2742 3315 2803 ad
3359 2741 3638 2805 sonitum
3673 2742 3892 2824 organi
3925 2760 3942 2821 3
3973 2737 4037 2785 ¹²·
4059 2738 4118 2777 ¹³·

2460 2843 2704 2904 ducunt
2748 2841 2814 2904 in
2860 2840 3046 2904 bonis
3097 2840 3236 2903 dies
3273 2859 3442 2916 suOS,
3487 2849 3550 2903 et
3596 2840 3663 2903 in
3711 2848 3945 2923 puncto

2461 2941 2539 3003 ad
2580 2940 2904 3003 infernum
2946 2940 3361 3003 descendunt.
3398 2940 3659 3021 (Verum
3697 2947 3792 3003 est
3824 2939 3946 3002 alia

861 3047 971 3101 aut
1013 3058 1089 3102 ex
1132 3038 1265 3100 zelo
1300 3036 1585 3119 justitiae.
1622 3037 1799 3100 Unde
1843 3038 1932 3100 ait
1972 3038 2346 3115 BernarduS,
2387 3044 2431 3107 C
2461 3038 2630 3102 bona
2679 3038 2921 3115 laetitia,
2963 3039 3030 3101 in
3075 3037 3631 3121 contemplatione,
3665 3038 3947 3101 dilectio-

862 3137 1032 3219 quod
1062 3135 1316 3199 animus
1348 3136 1608 3218 probuS,
1646 3136 1869 3200 videns
1907 3136 2104 3198 alium
2139 3155 2256 3219 pro
2285 3156 2353 3199 se

863 3235 950 3297 ita
992 3234 1362 3312 sollicitum,
1397 3234 1715 3297 erubescit
1757 3234 1868 3298 illo
1912 3244 2224 3317 praesente
2263 3254 2355 3298 re-

864 3331 1385 3416 prehensibiliter
1432 3352 1501 3395 se
1548 3331 1803 3396 habere.
1837 3333 1997 3396 Hinc
2044 3334 2233 3395 etiam
2286 3334 2352 3395 in

592 3452 832 3507 Promxv,
861 3432 1219 3496 Proverbiis
1251 3432 1490 3495 dictum
1521 3441 1617 3495 est
1648 3452 1662 3497 :
1697 3431 1939 3495 Ventus
1967 3432 2198 3515 Aquilo
2228 3432 2356 3495 dis-

570 3516 639 3557 2³.
864 3532 1030 3614 sipat
1069 3530 1343 3614 pluviaS,
1379 3539 1442 3592 et
1472 3528 1668 3593 facies
1698 3530 1898 3593 tristis
1939 3530 2223 3613 linguam
2254 3532 2355 3595 de-

864 3630 1242 3694 trahentem.
1276 3631 1434 3692 Dum
1465 3646 1615 3709 ergo
1652 3630 1798 3711 quis
1837 3649 1965 3694 non
2005 3632 2196 3693 audet
2223 3649 2354 3693 cor-

862 3730 1071 3811 ripere
1122 3728 1623 3810 delinquentem,
1676 3729 1754 3790 ad
1803 3728 2015 3791 minus
2062 3729 2352 3791 ostendat

862 3829 919 3891 ei
964 3827 1194 3892 faciem
1234 3827 1503 3901 tristem,
1534 3834 1606 3888 ut
1645 3826 1737 3889 sic
1768 3828 2119 3909 perpendat
2157 3847 2354 3910 quan-

864 3935 999 3989 tum
1030 3927 1219 4009 culpa
1249 3945 1364 3988 sua
1404 3923 1661 3987 sibimet
1703 3933 1947 4003 noceat,
1982 3945 2123 4008 quae
2153 3926 2350 3988 alium

862 4024 953 4087 sie
987 4024 1337 4088 contristat.

666 4134 702 4187 5
945 4126 1064 4185 Cor
1109 4124 1533 4200 sapientium,
1581 4124 1695 4183 ubi
1745 4125 2016 4185 tristitia
2055 4144 2077 4183 .·
2118 4124 2180 4185 id
2230 4132 2344 4199 est,

2462 3157 2543 3201 ne
2583 3137 2890 3219 cultuque
2919 3138 3051 3215 Dei,
3085 3146 3148 3199 et
3178 3137 3427 3201 actione
3455 3136 3765 3199 virtutum
3801 3156 3947 3200 con-

2463 3236 2716 3299 sistens,
2753 3236 2838 3298 De
2865 3254 2995 3317 qua
3029 3234 3116 3298 ait
3156 3234 3480 3317 Scriptura
3513 3252 3528 3297 :
3563 3234 3840 3299 Gaudete
3879 3236 3944 3297 in
3971 3260 4208 3315 pamma,

2460 3336 2729 3399 Domino
2781 3352 3069 3417 semper3
3121 3343 3182 3397 et
3235 3334 3485 3409 iterum,
3539 3334 3781 3397 Servite
3831 3335 4043 3438 ⁰⁰³5,
4074 3394 4192 3437 mx,

2461 3434 2639 3497 mino
2679 3434 2745 3495 in
2791 3432 3064 3514 laetitia.)
3095 3433 3253 3495 Hinc
3290 3432 3480 3495 etiam
3522 3432 3737 3496 docuit
3771 3432 3946 3495 Chri·
4046 3427 4056 3437 '

2463 3542 2596 3595 stus
2639 3551 2652 3597 :
2689 3533 2858 3595 Beati
2904 3531 3014 3613 qui
3059 3533 3278 3612 lugent
3292 3550 3311 3612 3
3349 3540 3432 3609 et,
3469 3531 3574 3595 Vae
3616 3531 3797 3596 vobis
3835 3532 3943 3614 qui
3971 3556 4205 3601 natast.

2461 3631 2705 3694 ridetis·
3971 3621 4072 3663 Luc.
4086 3632 4133 3667 τι,
4151 3618 4204 3658 25.

2542 3730 2778 3791 Melius
2807 3738 2896 3789 est
2925 3750 2964 3789 α
2993 3729 3280 3805 sapiente
3307 3727 3572 3804 corriyi,
3598 3725 3661 3790 id
3691 3734 3788 3789 est
3815 3745 3947 3792 ver·
4079 3736 4110 3789 6

2460 3827 2561 3890 bis
2603 3846 2675 3889 ac
2724 3826 3085 3908 disciplinis
3135 3825 3453 3905 castigari,
3486 3846 3686 3906 quam
3729 3830 3947 3887 stulto-

2457 3948 2634 3994 rum,
2666 3926 2730 3988 id
2762 3934 2858 3988 est
2886 3926 3256 4006 iniquorum
3288 3933 3352 3987 et
3379 3923 3948 4000 callidorum,adu-

2461 4027 2703 4085 latione
2749 4026 2969 4103 decipi
3013 4044 3036 4083 .·
3081 4022 3194 4105 qui
3244 4022 3505 4085 laudant
3553 4031 3945 4104 peccatorem
4017 4040 4088 4081 Ρ..
4116 4038 4200 4081 m.

2460 4124 2526 4185 in
2574 4123 2908 4186 desideriis
2964 4123 3194 4184 animae
3243 4141 3395 4198 suae,
3446 4130 3509 4184 et
3561 4121 3946 4185 blandiendo
3974 4101 4182 4147 ⁵⁸⁶·⁸‘¹'‘'

860 4220 1247 4303 sapientium
1275 4228 1373 4283 est
1402 4221 1481 4283 de
1512 4221 1679 4284 malo
1710 4221 1914 4304 culpae
1945 4222 2199 4300 tristari,
2219 4242 2352 4305 pec-
2381 4228 2432 4289 D
2459 4232 2754 4305 quaerunt
2783 4224 3046 4305 placere,
3061 4242 3134 4285 ac
3165 4222 3421 4305 propria
3450 4222 3783 4285 commoda
3812 4240 3948 4285 con-

860 4317 1151 4381 cantibus
1182 4317 1541 4395 condolere,
1576 4320 1799 4382 mundi
1828 4320 2021 4403 huJus
2059 4321 2348 4385 miserias

859 4416 1212 4499 deplorare,
1238 4436 1517 4501 praesens
1562 4417 1801 4482 deflere
1845 4419 2167 4497 exsilium,
2193 4440 2350 4503 prae-

859 4515 1075 4580 sertim
1125 4516 1293 4597 quod
1341 4517 1499 4579 Deus
1541 4517 1947 4600 omnipotens
1993 4518 2351 4582 indesinen-

859 4622 955 4677 ter
998 4621 1127 4675 tam
1169 4614 1446 4694 graviter
1488 4634 1562 4677 ac
1602 4615 2047 4697 multipliciter
2088 4616 2350 4681 inhono-

858 4720 1053 4787 ratur,
1080 4712 1455 4789 offenditur‚
1480 4721 1671 4794 atque
1702 4722 1793 4777 tot
1822 4714 2049 4777 animae
2082 4725 2351 4797 pereunt

859 4829 932 4873 ac
977 4812 1380 4873 damnantur.
1433 4811 1557 4875 Hac
1601 4831 1677 4874 ex
1728 4830 1919 4875 causa
1964 4814 2344 4894 (secundum

858 4908 1161 4971 Basilium
1211 4910 1276 4972 in
1327 4909 1545 4989 regula
1594 4910 1737 4990 sua)
1785 4929 1913 4973 non
1966 4911 2115 4975 licet
2161 4913 2348 4977 modo

860 5006 1087 5070 ridere.
1122 5007 1263 5070 Haec
1291 5014 1390 5070 est
1426 5007 1595 5071 bona
1623 5015 1687 5070 et
1714 5008 2007 5071 ordinata
2034 5009 2296 5072 tristitia
2327 5030 2342 5075 ε

582 5106 938 5181 nieor.v11,de
977 5126 1103 5188 qua
1143 5104 1377 5169 fatetur
1408 5104 1771 5187 ApostoluS,
1806 5105 1953 5180 Quae
1994 5109 2346 5171 secundum

568 5193 633 5236 ¹⁰·
858 5205 1055 5268 Deum
1084 5213 1180 5269 est
1205 5204 1482 5283 tristitia,
1504 5205 1946 5287 poenitentiam
1979 5206 2046 5268 in
2076 5206 2346 5271 salutem

855 5304 1147 5367 stabilem
1177 5311 1495 5387 operatur.
1532 5303 1813 5367 Tristitia
1844 5323 1993 5369 vero
2026 5306 2345 5371 saecularis

2459 4322 2666 4403 sequi,
2699 4340 2829 4385 non
2860 4330 3075 4385 autem
3115 4329 3484 4403 peccantem
3515 4340 3756 4385 curare.
3792 4322 3948 4385 Hinc

2459 4420 2696 4483 Seneca
2735 4420 2931 4482 dixit:
2958 4418 3372 4482 Admonearis
3413 4418 3708 4494 libenter,
3746 4438 3946 4502 repre·

2459 4518 2830 4582 hensionem
2881 4536 3062 4581 sume
3116 4526 3437 4597 gratanter
3482 4537 3558 4581 ac
3609 4517 3942 4599 patienter.

2459 4618 2522 4681 Si
2555 4617 2780 4681 merito
2812 4616 3168 4699 objurgarit
3197 4624 3260 4679 te
3289 4615 3544 4698 aliquis,
3579 4615 3740 4679 scito
3776 4617 3946 4697 quod

2459 4716 2758 4799 prodesse
2801 4715 3026 4780 voluit.
3050 4716 3184 4777 Non
3233 4715 3412 4791 dura,
3449 4716 3560 4777 sed
3597 4714 3948 4778 adulatoria

2457 4813 2651 4880 verba
2691 4814 2988 4878 verearis.
3022 4814 3170 4876 Esto
3214 4813 3515 4878 vitiorum
3563 4813 3772 4893 fugax,
3799 4813 3946 4876 alio·

2457 4933 2598 4975 rum
2653 4931 2800 4977 vero
2847 4932 3056 4994 neque
3103 4912 3393 4976 curiosus
3443 4920 3777 4990 scrutator,
3830 4932 3946 4976 nec

2458 5010 2879 5095 reprehensor
2927 5010 3216 5089 acerbus,
3267 5011 3375 5074 sed
3427 5010 3567 5074 sine
3611 5010 3946 5095 exprobra-

2459 5110 2631 5173 tione
2679 5118 3018 5187 corrector,
3054 5109 3142 5171 ita
3189 5118 3257 5171 ut
3298 5110 3797 5173 admonitionem
3850 5110 3944 5171 hi-

2457 5209 2705 5272 laritate
2754 5210 3126 5291 praeveniaS.
3167 5208 3472 5283 Quocirca
3521 5209 3761 5291 inquiri
3808 5218 3943 5292 pot-

2453 5314 2563 5383 est,
2589 5307 2864 5390 qualiter
2893 5306 3065 5370 dicat
3093 5306 3590 5372 admonitionem
3623 5306 3940 5371 hilaritate
