4284 6267
628 889 699 942 27

544 1200 579 1244 ΙΙ
588 1202 697 1256 Rea.
710 1215 793 1252 xvi,

530 1268 565 1316 a,
576 1267 618 1316 ις
632 1279 715 1318 m,
728 1267 796 1308 2⁷.

552 2367 639 2412 Job
662 2383 705 2420 n.
724 2373 765 2414 ὁ.

824 499 905 562 84

1476 515 1829 562 manuario
1870 515 1934 560 m
1975 514 2117 562 ω.
2163 513 2274 560 xm
2317 513 2804 563 movmlolum.
2847 535 2928 544 -·-
2967 515 3110 562 m.
3155 515 3266 562 xm

820 686 1239 750 adversantur
1270 686 1481 764 saluti,
1516 686 1736 770 sicque
1767 687 1833 750 in
1866 695 2174 750 tartarum
2204 687 2313 750 de-
2340 685 2392 748 A
2421 685 2535 766 tis3
2580 687 2704 765 vel,
2743 687 2880 748 Erit
2913 687 3055 750 auri
3099 686 3400 769 pretium,
3437 685 3500 750 id
3546 694 3643 750 est
3680 685 3746 748 id
3789 703 3912 768 per

822 786 1017 848 trahit
1047 786 1240 868 ipsos,

930 889 1077 946 Non
1122 889 1405 946 inveniet
1462 889 1931 966 fraudulentus
1980 891 2242 946 lucrum
2289 905 2312 943 .·

822 984 975 1066 quia
1004 985 1123 1047 etsi
1158 1005 1234 1048 ex
1276 985 1491 1050 verbis
1528 985 1663 1048 suis
1701 985 1940 1049 dolosis
1980 993 2091 1048 aut
2135 1002 2312 1046 men-

824 1084 997 1148 dosis
1032 1083 1317 1148 obtineat
1355 1083 1701 1167 temporale
1741 1084 1991 1148 lucrum
2034 1085 2115 1146 ad
2149 1092 2313 1146 tem-

823 1202 966 1266 pus,
1030 1192 1098 1246 ut
1154 1191 1329 1266 patet
1385 1183 1665 1248 secundo
1726 1183 1963 1264 Regum
2023 1183 2105 1246 de
2165 1183 2314 1246 Siba

824 1291 1187 1346 accusatore
1232 1282 1453 1346 doloso
1500 1303 1575 1346 ac
1634 1283 1833 1366 impio
1882 1282 2151 1346 virtuosi
2201 1281 2314 1344 Mi-

822 1380 1213 1462 pbiboseth3
1274 1389 1497 1464 postea
1546 1391 1759 1445 tamen
1808 1381 2171 1464 experietur
2218 1381 2314 1443 in-

820 1478 1243 1560 comparabile
1272 1478 1725 1543 detrimentum
1754 1489 1817 1542 et
1838 1481 2143 1542 damnum
2175 1497 2314 1560 per-

818 1585 1097 1658 petuum.
1106 1577 1233 1641 Hoc
1256 1579 1585 1641 attendant
1612 1587 1991 1642 mercatores
2014 1598 2089 1642 ac
2110 1579 2310 1642 ceteri

816 1674 1203 1738 venditores.
1228 1679 1313 1738 Ec
1338 1679 1701 1739 substantia
1728 1679 2013 1738 hominis
2038 1680 2166 1738 erit
2195 1699 2312 1739 au-

812 1774 880 1832 ri
920 1775 1227 1850 pretium,
1260 1773 1325 1836 id
1372 1783 1492 1851 est,
1543 1774 1753 1857 ipsum
1801 1794 2027 1837 aurum
2074 1783 2171 1838 est
2223 1774 2312 1837 l'a·

2420 786 2591 866 quod
2621 795 2937 849 mercatur
2965 795 3028 850 et
3059 786 3305 848 obtinet
3334 786 3526 850 homo
3555 784 3908 848 claritatem

2423 886 2598 966 regni
2624 886 2925 964 coelestiS‚
2959 887 3038 950 de
3071 905 3202 968 quo
3231 885 3296 948 in
3327 884 3706 968 Apocalypsi
3739 902 3912 946 asse-

2421 984 2584 1046 ritur
2615 1003 2631 1046 t
2661 986 2900 1050 Civitas
2937 994 3074 1048 erat
3111 1004 3188 1048 ex
3217 1003 3372 1048 auro
3407 985 3667 1060 mundo,
3707 981 3908 1044 simili

2421 1083 2590 1146 vitro
2630 1085 2892 1148 mundo.

2501 1185 2583 1243 In
2613 1185 2868 1253 semita,
2901 1183 2966 1245 id
3005 1191 3102 1246 εει
3129 1181 3572 1246 observatione
3609 1200 3721 1244 seu
3750 1198 3912 1262 prae-

2421 1289 2606 1362 cepto
2633 1289 2697 1343 et
2723 1282 2886 1362 lege,
2906 1283 3217 1360 justicioe,
3233 1281 3298 1343 id
3327 1289 3424 1343 est
3449 1280 3912 1361 cujuscumque

2420 1377 2698 1454 virtutiS,
2723 1380 3074 1442 secundum
3101 1379 3274 1460 quod
3303 1377 3553 1460 justitia
3578 1386 3676 1440 est
3703 1377 3909 1439 virtus

2419 1478 2804 1554 communis,
2821 1486 2885 1540 et
2915 1477 3384 1560 quodammodo
3411 1476 3622 1540 omnis
3648 1475 3850 1540 virtus
3891 1491 3906 1536 :

2419 1595 2566 1638 nam
2597 1595 3000 1658 unaquaeque
3029 1575 3232 1638 virtus
3261 1583 3360 1638 est
3397 1577 3684 1657 quaedam
3726 1573 3914 1656 ¹justi-

2423 1675 2530 1752 tia,
2573 1675 2727 1757 quia
2771 1694 2888 1758 per
2928 1694 3068 1739 eam
3110 1674 3304 1738 habet
3347 1693 3416 1738 se
3459 1674 3648 1737 homo
3691 1681 3760 1735 ut
3799 1673 3914 1735 de·

2418 1772 2563 1853 bet3
2611 1776 2750 1835 vica
2788 1773 3108 1850 consistit,
3146 1774 3212 1836 id
3259 1780 3359 1836 εει
3403 1772 3533 1836 vita
3570 1771 3788 1853 gratiae
3838 1771 3910 1832 in

812 1871 1017 1936 cultas
1048 1891 1161 1935 seu
1191 1873 1509 1954 possessio
1544 1873 1846 1951 hominiS,
1873 1892 2004 1938 non
2036 1874 2102 1935 id
2130 1875 2307 1955 quod
2347 1874 2392 1936 B
2421 1873 2738 1954 praesenti,
2772 1880 2836 1935 ct
2863 1873 2996 1936 vita
3022 1870 3245 1952 gloriae
3275 1872 3340 1933 in
3375 1871 3610 1934 futuro.
3638 1872 3768 1931 Iter
3797 1891 3912 1930 au-

814 1969 1031 2033 dolose
1086 1971 1382 2052 acquirit,
1440 1980 1503 2034 et
1562 1973 1897 2036 restituere
1954 1971 2303 2053 obligatur.

813 2067 927 2130 vel
964 2086 978 2130 ε
1014 2068 1399 2143 Substantia,
1425 2069 1489 2132 id
1520 2079 1617 2132 est
1645 2071 1776 2134 vita
1806 2089 1919 2133 seu
1950 2070 2167 2133 anima
2197 2071 2309 2134 ho—

815 2166 1033 2242 minis,
1056 2175 1155 2230 est
1190 2167 1329 2230 auri
1380 2169 1679 2250 pretium,
1716 2169 1780 2231 id
1828 2177 1925 2232 est
1968 2169 2310 2251 pretiosior

816 2283 995 2341 auro,
1018 2273 1082 2328 et
1111 2265 1174 2327 id
1202 2283 1319 2347 pro
1347 2266 1533 2347 cujus
1562 2267 1893 2349 ereptione
1924 2267 2306 2349 expenditur

818 2381 1065 2439 aurum,
1098 2363 1263 2427 sicut
1289 2365 1460 2446 apud
1486 2363 1603 2429 Job
1641 2365 1970 2428 inducitur
2014 2383 2031 2426 z
2072 2365 2305 2428 Pellem

817 2480 931 2543 pro
962 2462 1150 2544 pelle,
1183 2471 1248 2525 ει
1286 2471 1515 2526 cuncta
1551 2482 1695 2544 quae
1726 2463 1917 2527 habet
1958 2463 2172 2541 homo,
2199 2466 2308 2526 da—

812 2558 909 2620 bit
936 2579 1051 2641 pro
1088 2560 1304 2623 anima
1342 2579 1477 2624 sua.
1512 2561 1921 2643 Spiritualius
1961 2571 2172 2626 autem
2215 2563 2305 2626 lo—

812 2658 1085 2738 quande,
1100 2657 1463 2722 Substantia
1492 2659 1792 2736 hominiS,
1819 2661 1885 2723 id
1914 2669 2010 2724 est
2037 2661 2306 2725 interior

812 2755 1141 2837 opulentia
1188 2757 1328 2838 ejus
1386 2757 1451 2818 in
1506 2757 1757 2821 actibus
1804 2759 2129 2836 virtuosiS,
2184 2759 2308 2822 erit

812 2853 951 2916 auri
998 2855 1298 2936 pretium,
1333 2855 1485 2937 quia
1529 2875 1645 2938 pro
1696 2855 1807 2919 illa
1852 2859 2300 2939 exponendum

812 2960 911 3015 est
943 2970 1170 3015 aurum
1208 2953 1275 3015 in
1314 2953 1614 3035 operibus
1654 2954 1909 3037 pietatis
1950 2964 2017 3019 et
2049 2956 2306 3037 aequita·

2423 1983 2542 2031 tem
2571 1975 2862 2042 devium,
2892 1971 2957 2033 id
2987 1980 3084 2034 est
3123 1989 3302 2034 error
3339 1989 3378 2032 a
3405 1969 3910 2046 veritatedisce-

2414 2069 2596 2146 denS,
2628 2071 2796 2132 actio
2826 2069 3056 2134 vitiosa
3091 2091 3129 2132 a
3173 2069 3554 2132 rectitudine
3590 2066 3907 2148 aequitatis

2415 2167 2788 2244 deflectenS,
2835 2177 2901 2231 et
2947 2187 3136 2232 omne
3183 2176 3535 2250 peccatum,
3587 2167 3758 2248 quod
3809 2173 3906 2228 est

2417 2267 2834 2347 transgressio
2863 2267 3233 2330 rectissimae
3261 2265 3421 2346 legis
3452 2265 3583 2342 Dei,
3607 2267 3788 2326 ducit
3815 2267 3906 2324 ad

2416 2375 2683 2427 mortem
2729 2375 2982 2429 aeternae
3032 2364 3479 2442 damnationiS,
3531 2382 3674 2444 quae
3719 2362 3900 2428 omni

2413 2473 2638 2540 morte,
2675 2463 2948 2527 naturali
2987 2473 3050 2528 et
3091 2462 3406 2546 corporali
3443 2481 3518 2525 ac
3561 2460 3895 2543 temporali

2415 2560 2838 2626 ineffabiliter
2865 2570 3068 2626 exstat
3107 2561 3382 2625 amarior
3416 2581 3432 2625 :
3467 2561 3596 2623 imo
3637 2559 3902 2621 minima

2413 2679 2603 2742 poena
2633 2660 2873 2724 inferni
2905 2680 3020 2744 pro
3051 2659 3305 2724 mortali
3339 2667 3598 2742 peccato
3627 2657 3898 2734 inflicta,

2413 2759 2694 2822 creditur
2729 2779 2870 2822 esse
2907 2760 3113 2840 major
3153 2757 3311 2840 ipsis
3353 2757 3684 2839 puncturis
3711 2765 3904 2838 atque

2413 2857 2724 2936 angustiis
2756 2858 2910 2920 dirae
2955 2877 3028 2920 ac
3070 2855 3450 2919 transitoriae
3479 2855 3725 2932 mortis,
3759 2872 3904 2937 quae

2415 2963 2626 3018 tamen
2657 2954 3188 3019 inaestimabiliter
3216 2953 3445 3039 premit
3475 2973 3548 3017 ac
3575 2962 3846 3038 torquet.

1887 3376 2531 3465 ARTICULUS
2613 3379 2836 3463 XIII

1148 3649 1529 3697 EXPLANATIO
1571 3648 1846 3697 cAPmJu
1885 3651 2042 3698 Tssn'r
2052 3649 2310 3697 lmncnn
2356 3648 2371 3694 Ζ

2416 3650 2610 3697 FILIUS
2655 3651 2932 3712 SAPIENS,
2973 3650 3280 3697 noemma
3321 3651 3563 3697 PATRIS.

932 3929 1183 3990 ILIUS
1206 3930 1487 4004 sapiens,
1514 3932 1813 3991 doctrina
1837 3935 2073 4010 patris.
2096 3933 2298 3997 Filius
2334 3935 2379 3998 C
2411 3935 2538 3998 filii
2584 3935 2796 4008 lsrael,
2844 3936 2924 3998 de
2966 3934 3202 4017 quibus
3245 3935 3324 3997 ad
3361 3933 3751 3998 Ezechielem
3783 3935 3896 3997 Do-

960 4027 1214 4110 sapiens
1252 4025 1486 4090 dicitur
1526 4047 1665 4092 esse
1706 4031 1997 4094 doctrina
2044 4033 2143 4095 sui
2189 4053 2298 4115 pa-

812 4126 927 4188 tris
974 4127 1110 4192 sive
1157 4127 1433 4190 doctoris
1468 4147 1482 4191 :
1518 4128 1748 4208 primo,
1784 4130 1937 4211 quia
1986 4132 2296 4213 paulatim

809 4224 1209 4306 proficiendo
1256 4227 1337 4288 ad
1385 4227 1503 4290 hoc
1546 4235 1753 4308 potest
1801 4229 2184 4310 pertingere,
2226 4241 2299 4296 ut

810 4323 1156 4405 sapientior
1203 4324 1321 4387 siat
1361 4334 1557 4408 patre,
1598 4335 1659 4390 et
1705 4327 1797 4389 sic
1836 4328 2058 4391 doceat
2104 4348 2292 4410 eum3

810 4423 1110 4501 secundo,
1143 4423 1297 4505 quia
1325 4423 1391 4486 in
1434 4423 1574 4486 filio
1606 4425 1894 4507 sapiente
1924 4427 2163 4491 relucet
2195 4428 2297 4490 sui

807 4520 1006 4602 patris
1057 4522 1367 4585 doctrina.
1424 4522 1852 4604 Spiritualiter
1902 4532 2138 4602 autem,
2191 4526 2295 4589 Fi-

810 4618 933 4680 lius
984 4619 1047 4680 in
1098 4619 1335 4684 divinis
1384 4629 1481 4682 est
1534 4621 1845 4703 sapientia
1892 4629 1955 4684 et
2003 4623 2296 4686 doctrina

806 4717 1004 4779 Patris
1042 4718 1285 4796 aeterni,
1326 4717 1479 4800 quia
1517 4719 1697 4782 Pater
1734 4737 1849 4801 per
1896 4719 2127 4782 Filium
2177 4740 2294 4784 nos

806 4813 1128 4879 informat.
1177 4820 1306 4887 Qui
1350 4829 1567 4880 autem
1612 4821 1843 4879 illusor
1888 4829 2003 4886 est,
2056 4819 2120 4881 id
2171 4828 2288 4900 est,

804 4913 1181 4996 sapientiam
1224 4923 1287 4978 et
1321 4916 1591 4979 virtutes
1638 4916 1881 4993 irridet,
1914 4935 2033 4979 nec
2076 4937 2144 4980 se
2184 4919 2296 4982 do·

802 5012 991 5076 cilem
1040 5031 1112 5076 ac
1160 5013 1546 5093 dirigibilem
1594 5014 1874 5092 exhibet,
1924 5035 2051 5076 non
2100 5019 2292 5078 audit

800 5228 927 5292 que
954 5211 1331 5276 exteriorem
1367 5212 1656 5275 auditum
1686 5231 1723 5274 a
1755 5211 1972 5278 verbis
2004 5212 2293 5295 increpa-

800 5308 981 5373 toriis
1010 5309 1504 5393 salubribusque
1531 5310 1781 5377 avertit.
1816 5311 1997 5374 Tales
2030 5310 2290 5374 fuerunt

2409 4035 2621 4098 minus
2649 4035 2810 4097 dixit
2843 4055 2857 4098 ε
2896 4033 3179 4096 Audiunt
3206 4033 3400 4098 verba
3429 4051 3570 4097 mea
3604 4051 3683 4096 ex
3711 4041 3792 4110 te,
3829 4041 3894 4096 et

3975 1000 4142 1056 Apoc.
4158 1011 4236 1041 ui.

3943 1066 4033 1105 ¹8-

3975 4059 4144 4103 Bzaeh.

2409 4152 2537 4197 non
2569 4133 2834 4209 faciunt,
2860 4133 3012 4215 quia
3042 4133 3108 4195 in
3132 4131 3449 4196 canticum
3478 4131 3608 4196 oris
3637 4131 3733 4194 sui
3761 4150 3894 4196 ver·
3922 4135 4060 4173 ¹¹¹¹¹¹·
4095 4127 4166 4174 ³¹·

2411 4240 2551 4294 tunt
2591 4231 2734 4312 illa3
2783 4240 2847 4294 et
2896 4229 3102 4294 factus
3151 4249 3219 4293 es
3265 4230 3358 4293 eis
3406 4230 3587 4312 quasi
3635 4249 3890 4294 carmen

2408 4329 2748 4404 musicum,
2782 4329 2955 4410 quod
2995 4327 3176 4391 suavi
3208 4326 3510 4408 dulcique
3541 4345 3696 4391 sono
3725 4326 3893 4389 cani-

2407 4435 2532 4490 tur.
2570 4429 2805 4490 Horum
2836 4427 3106 4508 vestigia
3135 4425 3324 4488 multi
3356 4435 3732 4507 sequuntur,
3778 4425 3890 4507 qui

2407 4527 2723 4608 quidquid
2745 4526 3202 4590 exhortationis
3225 4523 3773 4608 correptionisque
3790 4545 3893 4588 au-

2404 4625 2610 4701 diunt,
2646 4627 2713 4688 in
2755 4626 2956 4688 risum
2997 4633 3061 4688 et
3095 4624 3310 4705 jocum
3349 4631 3626 4688 vertunt.

2484 4729 2578 4786 De
2612 4727 2839 4804 fructu
2878 4727 3007 4784 oris
3049 4725 3158 4784 sui
3197 4725 3380 4784 homo
3418 4723 3766 4784 satiabitur
3795 4727 3890 4784 bo·

2403 4825 2529 4886 nis.
2566 4823 2692 4886 Hoc
2729 4832 2825 4887 est
2864 4823 3033 4904 quod
3071 4822 3138 4883 in
3182 4820 3563 4904 praecedenti
3609 4821 3888 4902 capitulo

2403 4919 2658 5001 legitur,
2711 4921 2796 4983 De
2851 4918 3067 4982 fructu
3121 4920 3250 4982 oris
3299 4918 3397 4979 sui
3448 4917 3886 5000 unusquisque

3919 4189 3984 4231 32.

4024 4743 4058 4797 2

3949 4947 4072 4990 Prw.
4099 4961 4171 4999 ιιι,

2405 5017 2753 5099 replebitur
2782 5016 2990 5081 bonis.
3005 5019 3252 5080 Anima
3271 5026 3488 5078 autem
3507 5018 3882 5094 impiorum,
3915 5012 3977 5053 ¹⁴·

801 5111 1020 5176 auditu
1051 5111 1307 5191 mentiS,
1339 5135 1543 5194 quum
1570 5117 1901 5191 arquitur.
1928 5109 2104 5195 Saepe
2136 5132 2292 5195 quo-
2323 5113 2376 5176 D
2405 5116 2470 5178 id
2509 5123 2606 5178 est
2635 5116 2700 5177 in
2733 5115 2930 5179 Deum
2969 5114 3393 5198 peccantium,
3415 5123 3512 5178 est
3539 5116 3796 5196 iniqua,
3821 5114 3886 5176 id

2402 5221 2500 5276 est
2548 5212 2808 5294 injusta,
2841 5215 2994 5295 quia
3037 5233 3076 5276 a
3119 5214 3262 5292 Det),
3295 5213 3410 5295 qui
3447 5221 3544 5276 est
3590 5230 3889 5276 mensura

2401 5331 2476 5375 ac
2523 5312 2741 5392 regula
2787 5312 2998 5376 omnis
3039 5311 3460 5388 rectitudinis,
3493 5319 3590 5374 est
3638 5329 3885 5374 aversa.
