4284 6267
1042 519 1394 567 mannum
1435 519 1499 565 m
1542 517 1679 564 GAP.
1724 517 1831 563 xvl
1866 515 2350 566 Pnovnnmonnn.
2395 537 2479 550 --
2518 521 2660 568 ΛΒΤ.
2705 523 2810 569 xvi

3350 508 3460 570 111

356 687 753 769 perfectioni
782 692 1087 768 caritatis,
1123 692 1189 754 in
1223 711 1349 773 qua
1379 691 1489 773 qui
1524 690 1870 775 perfectior
1897 685 1946 747 A
1982 687 2152 752 niam
2200 700 2373 754 caret
2419 691 2551 770 illa,
2586 711 2785 775 quum
2829 693 2913 756 sit
2953 693 3175 758 multis
3217 695 3465 758 occasio

352 794 461 848 est
499 787 569 850 in
602 789 727 864 via,
764 791 969 873 major
1006 799 1069 853 et
1102 790 1441 871 gloriosior
1480 791 1601 854 erit
1647 791 1711 852 in
1762 809 1870 872 pa—

357 886 509 948 tria.
545 888 858 971 Denique,
890 889 1005 965 Qui
1037 889 1245 953 dulcis
1284 898 1381 952 est
1418 890 1698 971 eloqui0,
1741 909 1869 952 ma-

353 985 503 1065 jora
544 987 823 1068 reperiet
864 1008 879 1052 :
929 989 1083 1070 quia
1124 988 1382 1051 facundi
1434 989 1499 1050 in
1550 988 1765 1052 verbis
1806 995 1869 1050 et

356 1085 769 1159 sententiosi,
803 1095 955 1149 sunt
990 1088 1418 1152 communiter
1460 1087 1643 1152 valde
1692 1106 1870 1150 acce-

358 1183 457 1265 pti
508 1183 907 1262 hominibuS,
955 1194 1017 1249 et
1067 1195 1464 1268 reputantur,
1512 1204 1875 1270 magnaque¹

356 1284 704 1346 commoda
732 1294 1237 1367 consequuntur.
1257 1285 1470 1349 Dulcis
1501 1295 1713 1348 autem
1744 1285 1871 1348 elo-

356 1381 519 1461 quio
576 1392 1004 1465 nuncupatur,
1052 1384 1166 1465 qui
1225 1385 1419 1448 habet
1467 1403 1595 1448 non
1655 1385 1862 1447 solum

360 1481 601 1544 bonam
630 1471 1091 1564 expressivam,
1116 1483 1225 1546 sed
1257 1483 1491 1546 bonam
1522 1483 1731 1546 etiam·
1749 1483 1863 1544 im-

359 1580 757 1662 pressivam3
808 1601 927 1645 nec
984 1583 1192 1646 solum
1244 1590 1577 1665 promptus
1628 1590 1724 1645 est
1784 1582 1861 1644 ad

360 1679 709 1742 verborum
750 1679 1171 1762 prolationem
1216 1681 1621 1758 rhetoricam,
1648 1682 1758 1745 sed
1803 1689 1867 1744 et

360 1779 561 1840 verba
617 1779 1023 1860 sapientialia
1074 1779 1339 1862 profert.
1392 1780 1727 1863 Sapientes
1777 1790 1867 1843 et-

1977 788 2354 871 multiplicis
2401 791 2604 873 culpae
2653 802 2715 856 et
2763 781 3141 876 perditionis
3188 802 3460 857 aeternae.

1979 888 2115 970 lpse
2157 908 2412 972 quoque
2453 890 2738 955 defectus
2783 892 3074 974 loquelae,
3111 902 3206 956 est
3245 893 3465 955 multis

1977 988 2227 1051 occasio
2266 989 2506 1051 vitandi
2543 990 2794 1057 diversa
2820 992 3120 1055 vitiorum
3155 991 3460 1074 pericula,

1978 1095 2038 1148 et
2067 1086 2446 1150 humiliandi
2487 1109 2554 1152 se
2585 1090 2778 1171 ipsos.
2811 1090 3050 1154 Idcirco
3080 1090 3148 1153 in
3183 1091 3348 1155 libro
3387 1091 3465 1153 de

1975 1184 2244 1248 Civitate
2277 1187 2382 1250 Dei
2424 1189 2646 1250 asserit
2677 1188 3088 1270 AugustinuS,
3113 1190 3291 1272 quod
3331 1189 3468 1272 pul-

1975 1282 2268 1346 chritudo
2317 1293 2381 1347 et
2427 1285 2792 1366 eloquentia
2847 1287 3048 1368 magis
3099 1285 3466 1368 frequenter

1976 1381 2210 1443 dantur
2259 1383 2568 1465 reprobiS,
2625 1403 2813 1465 quam
2864 1385 3105 1462 electiS‚
3153 1405 3233 1449 ne
3279 1385 3464 1448 electi

1974 1497 2049 1540 ea
2082 1479 2272 1543 nimis
2303 1482 2762 1564 appretientur.
2784 1487 3066 1545 Duloedo
3093 1487 3335 1546 anima»
3368 1491 3465 1546 est

1974 1580 2224 1639 sanitas
2253 1583 2490 1642 ossium
2533 1603 2556 1640 .·
2591 1582 2655 1643 id
2705 1591 2820 1656 est,
2859 1581 3027 1646 bona
3077 1591 3138 1645 et
3179 1583 3461 1665 jucunda

1976 1676 2311 1758 dispositio
2359 1680 2566 1742 cordis
2617 1682 2926 1744 redundat
2977 1681 3042 1744 in
3093 1700 3346 1764 corpuS‚
3402 1689 3464 1744 et

1976 1774 2313 1840 sanitatem
2343 1779 2481 1859 ejus
2520 1787 2852 1842 conservat
2879 1779 2977 1843 vel
3011 1789 3241 1859 auget3
3288 1779 3465 1841 simi-

360 1875 538 1938 enim
572 1878 899 1940 auditores
943 1879 1247 1959 maj0rem
1282 1879 1566 1942 sentiunt
1598 1879 1867 1942 delecta·
1900 1877 1947 1939 B
1979 1873 2123 1937 liter
2163 1876 2398 1938 sanitas
2441 1877 2704 1954 ossium,
2741 1877 2805 1940 id
2840 1885 2934 1940 est
2966 1877 3135 1940 bona
3173 1877 3462 1960 corporis

360 1975 605 2038 tionem
645 1975 713 2038 in
754 1996 973 2054 sensu,
1005 1997 1197 2059 quam
1231 1978 1297 2039 in
1329 1996 1486 2040 sono
1518 1978 1857 2041 sermonis.

170 2075 237 2128 22
442 2077 619 2136 Fons
644 2078 820 2147 vitae,
852 2078 1133 2137 eruditio
1156 2078 1544 2154 possidentis
1574 2095 1597 2138 .·
1628 2077 1691 2139 id
1736 2085 1852 2153 est,

358 2173 657 2236 doctrina
684 2182 749 2238 et
779 2172 1150 2238 informatio
1172 2176 1309 2256 ejus
1339 2174 1451 2256 qui
1480 2175 1860 2258 sapientiam

358 2271 669 2353 possidet,
693 2273 979 2355 disponit
1010 2274 1408 2338 audientium
1442 2276 1635 2339 corda
1666 2277 1742 2338 ad
1780 2276 1865 2336 vi·

360 2379 487 2432 tam
530 2372 775 2452 gratiae,
812 2372 1347 2454 adeptionemque
1394 2373 1634 2454 glorias,
1684 2392 1863 2437 revo-

356 2470 563 2533 cando
592 2489 706 2534 eos
736 2490 775 2532 a
802 2470 999 2544 vitiis,
1034 2479 1098 2534 et
1134 2472 1217 2535 ad·
1259 2471 1703 2554 poenitentiam
1744 2491 1855 2536 seu

355 2567 721 2651 profectum
770 2569 1083 2632 virtutum
1131 2570 1498 2634 alliciendo.
1545 2574 1859 2633 Doctrina

106 2683 230 2726 Prot.
246 2689 330 2736 1,7.
356 2671 731 2742 stultorum,
762 2670 1064 2745 samita-3.
1102 2669 1228 2732 Hoc
1271 2670 1692 2752 praehabitum
1739 2678 1857 2732 est.

168 2774 237 2828 23
364 2801 437 2814 —
472 2768 593 2827 Cor
627 2769 945 2844 sapientis
988 2770 1246 2830 erudiet
1284 2789 1349 2829 os
1390 2771 1534 2848 ejus
1564 2790 1586 2828 .·
1621 2769 1685 2831 id
1736 2777 1856 2846 est,

362 2864 621 2947 sapiens
652 2884 767 2947 per
800 2866 1183 2949 sapientiam
1212 2867 1312 2930 sui
1344 2867 1730 2944 intellectuS‚
1762 2868 1860 2929 di-

363 2963 523 3044 riget
548 2983 624 3026 os
653 2983 841 3027 suum
867 2965 948 3028 ad
980 2965 1369 3047 loquendum
1399 2966 1701 3044 salubria,
1722 2967 1861 3031 loco

1975 1972 2304 2050 habitudo,
2329 1976 2640 2038 redundat
2672 1976 2736 2038 in
2768 1977 3070 2053 animam,
3097 1985 3158 2039 et
3190 1996 3328 2039 eam
3359 1976 3466 2040 ob-

1972 2071 2182 2134 lectat.
2217 2073 2484 2136 Possunt
2532 2094 2787 2157 quoque
2835 2095 2950 2158 per
2999 2094 3142 2139 ossa
3189 2075 3460 2139 virtutes

1972 2170 2243 2252 intelligi
2277 2190 2290 2234 :
2326 2192 2597 2254 quarum
2637 2174 2896 2250 sanitaS,
2933 2174 2995 2236 id
3029 2183 3123 2237 est
3163 2173 3463 2236 immuni-

1972 2278 2064 2332 tas
2095 2289 2131 2332 a
2161 2270 2421 2335 laesione
2452 2273 2716 2355 peccati,
2751 2274 3081 2338 sinceritas
3113 2293 3226 2336 seu
3259 2272 3463 2355 perfe-

1970 2368 2119 2446 ctio,
2152 2369 2434 2451 jucuuda
2470 2380 2564 2434 est
2611 2373 2860 2448 animae,
2899 2373 3203 2455 quoniam
3257 2372 3462 2436 virtus

1970 2487 2047 2530 ex
2087 2488 2204 2531 sua
2239 2477 2467 2533 natura
2502 2471 2898 2536 delectabilis
2941 2480 3058 2535 est.

2055 2571 2168 2629 Est
2213 2571 2321 2630 via
2359 2589 2504 2650 quoe
2550 2572 2811 2631 videtur
2856 2573 3111 2632 homini
3160 2581 3355 2642 recta,
3405 2580 3464 2632 et
3585 2589 3658 2644 25

1970 2669 2322 2730 novissima
2349 2671 2489 2747 ejus
2524 2673 2852 2732 deducunt
2889 2675 2978 2732 ad
2999 2681 3302 2733 mortem.
3336 2671 3462 2736 Hoc

1970 2768 2449 2848 quartodecimo
2493 2769 2774 2852 capitulo
2817 2770 3173 2852 expositum
3223 2779 3340 2834 est.
3384 2805 3466 2817 —
3516 2785 3752 2840 Promw,

1970 2869 2215 2929 Anima
2246 2869 2600 2930 laborantis
2631 2872 2878 2930 laborat
2904 2870 3054 2941 sibi,
3085 2869 3146 2932 id
3181 2878 3295 2947 est,
3329 2869 3466 2934 ani-
3493 2850 3557 2892 η·
3586 2906 3658 2961 23

1971 2983 2075 3026 ma
2110 2964 2464 3028 exercentis
2507 2983 2702 3047 opera
2732 2967 3088 3049 corporalia
3129 2976 3237 3030 aut
3277 2967 3464 3049 spiri-

361 3069 425 3124 et
454 3071 743 3144 tempore
773 3072 1155 3146 opportuno,
1190 3072 1361 3128 recta
1390 3064 1766 3143 intentione,
1799 3074 1862 3129 et
1895 3065 1938 3130 C
1972 3062 2167 3125 tualia
2206 3062 2394 3140 bona,
2433 3062 2586 3126 facit
2629 3083 2702 3126 ea
2746 3065 2825 3127 ad
2866 3085 3051 3128 suum
3102 3064 3457 3148 profectum

360 3179 507 3222 cum
552 3161 969 3224 discretionis
1017 3162 1504 3243 moderatione3
1556 3175 1616 3226 et
1668 3167 1859 3226 tabiis

360 3261 549 3320 illius
576 3263 773 3320 addet
802 3261 1119 3337 qratiam]
1154 3261 1220 3322 id
1257 3269 1355 3323 est
1392 3262 1863 3344 acceptabilita-

363 3365 488 3419 tem
520 3357 589 3418 in
636 3357 979 3439 loquendo,
1016 3377 1127 3421 seu
1169 3357 1447 3422 fructum
1491 3360 1854 3440 locutioniS‚

364 3455 453 3517 ita
478 3457 653 3537 quod
692 3456 889 3520 verba
916 3457 1057 3538 ejus
1086 3457 1429 3522 audientur
1469 3459 1765 3538 libenter,
1798 3469 1861 3524 et

92 3563 335 3650 samm,
366 3553 876 3618 fructificabunt.
902 3555 1060 3618 Hinc
1088 3556 1249 3618 dixit
1276 3557 1589 3639 Propheta
1620 3577 1633 3621 :
1669 3558 1806 3620 Dixi
1838 3577 1853 3621 t

95 3655 127 3668 ”·
364 3651 731 3717 Custodiam
782 3653 918 3718 vias
966 3673 1160 3732 meas,
1196 3654 1258 3717 id
1298 3663 1394 3718 est
1438 3656 1857 3738 cogitationes

367 3759 427 3812 et
466 3750 876 3830 affectioneS‚
927 3761 995 3815 ut
1040 3772 1168 3816 non
1211 3754 1578 3836 delinquam
1622 3755 1690 3817 in
1740 3755 1863 3818 lin-

366 3869 489 3931 gua
519 3869 684 3928 mea,
718 3851 784 3914 id
824 3860 942 3928 est,
975 3871 1058 3914 ne
1098 3872 1174 3916 ex
1213 3852 1592 3916 irrefrenata
1620 3855 1861 3936 cogita-

372 3948 539 4012 tione
568 3957 681 4012 aut
714 3949 1077 4014 inordinata
1104 3949 1450 4015 affectione
1486 3953 1568 4015 ad
1600 3953 1863 4034 loquen-

366 4047 516 4110 dum
550 4067 989 4131 prorumpam.

179 4149 247 4203 24
450 4151 667 4209 Favus
704 4149 915 4208 mellis
958 4155 1110 4210 sunt
1157 4152 1347 4210 verba
1388 4153 1761 4228 composita,
1795 4152 1858 4214 id

1970 3168 2077 3222 aut
2108 3162 2532 3236 commodum,
2569 3170 2630 3226 et
2661 3182 2775 3245 pro
2807 3163 3180 3228 necessariis
3208 3165 3460 3247 corpori

1968 3269 2075 3322 aut
2104 3260 2354 3324 animae.
2389 3262 2532 3324 ldeo
2560 3271 2776 3325 monet
2803 3263 3140 3345 Apostolus
3174 3281 3187 3326 :
3223 3263 3466 3328 Labora
3519 3284 3556 3328 u
3579 3285 3751 3339 mmm.

1968 3359 2135 3422 sicut
2165 3360 2370 3424 bonus
2401 3360 2584 3423 miles
2611 3361 2877 3440 Christi3
2908 3369 2971 3425 et
3003 3380 3238 3439 rursuS,
3257 3362 3462 3426 Labor
3489 3349 3540 3452 ³]
3559 3411 3660 3456 Cor·
3679 3427 3748 3466 xv,

1970 3467 2178 3522 vester
2201 3478 2329 3522 non
2360 3459 2482 3522 crit
2505 3459 2714 3523 inanis
2740 3461 2806 3522 in
2833 3461 3124 3541 Domin03
3159 3461 3455 3543 itemque,
3487 3475 3555 3516 ⁵⁸·

1970 3557 2417 3640 Unusquisque
2455 3559 2724 3642 accipiet
2759 3561 3106 3623 secundum
3147 3581 3332 3624 suum
3375 3561 3462 3624 la·
3504 3580 3748 3635 manns.

1968 3656 2210 3720 horem.
2233 3660 2399 3727 Quia
2417 3661 2727 3736 compulit
2742 3677 2889 3719 eum
2909 3661 2984 3722 ad
3017 3659 3455 3738 laborandum,

1968 3776 2035 3817 os
2062 3755 2365 3824 suum,id
2396 3765 2490 3819 est
2523 3775 2730 3820 sermo
2761 3775 2890 3839 quo
2921 3777 2988 3820 se
3017 3759 3354 3822 adstrinxit
3383 3761 3457 3822 ad

1970 3854 2133 3918 bene
2174 3855 2488 3934 agendum
2533 3855 2599 3918 in
2646 3854 2824 3919 fonte
2856 3855 3181 3938 Baptismi,
3216 3856 3281 3918 in
3331 3877 3464 3920 sus-

1970 3953 2263 4036 ceptione
2300 3953 2545 4016 ordinis
2584 3953 2768 4030 sacri,
2807 3963 2916 4016 aut
2954 3953 3020 4016 in
3063 3953 3461 4036 professione

1970 4052 2340 4128 monastica,
2367 4052 2466 4115 vel
2501 4053 2568 4114 in
2599 4052 2736 4115 foro
2763 4051 3208 4131 confessioniS,
3229 4054 3364 4117 sive
3394 4054 3462 4116 in

1970 4160 2115 4213 actu
2143 4149 2612 4233 praedicationis
2639 4168 2653 4213 ε
2683 4151 2835 4233 quia
2863 4153 3035 4233 quod
3063 4153 3224 4216 alios
3252 4153 3459 4231 docet,

366 4254 458 4307 est
506 4246 820 4323 ordinate,
858 4243 1153 4323 facunde,
1186 4247 1507 4329 sapienter
1548 4248 1795 4330 prolata
1842 4269 1855 4314 ε
1892 4254 1942 4316 D
1974 4247 2183 4312 facere
2211 4249 2549 4330 obligatur.
2571 4250 2652 4313 Os
2684 4268 2940 4332 quoque
2970 4252 3299 4333 corporale
3333 4271 3462 4335 quo

368 4343 667 4424 quoniam
710 4343 1109 4408 audientium
1140 4363 1325 4408 aures
1364 4365 1437 4408 ac
1476 4356 1721 4410 mentes
1754 4349 1863 4411 de-

369 4441 623 4519 lectant,
670 4444 1209 4525 quemadmodum
1262 4443 1448 4508 favus
1498 4445 1707 4509 mellis
1754 4467 1863 4528 gu·

368 4549 556 4602 stum.
591 4541 735 4604 ldeo
767 4540 1005 4604 Seneca
1034 4549 1299 4604 testatur
1332 4559 1345 4604 :
1380 4543 1603 4606 Comes
1640 4543 1862 4608 facun-

368 4639 483 4701 dus
531 4640 601 4701 in
644 4639 749 4702 via
788 4657 905 4721 pro
944 4639 1240 4703 vehiculo
1283 4649 1400 4703 est.
1435 4640 1861 4723 Spiritualiter

368 4747 601 4816 autem,
637 4737 834 4800 verba
882 4737 1223 4820 Scripturae
1270 4739 1643 4803 dulcissima
1688 4750 1855 4820 sunt,

258 4867 345 4906 vm,
374 4845 555 4917 prout
585 4836 761 4899 canit
798 4836 1330 4918 psalmographus
1367 4858 1381 4901 :
1414 4836 1611 4912 Quam
1651 4838 1861 4901 dulcia

378 4931 665 4997 faucibus
706 4934 866 4997 meis
904 4935 1159 5016 eloquia
1200 4943 1344 4998 tuat
1387 4955 1579 5018 super
1611 4936 1734 4999 mel
1767 4937 1861 5000 ori

376 5052 529 5097 meo.
556 5034 1034 5111 Verumtamen,
1064 5034 1356 5115 quamvis
1385 5034 1749 5115 eloquentia
1781 5035 1862 5098 sit

375 5131 604 5195 donum
656 5141 902 5196 naturae
952 5151 1079 5195 non
1132 5151 1420 5215 parvum,
1474 5151 1601 5195 non
1650 5141 1859 5196 tamen

374 5239 465 5292 est
488 5231 858 5313 importune
889 5231 1240 5312 optandum
1270 5239 1381 5293 aut
1410 5231 1604 5293 nimis
1634 5251 1863 5314 appre-

371 5329 675 5407 tiandum,
714 5349 835 5392 nec
874 5329 1235 5392 contristari
1274 5329 1419 5410 quis
1458 5331 1645 5393 debet
1690 5349 1855 5412 quo-

106 4885 197 4960 103.-

1970 4347 2246 4410 comedit
2272 4347 2484 4422 homo,
2519 4347 2846 4429 compellit
2875 4368 3020 4412 eum
3051 4349 3130 4412 ad
3159 4349 3380 4413 labora
3393 4370 3460 4412 n-

1970 4447 2122 4509 dum
2160 4464 2276 4528 pro
2313 4445 2744 4509 sustentaculo
2781 4447 2943 4511 vitae.
2979 4447 3286 4512 Similiter
3333 4449 3462 4532 pri·-

1970 4563 2113 4605 mus
2139 4543 2329 4606 homo
2355 4543 2435 4605 de
2464 4543 2759 4625 paradiso
2789 4546 3112 4627 expulsus,
3141 4545 3460 4609 laboravit

1970 4640 2092 4704 sibi
2126 4641 2646 4723 promecessariis
2687 4641 2832 4706 vitae
2867 4643 3063 4723 (sicut
3092 4643 3334 4708 dictum
3364 4653 3460 4707 est

1970 4739 2044 4815 ei,
2064 4739 2132 4801 ln
2163 4741 2392 4802 sudore
2415 4739 2624 4802 vultus
2656 4739 2750 4802 tui
2773 4741 3049 4804 vesceris
3080 4761 3246 4824 pane
3279 4745 3452 4824 tuo):
3488 4759 3752 4813 Gen-nmo.

1970 4838 2123 4920 quia
2167 4838 2479 4919 compulit
2525 4856 2669 4901 eum
2714 4857 2784 4901 os
2823 4859 3031 4916 suum,
3067 4839 3131 4902 id
3181 4848 3276 4903 est
3312 4859 3460 4922 pec-

1971 4945 2181 4999 catum
2214 4937 2382 5017 quod
2413 4936 2734 4999 commisit
2763 4955 2871 5000 ore
2901 4937 3174 5019 proprio,
3198 4939 3460 5001 mandu-

1971 5036 2174 5098 cando
2218 5035 2296 5096 de
2340 5053 2530 5116 pomo
2573 5035 2897 5117 prohibito
2933 5053 2947 5096 ε
2991 5044 3248 5118 propter
3287 5038 3458 5118 quod

1976 5131 2095 5194 fuit
2132 5133 2456 5214 expulsuS,
2492 5132 2942 5214 laboribusque
2977 5134 3288 5196 addictuS.

2066 5233 2181 5290 Vir
2201 5233 2444 5308 impius
2461 5233 2632 5308 fodit
2652 5236 2926 5302 malum,
2942 5230 3008 5293 id
3037 5239 3153 5310 est,
3179 5231 3459 5314 exquirit
3579 5242 3651 5297 27

1968 5349 2043 5393 ac
2079 5328 2394 5409 excogitat
2435 5328 2708 5410 qualiter
2751 5348 2940 5412 prava
2983 5349 3098 5393 sua
3142 5330 3458 5395 desideria
