4284 6267
60 2252 345 2301 Rom.1‚2⁰,

54 2317 120 2357 19.

1008 490 1361 539 malumno
1402 491 1465 538 IN
1509 490 1647 537 CAP-
1694 490 1807 537 xm
1848 491 2006 538 LIBRI
2049 492 2409 539 SAPIENTIAE.
2456 513 2537 523 —
2576 493 2718 541 ΛΒΤ.
2764 494 2874 541 1111

3363 477 3478 541 531

383 660 545 723 lium
596 669 661 723 et
708 660 1130 739 moventium,
1166 671 1360 745 atque
1410 663 1787 742 regentium,
1822 670 1885 725 et
1916 659 1966 722 A
1998 664 2078 723 Si
2103 665 2280 723 enim
2315 673 2570 725 tantum
2590 675 2944 741 potuerunt
2969 666 3158 735 scire,
3189 663 3254 727 id
3291 672 3388 727 est
3417 664 3484 726 in

380 777 459 821 ex
489 758 717 822 ordine
746 759 1055 836 universi,
1090 768 1153 823 et
1180 760 1629 823 decentissima
1662 779 1886 823 couca-

379 857 709 921 tenatione
754 866 817 921 et
868 858 1348 922 coordinatione
1398 860 1750 940 specierum
1796 858 1885 940 ip-

378 955 537 1031 sius,
602 964 795 1037 atque
850 976 925 1019 ex
980 956 1127 1019 aliis
1177 957 1400 1019 multis
1452 949 1880 1033 concluditur,

374 1054 553 1134 quod
600 1054 685 1116 sit
723 1073 925 1117 unum
966 1054 1245 1137 primum
1283 1062 1345 1118 et
1383 1048 1705 1118 summum
1743 1075 1879 1132 em,

374 1152 591 1233 prima
648 1152 937 1216 omnium
996 1172 1209 1231 causa,
1264 1152 1509 1235 primus
1568 1162 1775 1218 rector
1821 1163 1885 1217 et

376 1257 611 1312 motor.
648 1249 910 1327 RursuS,
942 1270 1144 1333 quum
1177 1270 1304 1315 non
1336 1251 1421 1313 sit
1449 1269 1783 1334 processus
1815 1250 1881 1313 in

374 1345 744 1423 infinitum,
778 1356 842 1412 et
891 1349 1221 1413 videamus
1266 1349 1467 1411 multa
1508 1368 1693 1411 suum
1745 1369 1883 1412 esse

375 1444 641 1508 aliunde
700 1445 939 1523 sortiri,
990 1465 1249 1510 necesse
1308 1454 1404 1510 est
1456 1447 1757 1511 devenire
1802 1448 1882 1510 ad

374 1561 579 1605 unum
614 1544 896 1626 primum
926 1552 991 1607 et
1019 1545 1397 1608 increatum.
1434 1546 1510 1607 Et
1538 1545 1687 1627 quia
1718 1544 1878 1608 nihil

372 1649 475 1703 est
506 1641 981 1724 imperfectum,
1018 1643 1144 1706 nisi
1187 1643 1253 1705 in
1285 1654 1593 1725 quantum
1625 1644 1816 1706 distat
1844 1663 1881 1707 a

375 1740 557 1804 sonte
606 1760 739 1803 suae
786 1741 1224 1823 perfectioniS,
1278 1750 1529 1824 oportet
1586 1742 1705 1805 hoc
1751 1743 1881 1825 pri-

1996 760 2264 824 scientia
2298 762 2632 843 proficere,
2657 773 2726 824 ut
2745 774 2999 841 possent
3026 766 3347 825 aestimare
3377 786 3485 825 sae-

1992 863 2238 933 culum,
2287 860 2350 921 id
2398 869 2494 922 est
2542 860 2938 943 probabilem
2988 861 3221 925 habere
3269 862 3486 943 cogni-

1994 958 2234 1021 tionem
2291 960 2370 1022 de
2427 961 2688 1037 mund0‚
2733 969 2795 1022 et
2847 962 2926 1024 de
2974 961 3220 1037 ordine,
3267 981 3480 1037 cursu,

1993 1057 2523 1139 successioneque
2553 1076 2799 1137 rerum;
2822 1063 3132 1138 quomodo
3151 1062 3351 1138 hujus
3369 1066 3488 1124 Do-

1995 1157 2248 1216 minum
2278 1157 2549 1233 facilius
2577 1176 2707 1217 non
2728 1159 3158 1218 invenerunt?
3177 1157 3243 1220 id
3272 1168 3390 1237 est,
3416 1159 3484 1221 in

1993 1253 2112 1316 boc
2161 1255 2559 1336 negligenter
2600 1264 2666 1318 et
2705 1255 3224 1319 irrationabiliter
3259 1276 3327 1320 se
3373 1258 3486 1321 ha-

1992 1352 2250 1429 bebant,
2284 1353 2455 1434 quod
2487 1372 2562 1415 ex
2593 1353 2783 1417 rebus
2814 1354 3043 1417 creatis
3074 1363 3137 1417 et
3165 1357 3481 1439 praetactis

1990 1467 2210 1511 carum
2261 1450 2903 1529 considerationibuS‚
2957 1452 3171 1515 statim
3219 1471 3347 1516 non
3397 1461 3484 1515 at-

1990 1548 2334 1611 tenderunt
2361 1551 2579 1612 omnia
2617 1550 2737 1612 ista
2775 1550 2856 1612 ab
2894 1570 3024 1614 uno
3063 1550 3271 1633 primo
3311 1551 3482 1633 prin-

1988 1646 2159 1728 cipio
2203 1644 2612 1728 profluxisse,
2647 1667 2842 1729 quum
2891 1648 3099 1711 omnis
3137 1648 3482 1713 multitudo

1990 1745 2291 1825 procedat
2319 1745 2400 1806 ab
2434 1763 2583 1822 uno,
2617 1754 2682 1807 et
2711 1764 2900 1809 omne
2927 1746 3376 1829 participatum
3407 1766 3480 1809 ac

374 1859 553 1903 mum
598 1858 713 1902 ens
753 1837 937 1903 fateri
982 1838 1247 1903 omnino
1290 1840 1647 1922 perfectum
1686 1850 1878 1923 atque
1916 1838 1962 1899 B
1991 1843 2357 1925 dependens
2407 1854 2470 1906 et
2505 1843 2975 1926 imperfectum,
3014 1846 3352 1908 reducatur
3401 1845 3482 1907 fi-

374 1946 712 2001 aeternum.
765 1937 944 2001 Unde
990 1956 1069 2001 ex
1108 1938 1209 2001 his
1258 1939 1877 2003 considerationibus

374 2045 809 2119 cognoverunt
840 2036 1135 2099 meliores
1165 2036 1529 2120 philosophi
1562 2039 1753 2101 multa
1785 2058 1878 2101 ve-

372 2154 447 2197 ra
487 2144 553 2197 et
590 2135 721 2197 alta
762 2136 840 2197 de
884 2134 1034 2211 Dee,
1070 2136 1603 2215 quemadmodum
1656 2136 1877 2199 scribit

374 2233 718 2315 Apostolus
757 2250 771 2294 ε
804 2232 1157 2296 Invisibilia
1184 2232 1294 2296 Dei
1325 2253 1362 2296 a
1385 2242 1673 2297 creatura
1702 2253 1878 2297 mun·

374 2330 464 2406 di,
503 2348 617 2411 per
662 2348 737 2393 ea
780 2348 926 2410 quae
962 2328 1131 2393 facta
1168 2339 1337 2408 sunt,
1372 2331 1691 2394 intellecta
1732 2351 1876 2395 cou-

373 2428 769 2510 spiciuntur3
802 2427 1191 2509 sempiterna
1220 2447 1475 2510 quoque
1503 2430 1705 2491 virtus
1733 2432 1875 2511 ejus

372 2536 439 2589 et
466 2526 796 2604 divinitaS‚
822 2526 911 2589 ita
941 2534 1012 2588 ut
1040 2525 1171 2589 sint
1200 2526 1666 2591 inexcusabiles
1688 2545 1701 2589 :
1722 2530 1873 2609 quia

371 2626 547 2706 'quod
581 2632 801 2687 notum
832 2632 929 2687 est
958 2624 1091 2701 Dei,
1126 2624 1539 2687 manifestum
1575 2634 1672 2688 est
1700 2627 1766 2688 in
1800 2627 1873 2689 il-

370 2723 474 2785 lis.
508 2724 965 2786 Verumtamen
1006 2722 1135 2799 isti,
1182 2723 1295 2804 qui
1334 2723 1582 2787 nobiles
1632 2733 1871 2787 creatu-

370 2841 473 2883 ras
503 2821 805 2884 dixerunt
832 2821 1005 2896 deOS,
1042 2830 1193 2883 sunt
1229 2821 1442 2884 minus
1477 2823 1870 2903 reprehensi-

369 2918 535 2982 biles
576 2937 770 3000 quam
812 2918 926 2999 qui
971 2917 1315 2981 vilissimas
1363 2918 1666 2982 bestiolas
1715 2921 1869 2984 deos

370 3016 709 3099 putabant.
757 3016 901 3079 Ideo
940 3015 1238 3079 subditur
1275 3034 1289 3078 ε

452 3118 585 3177 Sed
616 3125 831 3175 tamen
859 3116 1072 3175 adhuc
1109 3116 1181 3174 in
1212 3116 1315 3175 his
1345 3114 1435 3177 ita
1481 3116 1863 3195 errantibus,

372 3216 593 3275 minor
616 3224 709 3275 est
736 3218 1021 3294 querela,
1056 3212 1118 3275 id
1160 3222 1257 3276 est
1286 3214 1475 3295 culpa
1513 3233 1623 3277 seu
1660 3233 1868 3298 repre·

367 3312 619 3389 hensio,
655 3330 847 3392 quam
894 3311 961 3373 in
1000 3310 1167 3388 aliis,
1201 3311 1280 3374 de
1318 3311 1556 3393 quibus
1594 3312 1860 3378 dicetur.

364 3413 453 3473 Ec
499 3412 574 3471 hi
614 3412 793 3472 enim
831 3411 1125 3487 fortassis
1162 3421 1413 3479 errant,
1446 3414 1651 3473 Deum
1697 3434 1865 3491 quoe-

362 3518 602 3578 rences,
630 3516 689 3567 et
738 3511 1012 3568 volentes
1058 3509 1377 3569 invenire.
1411 3508 1547 3571 Non
1597 3509 1861 3572 dubium

364 3605 528 3686 quin
578 3612 795 3667 errent
838 3622 851 3666 τ
897 3604 1135 3667 idcirco
1172 3605 1346 3686 quod
1383 3605 1493 3681 ait,
1531 3606 1859 3681 FortassiS‚

364 3702 781 3765 referendum
813 3709 909 3765 est
937 3702 1017 3765 ad
1048 3702 1385 3784 participia
1416 3702 1547 3779 illa,
1573 3703 1864 3777 Quaeren·

365 3809 487 3876 teS‚
530 3809 615 3877 et,
647 3800 971 3864 volentes,
1018 3799 1303 3863 Forsitan
1352 3800 1549 3879 enim,
1594 3802 1863 3867 dicendo

369 3898 690 3961 nobiliora
715 3916 989 3979 quaeque
1028 3916 1169 3961 esse
1205 3898 1381 3975 deOS,
1422 3908 1735 3980 quaerunt,
1769 3901 1865 3963 in-

368 3996 719 4077 venireque
769 3996 995 4061 volunt
1040 3997 1260 4074 Deum,
1308 4015 1499 4078 quem
1548 3998 1866 4061 aestimant

368 4094 652 4177 aliquem
684 4112 1009 4174 magnum.
1042 4096 1303 4157 Etenim
1332 4116 1537 4174 quum
1564 4098 1637 4156 in
1667 4100 1867 4174 operi-

1993 1939 2222 2003 naliter
2269 1940 2350 2003 ad
2398 1941 2655 2022 aliquod
2706 1941 3273 2024 imparticipatum,
3307 1942 3481 2007 inde-

1986 2039 2272 2121 pendens
2313 2059 2386 2103 ac
2424 2040 2800 2122 perfectum.
2835 2040 3145 2122 Denique,
3179 2042 3344 2104 sicut
3386 2043 3480 2105 ni-

1986 2137 2078 2199 hil
2110 2146 2207 2201 est
2239 2136 2957 2220 incomprehensibilius
2988 2140 3134 2215 De0,
3168 2148 3474 2221 quantum

1984 2237 2060 2297 ad
2099 2235 2255 2316 quid
2296 2244 2428 2316 est3
2463 2237 2555 2300 sic
2597 2237 2763 2299 nihil
2803 2236 3056 2300 facilius
3097 2248 3204 2301 aut
3243 2239 3476 2303 certius

1984 2342 2081 2396 est
2108 2335 2258 2410 Deo,
2293 2342 2604 2415 quantum
2643 2336 2721 2397 ad
2769 2334 2921 2417 quia
2961 2344 3080 2399 est.
3114 2337 3243 2401 lmo
3291 2337 3476 2401 multi

1982 2432 2198 2512 magni
2243 2433 2561 2510 dixerunt,
2595 2434 2766 2515 quod
2797 2434 2995 2496 Deum
3037 2454 3197 2509 esse,
3242 2436 3324 2498 sit
3363 2456 3478 2519 per

1982 2550 2049 2593 se
2090 2540 2336 2594 notum.
2373 2531 2823 2594 Verumtamen
2863 2532 3056 2595 Deum
3098 2552 3478 2613 cognoscere

1981 2637 2292 2709 quantum
2323 2630 2403 2691 ad
2443 2628 2660 2710 aliqua
2699 2629 3003 2692 attributa
3043 2631 3268 2713 ipsiuS,
3301 2632 3479 2697 diffi-

1978 2727 2100 2790 cile
2152 2734 2248 2789 est
2290 2744 2304 2789 :
2349 2726 2568 2807 sicque
2611 2726 2984 2790 verificatur
3032 2731 3206 2810 quod
3251 2732 3476 2794 asserit

1975 2824 2164 2899 Plato,
2178 2824 2541 2889 Genitorem
2565 2823 3000 2907 opificemque
3028 2826 3327 2904 universi,
3347 2836 3472 2893 tam

1975 2922 2252 2986 difficile
2283 2923 2577 3000 inveniri,
2600 2942 2790 3003 quam
2823 2924 3154 2987 inventum
3190 2925 3476 3008 impossi-

1902 3021 1945 3086 C
1976 3021 2105 3085 bile
2135 3022 2328 3101 digne
2357 3020 2568 3084 effari.
2602 3021 2680 3083 Et
2709 3021 2831 3085 boc
2868 3032 3173 3086 consonat
3211 3024 3268 3087 ei
3299 3027 3472 3106 quod

1976 3119 2279 3201 scriptum
2307 3127 2403 3183 est
2423 3136 2437 3180 ε
2457 3118 2656 3199 Digne
2684 3138 2830 3183 eum
2863 3120 3148 3184 invenire
3176 3140 3305 3186 non
3337 3142 3475 3205 pos·
3509 3144 3594 3188 ,τοι
3609 3158 3761 3199 nm..

1975 3236 2219 3289 summ,
2265 3224 2329 3279 et
2375 3218 2657 3279 enarrari
2709 3236 2834 3281 non
2887 3227 3113 3301 potest.
3156 3218 3331 3294 Quod
3382 3231 3473 3285 ta·
3499 3209 3568 3251 ²⁸·

1976 3334 2122 3378 men
2153 3316 2233 3377 de
2264 3314 2636 3379 invent-ione
2663 3317 2771 3379 Dei
2803 3319 3011 3398 quoad
3043 3318 3201 3399 quid
3229 3328 3343 3397 est,
3365 3339 3472 3403 po-

1974 3421 2097 3476 test
2140 3412 2440 3493 intelligi.

2050 3511 2525 3592 Consequenter
2554 3513 2928 3591 ostenditur,
2947 3516 3118 3594 quod
3147 3517 3468 3599 praedictis

1974 3609 2367 3673 infeliciores
2399 3618 2569 3686 sunt,
2603 3610 2715 3690 qui
2756 3611 2946 3673 rebus
2991 3613 3360 3677 inanimatis
3395 3636 3468 3679 ac

1974 3707 2210 3771 vilibus
2240 3708 2536 3771 deitatem
2568 3707 3022 3774 attribuebant.
3041 3714 3347 3790 Infelices
3364 3735 3467 3775 aa·

1976 3816 2099 3867 tem
2132 3816 2312 3875 sunt,
2353 3804 2418 3868 id
2465 3814 2562 3868 est
2607 3807 2988 3871 aeternaliter
3036 3810 3462 3887 condemnati,

1973 3911 2082 3966 aut
2130 3904 2306 3984 digni
2358 3904 2670 3981 damnari,
2701 3915 2762 3965 et
2799 3907 2974 3967 inter
3006 3918 3288 3970 mortuos
3330 3930 3468 3988 spes

1974 4005 2242 4064 illorum
2285 4013 2399 4071 est,
2443 4002 2508 4064 id
2554 4011 2673 4080 est,
2713 4021 2839 4066 non
2889 4004 3034 4086 plus
3082 4009 3463 4089 sperandum

1972 4101 2051 4162 de
2079 4117 2300 4163 eorum
2333 4101 2559 4178 salute,
2593 4120 2788 4182 quam
2829 4102 2908 4166 de
2949 4113 3368 4184 mortuorum,
3401 4107 3466 4170 id

368 4197 484 4255 bus
512 4195 699 4253 illius
726 4203 1197 4261 conversentur,
1222 4192 1285 4254 id
1315 4201 1431 4269 est,
1456 4213 1653 4275 quum
1685 4212 1867 4258 occu·
1892 4204 1941 4265 D
1974 4207 2067 4261 est
2106 4215 2321 4261 rerum
2352 4216 2478 4261 non
2512 4198 2890 4275 viventium,
2922 4220 3036 4264 seu
3066 4202 3132 4264 in
3162 4203 3338 4267 vitiis
3368 4205 3468 4268 de-

368 4299 526 4373 pent
564 4310 631 4353 se
668 4291 735 4353 in
780 4290 1399 4354 considerationibus
1431 4299 1863 4356 creaturarum

366 4389 503 4465 Dei,
526 4391 880 4469 inquirunt
910 4389 1093 4467 scire,
1118 4399 1178 4451 ec
1196 4409 1585 4467 persuasum
1614 4393 1862 4461 habent,

366 4490 432 4552 id
462 4496 579 4563 est,
600 4496 903 4570 tanquam
934 4487 1265 4569 probabile
1295 4496 1533 4565 tenent,
1552 4492 1863 4568 quoniam

364 4589 531 4648 bona
560 4596 711 4647 sunt
740 4608 883 4667 quoe
904 4589 1213 4648 videntur
1232 4604 1255 4648 .·
1275 4595 1340 4649 et
1367 4586 1459 4649 sic
1492 4586 1707 4668 aliquo
1738 4606 1865 4651 mo·

364 4685 449 4747 do
502 4684 667 4747 bene
712 4685 999 4747 sentiunt
1046 4686 1126 4748 de
1174 4684 1425 4761 creati8‚
1472 4693 1537 4748 et
1583 4686 1662 4748 de
1708 4686 1857 4763 Deo,

362 4783 579 4864 quoad
619 4783 741 4847 hoc
790 4784 959 4863 quod
1003 4782 1429 4846 nobilioribus
1471 4792 1537 4846 et
1574 4783 1864 4846 causabi-

366 4880 637 4944 lioribus
668 4881 855 4945 rebus
884 4880 1241 4943 attribuunt
1272 4882 1594 4945 deitatem.
1616 4882 1750 4945 Non
1781 4891 1864 4945 ta-

364 4998 515 5043 men
566 4988 715 5043 sunt
759 4978 1040 5043 totaliter
1077 4980 1493 5043 excusabiles
1526 4980 1864 5062 Propterea

367 5077 663 5159 sequitur
710 5095 725 5139 ε

449 5179 697 5238 Iterum
725 5185 941 5238 autem
978 5196 1095 5239 nec
1132 5178 1236 5237 his
1274 5179 1451 5237 debet
1489 5177 1737 5253 ignosci
1766 5194 1866 5237 er-

364 5292 475 5339 ror
518 5292 743 5339 eorum
776 5292 792 5337 :
826 5274 957 5338 imo
1002 5274 1408 5338 damnatione
1451 5282 1601 5337 sunt
1647 5273 1861 5357 digni.

1974 4295 2363 4373 functorum,
2411 4295 2762 4387 felicitate3
2813 4301 2932 4377 qui
2976 4305 3465 4379 appellaverunt

1970 4398 2115 4455 deos
2143 4414 2337 4471 opera
2359 4415 2676 4456 manuum
2695 4398 3058 4467 hominum,
3078 4398 3140 4461 id
3172 4408 3267 4463 est
3297 4401 3466 4464 idola

1974 4491 2346 4569 fabrefacta,
2373 4513 2616 4554 aurum
2644 4503 2703 4553 et
2733 4505 3093 4571 amentum,
3117 4496 3178 4560 id
3210 4507 3305 4562 est
3335 4499 3465 4563 ido·

1972 4589 2032 4653 la
2063 4589 2229 4654 facta
2257 4608 2333 4653 ex
2362 4608 2518 4654 auro
2548 4600 2609 4653 et
2639 4601 2918 4673 argento,
2938 4594 3464 4661 consimilibusve

1970 4687 2256 4750 materiis
2291 4705 2306 4750 ε
2339 4706 2483 4768 quae
2538 4706 2732 4770 opera
2777 4708 3081 4753 manuum
3131 4692 3462 4758 hominum

1971 4792 2141 4861 sunt,
2176 4794 2484 4866 quantum
2527 4787 2605 4849 ad
2646 4785 2916 4849 formam
2956 4808 3176 4854 eorum
3205 4792 3465 4855 artifici-

1969 4882 2133 4945 alem
2181 4900 2195 4944 :
2243 4883 2412 4946 unde
2461 4883 2895 4965 subjungitur,
2937 4890 3100 4950 artis
3138 4892 3462 4952 inventio-

1969 5001 2143 5050 nem,
2172 4980 2323 5061 quia
2366 5000 2480 5062 per
2522 4982 2817 5046 humanae
2857 4985 3009 5048 artis
3057 4989 3463 5070 excogitatio-

1970 5096 2115 5141 nem
2178 5077 2266 5139 ita
2325 5076 2596 5142 formata
2654 5087 2838 5159 sunt3
2886 5093 2946 5143 et
2990 5086 3460 5148 similitudines

1970 5176 2373 5237 animalium
2427 5176 2580 5239 deos
2636 5176 2956 5257 dixerunt,
3005 5192 3122 5243 aut
3171 5186 3456 5262 lapidem

1969 5275 2306 5345 inutilem,
2336 5272 2400 5335 id
2431 5282 2526 5337 est
2561 5274 2880 5357 lapideam
2917 5286 3190 5343 statuam
3223 5280 3457 5347 factam

3596 3720 3664 3776 10
