4284 6267
104 4534 212 4578 Luc.
229 4549 260 4585 1,
277 4536 346 4577 15.

127 4730 222 4775 Jer.
247 4746 278 4784 ι,
297 4734 342 4776 5.

1036 511 1386 561 ΒΝΑΒΒΑΤῙΟ
1428 512 1490 559 ΙΝ
1531 514 1669 562 GAP.
1717 516 1738 561 1
1779 515 2016 564 CANTICI
2060 516 2463 566 CAN'rxcomm.
2512 540 2590 549 —-
2630 522 2772 567 ΛΒΤ.
2807 522 2847 565 V

3385 504 3495 568 321

403 683 605 759 atque
649 680 952 743 decorant
994 682 1276 760 domum,
1317 694 1467 747 sunt
1510 695 1742 748 sanctae
1780 706 1904 749 me·
1932 686 1981 747 A
2013 688 2427 770 cipientium3
2460 692 2725 771 gradum
2770 694 3073 770 medium,
3106 712 3234 775 quo
3276 713 3503 758 convc-

403 775 778 855 ditationeS,
830 779 1258 863 virtuosaeque
1306 782 1709 859 affectioneS,
1761 776 1912 848 octo

403 874 862 955 beatitudines,
914 888 978 941 et
1033 880 1365 944 duodecim
1423 882 1690 946 fructus,
1744 884 1903 947 1³1·ae-

403 982 582 1037 terea
620 976 892 1039 virtutes
943 978 1313 1059 theologicae
1353 979 1598 1044 faciunt
1644 983 1900 1045 domum

401 1073 811 1155 spiritualem
844 1096 958 1158 per
991 1096 1057 1140 se
1099 1095 1112 1139 :
1148 1077 1444 1142 similiter
1474 1081 1737 1143 virtutes
1777 1100 1902 1145 mo-

403 1171 595 1249 raleS,
631 1180 696 1235 et
726 1172 878 1237 item
923 1175 1411 1240 intellectuales,
1445 1179 1577 1242 Imo
1608 1199 1902 1261 unaquae-

402 1286 530 1349 que
567 1270 769 1333 virtus
807 1290 918 1353 per
945 1275 1178 1353 gradus
1209 1283 1274 1338 et
1303 1283 1501 1353 actuS,
1537 1276 1900 1339 delectatio-

404 1386 521 1430 nes
552 1387 626 1431 ac
655 1370 888 1432 merita
918 1391 1057 1449 sua,
1078 1371 1289 1436 efficit
1319 1373 1579 1437 domum
1611 1393 1813 1453 suam,
1832 1377 1898 1437 in

403 1486 534 1547 qua
576 1486 853 1550 sponsus
893 1479 1180 1533 moratur
1216 1491 1361 1535 cum
1407 1491 1640 1554 sponsa
1676 1490 1690 1533 :
1725 1492 1898 1554 quae-

404 1563 564 1628 libet
601 1567 844 1630 etenim
882 1568 1086 1631 virtus
1133 1569 1325 1633 habet
1372 1589 1487 1652 pro
1534 1570 1898 1653 pavimento

399 1665 672 1744 gradum
713 1666 1044 1744 infimum,
1077 1686 1208 1750 quo
1237 1670 1542 1752 competit
1579 1670 1770 1732 statui
1804 1670 1899 1733 in-

2013 786 2108 847 nit
2137 787 2324 849 statui
2357 788 2875 870 proficientium3
2908 793 3304 873 gradumque
3336 812 3503 854 sum-

2011 903 2209 961 mum,
2261 905 2389 968 quo
2440 888 2633 949 statui
2692 890 2985 969 congruit
3044 890 3496 971 perfectorum.

2010 983 2292 1065 Denique
2323 985 2679 1066 spiritualia
2711 988 2882 1067 tigna
2912 996 2975 1049 et
3008 989 3328 1071 laquearia
3357 990 3495 1067 ista,

2010 1081 2267 1145 cedrina
2307 1083 2607 1147 dicuntur
2640 1094 2702 1149 et
2739 1086 3105 1170 cypressina
3143 1106 3156 1148 :
3192 1088 3499 1168 quoniam

2011 1181 2164 1244 boni
2205 1182 2417 1245 odoris
2458 1192 2521 1246 et
2569 1184 2911 1247 laudabilis
2961 1184 3145 1249 famae
3185 1194 3335 1249 sunt
3375 1186 3501 1249 dif-

2011 1280 2244 1354 fusiva,
2279 1290 2341 1345 et
2370 1302 2445 1345 ex
2476 1301 2543 1345 se
2579 1283 3025 1346 immaterialia
3061 1284 3250 1362 bona,
3291 1304 3326 1346 a
3360 1304 3499 1349 cor-

2011 1379 2309 1460 ruptione
2347 1379 2488 1442 vitii
2525 1380 2756 1457 aliena,
2793 1380 3209 1444 infernalium
3242 1402 3501 1465 serpen-

1953 1510 1958 1515 ·
2008 1477 2169 1538 tium
2212 1478 2543 1559 expulsiva
2578 1496 2592 1541 :
2626 1487 2816 1561 prout
2854 1480 2987 1543 haec
3032 1499 3107 1543 ex
3150 1482 3500 1563 praehabita

2008 1575 2403 1657 expositione
2462 1577 2697 1640 clarius
2754 1588 2997 1659 queunt
3054 1578 3198 1643 elici
3257 1599 3331 1643 ac
3390 1598 3501 1662 pa-

2009 1682 2164 1737 tere.

1565 2088 2215 2178 ARTICULUS
2295 2093 2355 2177 V

938 2361 1317 2410 DECLARATIO
1358 2364 1625 2411 Esusmm
1667 2364 1943 2412 CAPITULI
1985 2366 2177 2427 PRssss,
2224 2368 2301 2412 DE
2344 2367 2577 2415 SPONSA
2617 2368 2963 2417 SINGULARI.
3062 2326 3069 2339 ·

522 2642 676 2707 PON
687 2643 785 2707 SA
815 2642 1159 2724 singularis
1188 2652 1251 2706 et
1282 2642 1688 2722 singulariter
1713 2643 1900 2706 unica
1938 2645 1984 2707 B
2014 2643 2134 2707 fuit
2165 2664 2294 2727 prae
2328 2646 2575 2711 cunctis
2616 2647 2682 2709 in
2723 2656 2901 2711 utero
2937 2649 3160 2712 matris
3206 2652 3499 2734 supernis
3550 2626 3556 2631 ¹

537 2752 734 2824 atque
780 2741 1204 2805 ineffabiliter
1262 2742 1626 2824 praedilecta
1680 2742 1898 2823 sponsi

398 2842 700 2917 coeles‘tiS,
734 2850 831 2904 est
863 2841 1170 2922 virginea,
1209 2840 1553 2923 purissima
1583 2860 1654 2903 ac
1695 2860 1901 2904 sacra-

399 2941 648 3003 tissima
678 2940 871 3004 Mater
901 2940 1120 3022 ipsius,
1135 2941 1216 3003 ab
1248 2941 1386 3022 ipso
1417 2958 1651 3021 sponso
1685 2940 1900 3019 unige-

397 3038 534 3102 nito
558 3039 720 3102 Filio
750 3058 866 3103 suo
894 3039 1028 3101 fide
1060 3037 1602 3100 illuminatissima
1630 3039 1896 3119 despon-

397 3146 554 3213 sata,
611 3157 727 3220 spe
775 3137 1132 3201 certissima
1180 3135 1576 3213 subarrhata,
1632 3136 1893 3199 caritate

396 3234 878 3299 ferventissima
919 3234 1301 3317 amplexata,
1326 3234 1768 3316 copiosissime
1808 3233 1894 3297 fe—

396 3336 675 3397 cundata
733 3352 849 3415 per
909 3332 1481 3396 exuberantissima
1539 3332 1886 3412 gratiarum

393 3431 802 3495 charismata.
837 3431 996 3493 Hinc
1028 3430 1285 3493 Cantica
1317 3432 1438 3493 ista
1473 3430 1538 3491 in
1571 3429 1760 3512 hujtis
1803 3448 1893 3493 so-

393 3529 816 3594 lennitatibus
865 3549 1136 3613 sponsae,
1192 3530 1256 3592 in
1312 3530 1532 3594 divino
1593 3530 1891 3611 leguntur

391 3628 656 3695 Officio.
680 3630 965 3694 Breviter
993 3647 1143 3709 ergo
1173 3630 1562 3710 tangendum
1591 3637 1708 3705 est,
1742 3648 1893 3711 qua-

393 3727 545 3791 liter
573 3727 633 3792 ei
674 3728 1084 3792 conveniant.

2009 2743 2497 2808 charismatibus
2545 2746 2927 2827 adimpleta3
2972 2748 3059 2809 ita
3100 2768 3245 2813 mox
3288 2760 3359 2812 ut
3404 2770 3501 2813 ra-

2008 2842 2181 2905 tione
2228 2843 2320 2904 uti
2374 2844 2589 2925 coepit,
2642 2844 2895 2907 assidue
2945 2845 3011 2907 ih
3070 2846 3310 2910 eisdem
3369 2868 3498 2931 prae

2005 2940 2301 3003 omnibus
2346 2941 2473 3003 illis
2514 2942 2787 3023 profecit
2822 2962 2836 3006 :
2880 2943 3100 3024 sicque
3141 2964 3267 3026 quo
3298 2948 3500 3009 excel-

2004 3037 2257 3102 lentiori
2299 3039 2571 3121 puritate
2610 3058 2791 3102 mens
2834 3041 2974 3122 ejus
3016 3044 3351 3124 praeelecta
3395 3063 3499 3107 co-

2002 3156 2136 3199 ram
2192 3137 2518 3201 Altissimo
2568 3138 2863 3215 radiavit,
2916 3148 2979 3203 et
3036 3160 3163 3222 quo
3216 3142 3296 3204 ad
3352 3161 3499 3225 pro-

2002 3233 2355 3299 ficiendum
2416 3236 2484 3298 in
2534 3236 2709 3300 omni
2767 3238 3002 3301 virtute
3048 3258 3121 3301 ac
3180 3240 3496 3322 sapientia

2000 3334 2392 3415 vigilantior,
2447 3334 2809 3413 instantior,
2868 3336 3170 3401 seriosior
3218 3337 3363 3413 fuit,
3418 3358 3495 3404 eo

2001 3431 2387 3495 eminentius
2418 3451 2491 3496 ac
2530 3432 3024 3497 munificentius
3064 3436 3241 3499 omni
3273 3437 3428 3500 hora
3456 3457 3495 3500 a

2001 3529 2241 3611 Spiritu
2284 3530 2511 3593 Sancto
2561 3527 2937 3610 ungebatur,
2983 3531 3489 3613 illuminabatur,

1998 3628 2483 3705 accendebatur,
2520 3636 2584 3691 et
2614 3628 3203 3712 incomparabiliter
3234 3634 3438 3695 crevit
3471 3652 3489 3713 ;

1999 3734 2062 3789 et
2096 3745 2223 3808 quo
2267 3726 2605 3808 specialius
2651 3726 2773 3789 fuit
2810 3746 2889 3790 ex
2928 3728 3077 3805 De0‚
3113 3747 3188 3792 eo
3238 3730 3490 3793 avidius

477 3826 764 3908 Denique
791 3827 870 3890 de
897 3824 1362 3906 gloriosissima
1391 3833 1454 3888 et
1492 3825 1891 3905 incompara-
1921 3831 1964 3894 C
2000 3824 2108 3887 Dei
2133 3825 2329 3888 verba
2356 3824 2649 3901 advertit,
2669 3823 2919 3906 fuitque
2948 3827 3233 3890 studiosa
3261 3836 3325 3891 et
3354 3848 3495 3892 eru-

396 3925 513 3988 bili
573 3924 838 4005 Virgine
893 3925 1014 3986 ista
1069 3923 1464 4003 dignissima,
1519 3924 1601 3986 ab
1654 3931 1891 3986 aeterno

395 4024 735 4105 praeelecta
764 4023 832 4085 in
859 4042 1076 4088 veram
1107 4022 1364 4086 Matrem
1398 4022 1530 4087 veri
1565 4022 1693 4098 Dei,
1719 4031 1892 4085 certa

396 4122 532 4186 fide
572 4123 920 4185 tenendum
963 4129 1280 4199 censetur,
1325 4122 1493 4203 quod
1545 4120 1749 4183 multo
1788 4140 1892 4184 ex-

393 4221 736 4285 cellentius
767 4220 892 4282 fuit
922 4219 1323 4283 sanctificata
1359 4238 1431 4282 ac
1463 4218 1702 4301 Spiritu
1743 4219 1890 4282 San-

391 4330 496 4385 cto
555 4319 800 4402 repleta
855 4319 922 4380 in
980 4326 1162 4381 utero
1218 4336 1346 4381 suae
1403 4318 1646 4395 matriS‚
1694 4336 1886 4399 quam

389 4417 710 4499 gloriosus
735 4416 1008 4481 Ioannes
1039 4415 1339 4498 Baptista,
1374 4416 1453 4479 de
1481 4433 1606 4496 quo
1636 4414 1888 4479 Gabriel

393 4516 663 4598 angelus
699 4514 1157 4597 praenuntiavit
1191 4533 1205 4577 :
1239 4512 1482 4595 Spiritu
1523 4513 1751 4577 Sancto
1793 4532 1889 4576 re-

393 4614 678 4697 plebitur
721 4614 932 4677 adhuc
971 4632 1047 4677 ex
1085 4620 1264 4677 utero
1305 4612 1526 4674 matris
1574 4630 1738 4690 suae3
1781 4619 1891 4675 aut

389 4713 719 4791 Ieremias,
751 4714 855 4775 cui
899 4712 1150 4775 locutus
1191 4718 1288 4773 est
1329 4711 1652 4787 DominuS,
1687 4711 1889 4773 Prius-

389 4832 584 4894 quam
630 4810 976 4875 formarem
1019 4820 1080 4872 te
1129 4809 1195 4871 in
1245 4818 1448 4887 uter0,
1495 4809 1644 4873 novi
1696 4818 1778 4887 te,
1823 4817 1887 4872 et

387 4919 735 4993 antequam
791 4909 996 4972 exires
1054 4908 1134 4971 de
1181 4915 1424 4985 ventre,
1480 4906 1883 4971 sanctificavi

1999 3923 2130 3985 dita
2161 3923 2228 3986 in
2258 3923 2417 4003 lege.
2450 3925 2560 3997 Ac,
2596 3923 2761 3987 sicut
2792 3931 3057 3987 testatur
3089 3925 3483 4005 Ambrosiu5‚

2001 4021 2137 4104 ipsa
2180 4021 2332 4101 legit
2371 4022 2567 4102 (haud
2612 4021 2881 4085 dubium
2924 4022 3083 4104 quin
3131 4023 3198 4085 in
3247 4025 3481 4106 Isaia):

1999 4120 2158 4182 Ecce
2187 4119 2367 4200 virgo
2395 4119 2731 4201 concipiet.
2760 4120 2907 4197 lmo,
2940 4129 3008 4183 ut
3038 4140 3115 4184 ex
3146 4121 3488 4205 Scripturis
3533 4146 3597 4190 ι..
3622 4161 3694 4199 vn,
3716 4151 3778 4194 u.

1998 4219 2343 4299 colligitur,
2378 4228 2716 4301 antequam
2757 4219 2987 4281 Filium
3017 4221 3128 4283 Dei
3169 4223 3485 4304 concepit,

1999 4326 2263 4382 noverat
2292 4317 2866 4399 superbeatissimae
2897 4318 3224 4382 Trinitatis
3258 4329 3491 4403 myste-

2001 4418 2189 4494 rium,
2226 4417 2291 4480 id
2336 4424 2452 4492 est,
2488 4415 2838 4479 trinitatem
2890 4416 3302 4481 Personarum
3348 4438 3487 4483 6556

1999 4515 2066 4576 in
2108 4515 2255 4578 De0.
2292 4513 2493 4589 Quum
2540 4514 2713 4577 enim
2757 4513 3210 4593 interrogasset
3252 4517 3332 4579 ab
3378 4537 3489 4579 an-

1995 4613 2161 4692 gelo,
2196 4612 2519 4688 Quomodo
2550 4611 2665 4675 fiet
2706 4612 2898 4689 istud,
2936 4614 3241 4694 quoniam
3274 4615 3484 4677 virum
3530 4638 3774 4691 manu.

1999 4730 2126 4775 non
2176 4712 2535 4792 cognosco?
2566 4728 2943 4792 responsum
2990 4720 3086 4774 est
3126 4712 3186 4775 ei
3224 4730 3334 4775 ore
3373 4733 3486 4775 an-

1993 4809 2200 4890 gelico
2251 4829 2266 4874 :

1997 4916 2078 4987 te,
2131 4916 2197 4972 et
2242 4908 2445 4971 virtus
2495 4906 2802 4969 Altissimi
2862 4905 3275 4970 obumbrabit
3338 4909 3479 4973 tibi.

387 5018 486 5091 te;
520 5019 631 5073 aut
661 5008 983 5091 quispiam
1021 5007 1316 5085 aliorum,
1361 5006 1415 5069 si
1449 5006 1564 5088 qui
1609 5006 1772 5070 [orte
1817 5008 1882 5069 in
1914 5009 1965 5071 D
1994 5008 2266 5090 Ideoque
2303 5015 2368 5070 et
2397 5007 2569 5089 quod
2608 5014 2900 5069 nascetur
2934 5024 3009 5069 ex
3050 5014 3113 5070 te
3154 5006 3478 5087 Sanctum,

387 5118 572 5173 utero
611 5106 998 5171 sanctificati
1045 5105 1326 5183 fuerunt,
1380 5105 1521 5187 ipso
1564 5104 1886 5188 incompa-

389 5208 678 5271 rabiliter
721 5215 940 5271 sancto
990 5223 1226 5288 sponso
1275 5213 1560 5287 excepto.
1597 5205 1668 5268 Et
1719 5206 1886 5269 sicut

391 5305 915 5390 incomparabilis
963 5313 1157 5388 atque
1194 5304 1618 5367 mundissima
1664 5304 1880 5385 VirgO,

640 5442 708 5494 T.
742 5442 795 5491 7.

1996 5106 2326 5172 vocabitur
2368 5105 2565 5167 Filius
2615 5104 2746 5168 Dei.
2782 5106 2848 5167 In
2890 5104 3123 5185 quibus
3162 5107 3486 5168 adoranda

1994 5206 2271 5268 Trinitas
2314 5202 2655 5266 manifeste
2698 5203 3079 5265 insinuatur.
3117 5202 3315 5277 Quam
3364 5204 3485 5267 uti-

1994 5324 2121 5387 que
2166 5302 2645 5385 responsionem
2688 5301 2829 5383 ipsa
2870 5300 3205 5365 intellexit.

3173 5436 3233 5489 21

2321 4809 2593 4891 Spiritus
2648 4808 2911 4872 Sanctus
2961 4811 3370 4891 superveniet
3415 4812 3483 4874 in
3540 4827 3747 4873 maan.
