4284 6267
530 4848 548 4889 ¹
558 4783 636 4889 ιΙῦε.
655 4794 796 4834 cxvnu,

526 5140 568 5189 4,
593 5141 660 5181 19.

831 434 908 497 18
1548 452 1896 500 umnam-10
1939 452 2002 499 m
2045 453 2187 501 car.
2232 452 2275 499 n
2317 416 2801 503 rnovcmnonuu.
2849 476 2930 486 —
2969 458 3109 504 Am.
3158 457 3200 502 n

1968 856 2619 943 ARTICULUS
2695 859 2783 941 ΙΙ

1183 1132 1499 1177 EXPOSITIO
1543 1132 1819 1177 CAPITULI
1865 1131 2122 1177 SECUNDI
2167 1132 2181 1175 :
2232 1130 2351 1175 Flu
2390 1131 2481 1190 HI,
2524 1132 2579 1176 st
2622 1132 2979 1179 snscm’ssms
3024 1133 3334 1180 sermons
3377 1135 3557 1181 MEOS.

966 1410 1206 1475 lCUNT
1238 1410 1554 1485 nonnulli,
1583 1411 1754 1492 quod
1783 1418 2118 1491 postquam
2152 1408 2321 1472 Salo·
2350 1406 2399 1468 A
2429 1405 2899 1471 infructuosum
2930 1410 3254 1474 efficiunt.
3279 1412 3753 1490 Verumtamen,
3791 1430 3923 1475 non

981 1528 1130 1573 mon
1161 1510 1544 1591 praecedenti
1564 1510 1844 1591 capitulo
1877 1510 2094 1572 docuit
2117 1510 2319 1571 vitare

825 1609 1182 1685 avaritiam,
1218 1608 1322 1671 hic
1365 1628 1535 1671 nunc
1577 1609 1762 1671 docet
1805 1610 2007 1672 vitare
2054 1608 2319 1671 idolola-

827 1707 1012 1769 triam
1055 1725 1068 1769 :
1103 1708 1274 1787 quod
1318 1726 1445 1770 non
1482 1708 1734 1772 videtur
1779 1707 2004 1771 idonee
2046 1707 2312 1781 dictum,

825 1805 979 1886 quia
1011 1824 1128 1869 nec
1165 1806 1230 1868 in
1277 1806 1400 1869 isto
1437 1806 1719 1888 capitulo
1750 1807 2001 1869 videtur
2036 1806 2115 1868 ad
2157 1806 2320 1867 litte-

827 1923 960 1966 ram
1009 1906 1088 1966 de
1138 1903 1494 1966 idololatria
1543 1906 1784 1967 mentio
1829 1903 1997 1981 fieri,
2036 1913 2104 1965 ut
2148 1913 2320 1986 patc-

826 2002 962 2081 bit3
995 2021 1112 2065 nec
1143 2003 1208 2063 in
1240 2002 1622 2084 praecedenti
1657 2002 1936 2084 capitulo
1967 2002 2175 2065 solum
2210 2011 2318 2065 aut

825 2100 1269 2182 principaliter
1310 2109 1530 2163 contra
1572 2101 1906 2166 avaritiam
1955 2110 2052 2164 est
2091 2109 2318 2163 tracta-

826 2207 985 2273 tum,
1021 2199 1130 2261 sed
1171 2207 1494 2261 ostensum
1534 2206 1628 2262 est
1672 2199 1784 2273 ibi,
1823 2200 1977 2280 quid
2022 2200 2098 2261 ad
2151 2200 2319 2281 sapi-

827 2305 1038 2360 entem
1083 2296 1674 2380 intelligentemque
1717 2297 2054 2380 pertineat.
2081 2298 2316 2361 Deinde

827 2395 904 2457 fit
934 2394 1024 2457 ihi
1063 2396 1355 2473 monitio,
1389 2414 1469 2458 ne
1500 2396 1645 2478 quis
1687 2405 2087 2478 peccatorum
2135 2396 2314 2459 blan-

825 2492 1001 2556 ditiis
1041 2494 1379 2557 seducatur
1417 2495 1495 2556 ad
1537 2495 2066 2557 committendum
2111 2495 2319 2558 homi-

2428 1505 2520 1567 sic
2563 1506 3012 1571 abscondenda
3054 1518 3202 1572 sunt
3250 1511 3553 1573 mandata
3602 1530 3675 1574 ac
3724 1510 3923 1573 verba

2427 1603 2538 1665 Dei
2590 1605 2655 1666 in
2700 1608 2911 1684 corde,
2949 1617 3017 1669 ut
3064 1609 3321 1690 publice
3360 1627 3486 1672 non
3532 1609 3923 1692 impleantur

2428 1720 2546 1765 nec
2576 1702 2719 1765 aliis
2748 1708 3323 1782 communicentur,
3358 1726 3559 1790 quum
3592 1708 3761 1770 dicat
3790 1707 3923 1770 Sal-

2429 1809 2656 1865 vator:
2692 1802 2923 1866 Luceat
2972 1804 3080 1868 lux
3130 1813 3339 1868 vestra
3386 1824 3600 1869 coram
3648 1805 3923 1868 homini·
3988 1828 4241 1877 Μαιυη,

2430 1898 2569 1960 bus,
2591 1900 2888 1983 Princeps
2918 1921 3175 1983 quoque
3206 1904 3653 1985 Apostolorum
3686 1904 3924 1965 :Unus-
3957 1894 4027 1933 ¹⁶·

2426 1998 2722 2079 quisque,
2760 1999 2993 2081 inquit,
3020 2001 3184 2064 sicut
3228 2004 3474 2085 accepit
3524 2002 3816 2083 gratiam,
3854 2002 3919 2065 in
3957 2019 4026 2059 ιο.

2425 2095 2801 2159 alterutrum
2842 2097 3019 2160 illam
3060 2100 3608 2163 administrantes,
3646 2100 3723 2162 Et
3767 2100 3918 2163 item

2426 2194 2695 2257 loannes
2740 2195 2805 2257 in
2852 2197 3228 2280 Apocalypsi
3266 2218 3279 2261 :
3320 2198 3435 2273 Qui
3488 2198 3687 2273 audit,
3726 2199 3916 2270 dicat,
3968 2215 4246 2270 Apocaxu.

2428 2292 2586 2354 Veni
2624 2312 2637 2355 :
2672 2293 2792 2357 hoc
2834 2304 2951 2372 est,
2986 2298 3097 2379 qui
3138 2298 3436 2360 mandata
3466 2298 3574 2361 Dei
3620 2298 3918 2375 audierit,
3956 2280 4029 2320 ¹⁷·

2429 2391 2785 2470 proximum
2846 2412 3033 2455 suum
3096 2394 3327 2458 invitet
3372 2396 3451 2458 ad
3508 2396 3728 2459 eadem
3786 2416 3925 2479 per-

2426 2491 2692 2568 agenda.
2734 2495 2812 2553 Ut
2852 2495 3086 2553 audiat
3122 2497 3538 2571 sapientiam,
3576 2495 3636 2557 id
3685 2502 3783 2557 est
3830 2514 3926 2556 sa·
4088 2496 4127 2549 2

827 2591 1066 2653 cidium
1124 2599 1235 2654 aut
1282 2592 1616 2674 rapinam3
1667 2600 1731 2655 et
1779 2592 2056 2674 qualiter
2115 2601 2319 2656 trans-
2355 2591 2402 2652 B
2431 2586 2761 2667 pientialia
2808 2588 3023 2663 verba,
3067 2594 3251 2651 auris
3292 2601 3405 2652 tua
3445 2592 3801 2673 corporalis
3850 2611 3925 2655 ac

827 2708 1148 2771 gressores
1196 2690 1342 2772 plus
1391 2698 1661 2754 noceant
1711 2690 1834 2753 sibi
1886 2693 2064 2773 ipsis,
2120 2712 2312 2773 quam

826 2787 992 2850 aliis.
1046 2788 1354 2871 Deinceps
1403 2789 1829 2852 introducitur
1877 2790 1990 2867 ibi,
2042 2790 2318 2871 qualiter

827 2905 1076 2950 summa
1121 2896 1184 2950 et
1226 2888 1506 2951 increata
1553 2887 1876 2970 Sapientia
1924 2888 2211 2972 increpet
2253 2899 2317 2952 et

826 2996 1212 3068 praemoneat
1263 2986 1641 3069 insipientes
1690 2996 1882 3069 atque
1923 2988 2221 3070 injustOS,
2257 2996 2320 3050 et

824 3103 1016 3166 quam
1051 3083 1448 3167 fructuosum
1480 3086 1562 3148 sit
1591 3086 1718 3150 Deo
1751 3088 1814 3147 in
1847 3086 2145 3149 omnibus
2175 3087 2321 3149 obe·

825 3182 986 3245 dire.

905 3281 1012 3343 His
1042 3280 1238 3361 igitur
1268 3279 1357 3344 ibi
1391 3282 1688 3364 peractiS‚
1726 3281 1831 3344 hic
1862 3300 2081 3342 rursus
2116 3280 2320 3343 horta-

824 3388 929 3441 tur
955 3380 1033 3442 ad
1075 3379 1454 3461 sapientiam
1486 3378 2095 3460 amplectendam,et
2124 3396 2320 3459 quan-

825 3485 892 3540 to
937 3474 1178 3539 affectu
1239 3476 1321 3539 sit
1370 3475 1783 3557 exquirenda,
1834 3482 2074 3556 quanta
2125 3474 2317 3537 etiam

826 3576 996 3639 bona
1022 3575 1216 3639 homo
1243 3593 1320 3639 ex
1349 3575 1490 3656 ejus
1521 3574 1946 3655 acquisitione
1975 3594 2048 3635 ac
2080 3591 2321 3655 posses-

825 3674 1006 3737 sione
1033 3680 1484 3755 consequatur.
1517 3671 1719 3746 Quum
1750 3673 1988 3735 etenim
2018 3690 2207 3734 nemo
2238 3672 2319 3733 sit

2430 2685 2804 2766 spiritualis,
2829 2697 2985 2770 puta
3011 2688 3265 2750 auditus
3296 2698 3359 2751 et
3388 2689 3777 2753 intellectus.

2507 2786 2770 2846 Inclina
2818 2807 2926 2847 cor
2976 2796 3187 2855 tuum,
3239 2787 3303 2850 id
3352 2798 3467 2863 est,
3521 2788 3927 2853 intellectum

2429 2891 2605 2945 tuum
2652 2902 2797 2946 cum
2832 2884 3193 2947 humilitate
3230 2905 3303 2949 ae
3344 2886 3681 2967 diligentia
3722 2888 3933 2970 appli-

2428 3002 2522 3055 ca,
2554 2986 2644 3042 ad
2688 2987 3186 3060 coquoscendam
3220 2989 3675 3063 prudentiam,
3722 2986 3786 3049 id
3836 2995 3935 3049 est

2430 3079 2823 3161 sapientiam,
2840 3082 3150 3145 sumendo
3180 3082 3535 3163 prudentiae
3563 3103 3802 3148 nomen
3836 3103 3940 3148 ex-

2430 3186 2641 3257 tense3
2665 3179 2787 3253 vel,
2826 3179 2918 3242 Ad
2946 3182 3451 3259 cognoscendam
3490 3182 3931 3263 prudentiam,

2429 3295 2571 3357 quae
2612 3285 2706 3340 est
2750 3278 2951 3342 virtus
2999 3280 3259 3342 moralis
3306 3299 3379 3341 αθ
3426 3281 3797 3354 cardinaliS‚
3840 3301 3938 3345 re-

2428 3382 2653 3455 ctaque
2713 3375 2873 3439 ratio
2926 3376 3286 3457 agibilium,
3343 3377 3408 3439 id
3468 3386 3565 3440 est
3611 3379 3820 3441 virtus
3872 3388 3938 3443 et

2428 3471 2705 3550 habitus,
2755 3493 2868 3555 per
2909 3494 3099 3557 quem
3148 3476 3339 3538 homo
3390 3477 3721 3557 cognoscit
3771 3477 3933 3559 quid

2429 3590 2635 3652 agere,
2680 3572 2836 3652 quid
2864 3574 3159 3636 omittere
3189 3573 3421 3636 debeat
3452 3574 3519 3636 in
3560 3574 3755 3637 rebus
3782 3595 3933 3658 quae

2430 3671 2487 3731 ei
2520 3679 2881 3742 occurrunt,
2906 3679 3097 3753 prout
3128 3670 3494 3734 Ethicorum
3530 3682 3706 3736 sexto
3738 3674 3935 3737 hahe—

825 3772 1156 3853 sapicntiae
1211 3771 1406 3851 hujus
1462 3788 1681 3851 capax,
1739 3769 1864 3831 nisi
1925 3779 2233 3852 purgatus
2283 3790 2319 3831 a
2354 3765 2398 3828 C
2433 3775 2553 3830 tur.
2603 3769 2819 3849 Itaque
2864 3770 2975 3846 ait,
3028 3769 3264 3832 lnclina
3306 3789 3417 3833 cor
3468 3780 3647 3834 tuum
3700 3773 3779 3835 ad
3826 3792 3935 3837 co-

825 3870 1024 3947 vitiis,
1049 3878 1218 3933 recte
1248 3868 1314 3929 in
1349 3868 1730 3949 praecedenti
1762 3867 2044 3949 capitulo
2077 3869 2157 3930 ad
2190 3887 2322 3931 cor-

824 3970 923 4031 dis
957 3966 1481 4050 expurgationem
1521 3966 1810 4027 hortatus
1840 3973 1936 4027 est
1971 3986 1984 4030 :
2019 3973 2079 4029 et
2112 3967 2323 4029 admo-

825 4068 1136 4129 nitionem
1186 4066 1266 4128 de
1313 4065 1627 4146 sapientia
1675 4063 2025 4126 obtinenda
2086 4063 2173 4126 ibi
2228 4066 2323 4126 in-

827 4166 1142 4240 choatam,
1167 4163 1291 4227 hoc
1320 4164 1460 4226 loco
1490 4162 1920 4244 prosequitur.
1943 4165 2082 4223 Fili
2115 4166 2233 4234 mi,
2263 4167 2324 4223 si

823 4265 1176 4342 susceperis
1220 4281 1538 4321 sermone-s
1583 4268 1774 4329 meos,
1821 4260 2165 4340 diligenter
2212 4280 2321 4324 eos

825 4360 1164 4435 audiendO,
1209 4359 1694 4435 considerandO,
1739 4377 1813 4420 αθ
1861 4358 2221 4433 recolendo,
2261 4370 2321 4420 et

825 4462 1142 4520 mandata
1170 4478 1311 4518 mea
1340 4459 1744 4518 absconderis
1763 4476 1960 4534 penes
1991 4467 2067 4529 ce,
2101 4456 2167 4519 id
2198 4465 2315 4533 est,

827 4560 894 4621 in
925 4557 1127 4620 fundo
1156 4558 1366 4620 cordis
1396 4556 1490 4618 tui
1521 4554 1796 4618 sollicite
1831 4556 2214 4639 reposueriS,
2240 4575 2321 4619 ne

826 4675 942 4739 per
987 4655 1400 4732 oblivionem,
1455 4663 1564 4716 aut
1612 4654 2065 4734 negligentiam
2119 4654 2320 4717 violes

826 4773 923 4817 ea.
954 4754 1136 4815 Juxta
1182 4772 1376 4834 quem
1423 4771 1681 4815 sensum
1725 4752 1811 4813 ait
1855 4752 2169 4834 Propheta
2204 4772 2217 4815 :
2254 4752 2320 4814 ln

827 4852 1018 4914 corde
1065 4870 1208 4914 meo
1252 4850 1553 4912 abscondi
1603 4849 1859 4931 eloquia
1900 4857 2027 4925 tua,
2077 4858 2149 4911 ut
2192 4868 2318 4912 non

2427 3868 2852 3946 gnoscendam
2885 3868 3288 3949 prudentiam
3328 3887 3343 3931 ε
3380 3868 3534 3949 quia
3572 3888 3705 3933 non
3742 3870 3935 3933 suffi-

2428 3966 2517 4027 cit
2564 3965 2843 4043 cognitio
2890 3965 3280 4042 divinorum,
3334 3969 3444 4030 sed
3494 3968 3931 4033 humanorum

2431 4081 2685 4144 quoque
2722 4072 2981 4126 actuum
3020 4072 3083 4125 et
3122 4064 3528 4145 negotiorum
3567 4066 3801 4129 notitia
3830 4087 3937 4132 ve-

2432 4180 2500 4223 ra
2536 4181 2608 4223 ac
2650 4161 2923 4224 discreta
2969 4162 3364 4244 requiritur3
3416 4173 3480 4226 et
3523 4183 3605 4227 ne
3655 4166 3805 4246 quis
3856 4186 3937 4229 ex

2430 4260 2795 4322 divinorum
2836 4260 3159 4339 agnitione
3210 4280 3277 4323 se
3319 4262 3595 4342 erigenS‚
3632 4282 3937 4346 asperne-

2432 4366 2535 4419 tur
2568 4358 2761 4420 etiam
2795 4356 3100 4421 inferiora
3128 4359 3479 4423 addiscere.

2512 4456 2815 4537 Denique,
2849 4457 2928 4518 ad
2976 4456 3437 4537 acquirendum
3492 4467 3621 4521 tam
3678 4461 3937 4542 sapien—

2433 4554 2583 4616 tiam
2615 4574 2803 4635 quam
2834 4554 3263 4635 prudentiam,
3288 4574 3435 4618 cum
3468 4557 3839 4623 humilitate
3870 4570 3937 4624 et

2432 4652 2765 4732 diligentia
2805 4660 3053 4733 oportet
3090 4653 3413 4716 accedere.
3452 4654 3608 4717 Nam
3650 4656 3820 4720 sicut
3866 4659 3935 4721 in

2432 4750 2705 4813 vallibus
2748 4748 3137 4831 colliguntur
3180 4770 3493 4832 aquarum
3544 4752 3817 4832 fluenta,
3846 4757 3937 4819 ita

2432 4850 2497 4911 in
2524 4848 2819 4912 cordibus
2844 4848 3187 4911 humilium
3212 4869 3491 4931 superna
3514 4851 3929 4930 charismata,

826 4969 1080 5032 peccem
1118 4947 1256 5010 tihi.
1291 4948 1561 5011 Econtra
1599 4948 1678 5010 de
1716 4947 2101 5029 quibusdam
2133 4946 2225 5009 ait
2254 4946 2319 5008 in
2352 4953 2402 5015 D
2431 4966 2595 5026 aqua
2640 4946 2987 5027 sapientiae,
3032 4948 3235 5009 virtus
3275 4950 3656 5030 prudentiae,
3709 4952 3932 5016 lumen

541 5069 792 5120 Monam,
824 5048 1169 5129 Evangelio
1195 5047 1514 5120 DominuS,
1537 5048 1709 5126 quod
1732 5065 1932 5127 quum
1963 5045 2322 5127 receperint
2430 5044 2733 5106 scientim.
2768 5044 2995 5125 Atque,
3040 5054 3110 5106 ut
3159 5045 3225 5107 in
3275 5045 3724 5113 Ecclesiastico
3778 5051 3932 5115 scri-

823 5166 1040 5211 semen
1070 5145 1250 5210 verbi
1280 5144 1579 5219 coelestiS‚
1605 5145 1900 5210 volucres
1925 5144 2093 5219 coeli,
2124 5143 2189 5205 id
2223 5151 2318 5205 est

821 5247 1009 5309 aeriae
1055 5252 1416 5328 potestateS,
1472 5246 1780 5310 devorant
1840 5242 2025 5320 illud,
2077 5243 2144 5305 id
2192 5250 2312 5319 est,

2430 5152 2607 5224 ptum
2657 5148 2801 5205 est:
2835 5141 3021 5203 Auris
3074 5142 3241 5205 bona
3286 5145 3505 5207 audiet
3548 5166 3697 5210 cum
3746 5150 3928 5212 omni
4004 5175 4252 5223 Ecca-..12

2428 5238 2937 5322 concupiscentia
2960 5240 3343 5322 sapientiam.
3358 5242 3515 5306 Hinc
3537 5262 3932 5327 consequen·
3962 5241 4037 5283 ³¹·

3983 1953 3996 1995 Ι
4015 1954 4164 1996 Petr.
4184 1969 4237 1999 ιτ.
