4284 6267
970 512 1325 560 RNARRATIO
1369 512 1431 558 IN
1473 510 1613 558 CAP.
1658 510 1809 557 xxix
1850 510 2333 559 Pnovnnmonuu.
2382 532 2463 541 —-
2501 514 2666 575 ΑῙῙΤ.ο
2691 514 2840 559 XXIX

3331 496 3446 560 177

344 682 759 766 impatienter
804 706 875 749 se
924 685 1138 763 babet,
1183 684 1455 749 moritur
1497 685 1562 747 in
1607 683 1841 761 anima,
1877 681 1929 745 A
1959 683 2101 747 vius
2141 684 2335 763 laedit,
2364 686 2541 767 juxta
2582 684 2740 747 illud
2781 684 2848 747 in
2885 684 3131 749 Psalmo
3169 702 3182 746 :
3217 684 3446 749 Veniat
3498 702 3739 757 raum.

344 784 669 865 peccando
698 784 1075 861 mortaliter,
1096 792 1159 848 et
1188 785 1344 847 tales
1376 782 1846 863 incorrigibiles

342 880 549 943 solent
582 880 799 945 subito
819 882 977 945 mori
1003 883 1139 946 sive
1170 881 1453 945 interfici
1473 901 1489 961 3
1512 893 1571 941 et
1589 903 1735 943 eum
1754 904 1848 943 sa-

344 981 517 1039 nitas
546 978 781 1043 animae
812 1002 943 1041 non
970 992 1270 1061 sequetur
1289 1002 1313 1040 .·
1344 979 1497 1061 quia
1532 989 1745 1042 manet
1778 980 1845 1041 in

180 1084 213 1137 2
342 1076 513 1140 vitiis
545 1087 613 1140 et
643 1079 1017 1143 vulneribus
1046 1081 1274 1143 animae
1298 1083 1613 1142 suae.—In
1638 1080 1847 1140 multi-

334 1179 693 1253 plicatione
696 1179 1035 1255 justorum
1065 1178 1321 1253 civium,
1348 1186 1459 1241 aut
1488 1178 1841 1258 regentium

338 1275 891 1353 communitatem,
953 1280 1282 1339 laetabitur
1328 1280 1560 1353 vulqus
1613 1298 1635 1337 .·
1691 1275 1841 1357 quia

342 1372 491 1435 tales
542 1382 698 1437 sunt
745 1374 935 1439 utiles
983 1375 1167 1439 valde
1214 1374 1305 1437 rei
1354 1375 1649 1459 publicae.
1701 1374 1843 1449 Qui-

336 1472 477 1533 dam
504 1481 717 1537 tamen
742 1472 1037 1555 vulgares
1066 1482 1217 1537 sunt
1245 1474 1332 1537 ita
1355 1474 1840 1557 perversi‚quod

336 1580 553 1634 contra
569 1572 781 1653 justos
812 1581 1088 1637 rectores
1120 1572 1399 1637 faciliter
1429 1573 1841 1655 indignantur

335 1687 403 1732 ac
432 1678 864 1749 murmurant,
888 1671 1195 1753 quoniam
1226 1672 1565 1754 increpari,
1598 1691 1843 1735 coerce-

338 1768 409 1845 ri,
443 1768 799 1851 punirique
841 1779 1153 1852 renuunt3
1186 1771 1297 1835 sed
1346 1772 1425 1834 de
1474 1770 1838 1836 rationabili

1958 783 2051 846 illi
2086 784 2351 866 laqueus
2379 804 2570 866 quem
2611 784 2883 866 ignorat,
2916 792 2978 847 et
3011 783 3220 866 captio
3249 803 3442 865 quam
3471 767 3511 808 ⁸·

1956 881 2748 965 abscondissapprehendat
2770 902 2939 959 eum,
2956 889 3020 945 et
3049 883 3114 944 in
3147 883 3440 963 laqueum

1955 980 2137 1042 cadat
2181 980 2246 1042 in
2291 980 2522 1062 ipsum.
2569 981 2644 1042 Et
2693 979 2994 1043 Ieremias
3039 981 3240 1043 dicit:
3283 980 3442 1043 Ecce
3504 992 3735 1045 lemma.

1958 1078 2140 1141 turbo
2179 1078 2518 1142 dominicae
2555 1078 3012 1159 indignationis
3057 1078 3438 1159 egredietur,
3475 1058 3539 1099 ¹⁹·

1953 1185 2016 1241 et
2048 1186 2389 1260 tempestas
2417 1197 2758 1260 erumpens
2789 1198 2979 1260 super
3008 1186 3196 1260 caput
3227 1178 3448 1260 impio-

1955 1295 2095 1337 rum
2128 1278 2364 1341 veniet.
2397 1279 2484 1338 Et
2497 1278 2722 1355 justus
2753 1278 3050 1337 laudabit
3085 1276 3441 1354 Dominum,

1950 1376 2464 1456 atqueyaudebit
2493 1375 2560 1437 in
2591 1374 2739 1451 Deo,
2757 1374 3192 1437 testimonium
3221 1374 3280 1439 ei
3313 1394 3450 1457 per·

1951 1472 2213 1537 hibente
2254 1473 2644 1537 conscientia
2685 1492 2818 1551 sua,
2855 1474 3024 1555 quod
3068 1492 3278 1538 coram
3320 1474 3445 1538 Deo

1950 1572 2246 1635 habuerit
2289 1592 2357 1635 se
2401 1572 2667 1636 sincere.
2702 1572 2880 1635 Unde
2920 1572 3009 1635 ait
3051 1572 3388 1655 Apostolus
3421 1593 3436 1637 ε

1949 1670 2160 1733 Gloria
2211 1678 2427 1733 nostra
2475 1670 2610 1733 haec
2655 1679 2772 1746 cst,
2807 1669 3238 1735 testimonium
3296 1690 3734 1745 con-11c0r.1,¹2.

1950 1769 2232 1833 scientiae
2279 1777 2532 1833 nostrae.
2583 1768 2894 1832 Gaudebit
2942 1788 3198 1852 quoque
3245 1770 3442 1852 potis-

336 1866 523 1947 vulgo
555 1866 845 1950 loquitur
875 1868 1426 1938 Salomon.Quam
1446 1872 1642 1949 impii
1666 1890 1841 1931 sum·
1876 1868 1922 1931 B
1950 1870 2110 1932 sime
2163 1868 2230 1930 in
2278 1866 2518 1943 futuro,
2573 1886 2773 1949 quum
2823 1866 2980 1931 felix
3028 1870 3322 1945 evaserit,
3375 1876 3440 1931 et

332 1968 581 2043 pserint
625 1969 1113 2045 principatum,
1161 1978 1365 2046 yemet
1404 1974 1713 2049 populus,
1767 1969 1839 2031 ti-

339 2084 515 2127 mens
564 2065 987 2143 exactionari,
1022 2066 1273 2147 gravari
1317 2086 1392 2131 ac
1440 2066 1743 2150 opprimi,
1774 2075 1839 2131 et

342 2162 580 2226 bonum
621 2183 963 2228 commune
1003 2164 1375 2247 periclitari,
1421 2165 1835 2244 turbationes,

340 2262 777 2327 dissensiones
806 2283 879 2327 ac
910 2263 1055 2347 lites
1086 2263 1263 2327 oriri.

185 2371 215 2425 3
436 2364 551 2423 Vir
583 2364 707 2441 qui
740 2372 920 2423 amat
959 2363 1373 2440 sapientiam,
1408 2364 1697 2441 toetifi'cat
1723 2383 1845 2442 pa-

104 2476 311 2533 rma„
344 2470 499 2521 trem
528 2482 750 2522 suum.
784 2460 913 2523 Hoc
941 2461 1073 2541 jam
1115 2479 1283 2542 saepe
1322 2460 1676 2542 expositum
1720 2469 1837 2523 est.

91 2542 311 2645 {1:³⁰³”n‘
344 2561 468 2628 Qui
486 2568 708 2620 autem
735 2562 953 2643 natrit
980 2569 1289 2629 scortum,
1306 2563 1530 2637 perdet
1558 2561 1846 2621 substan-

342 2657 501 2719 tiam
550 2678 575 2717 .·
628 2656 759 2719 imo
814 2664 881 2719 et
936 2657 1219 2719 animam
1280 2676 1485 2733 suam,
1549 2656 1715 2720 sicut
1774 2658 1839 2719 in

134 2771 223 2815 ιω
250 2788 313 2825 n.
342 2754 687 2836 Evangelio
724 2753 931 2817 fertur
968 2756 1046 2818 de
1085 2755 1351 2838 prodigo
1392 2754 1555 2818 filio.
1588 2792 1669 2801 —
1701 2761 1843 2819 Rea·

94 2836 289 2883 ¹³³⁸·st
326 2853 551 2930 justus
578 2855 779 2931 eriqit
809 2862 1073 2925 terram,
1106 2853 1169 2915 id
1199 2860 1315 2929 est,
1349 2872 1486 2915 rem
1516 2852 1839 2935 publicam

180 2900 213 2954 ⁴
342 2959 695 3033 promovet,
712 2958 947 3013 statum
976 2951 1199 3033 patriae
1229 2951 1534 3029 meliorat,
1554 2953 1840 3017 subditos

1947 1966 2228 2031 cantabit
2271 1984 2286 2029 :
2337 1968 2626 2048 Laqueus
2677 1966 2988 2030 contritus
3036 1975 3154 2044 est,
3206 1975 3268 2031 et
3319 1986 3435 2033 nos
3468 1977 3734 2029 Pamma-

1949 2065 2197 2129 liberati
2246 2084 2488 2128 sumus.

2034 2168 2229 2228 Novit
2243 2168 2468 2243 justus
2497 2186 2762 2226 causam
2792 2185 3185 2245 pauperum,
3223 2164 3286 2228 id
3320 2175 3436 2243 est,
3586 2180 3621 2236 7

1946 2265 2258 2346 approbat
2304 2272 2493 2345 atque
2547 2261 2862 2345 justificat
2907 2282 3070 2339 eam,
3125 2272 3434 2345 quantum

1950 2363 2412 2425 rationabiliter
2442 2362 2630 2439 valet,
2665 2380 2793 2425 non
2835 2360 3186 2425 formidans
3218 2361 3286 2424 in
3317 2363 3440 2425 boc

1953 2461 2198 2524 vultum
2241 2461 2514 2525 divitum
2553 2468 2662 2523 aut
2701 2460 3080 2539 potentium.
3111 2460 3254 2524 ldeo
3296 2480 3438 2524 san-

1952 2567 2091 2622 ctus
2135 2558 2251 2623 Job
2303 2558 2509 2622 fassus
2555 2566 2651 2621 est
2703 2576 2718 2619 ε
2769 2558 3101 2640 Quumque
3150 2559 3434 2622 sederem
3513 2578 3596 2621 10⁶
3622 2593 3734 2632 nu,

1951 2658 2134 2739 quasi
2175 2676 2283 2721 rex
2320 2656 2770 2719 circumstante
2810 2656 3114 2731 exercitu,
3142 2676 3314 2721 eram
3355 2665 3444 2719 ta-
3471 2642 3540 2686 ³⁵·

1950 2775 2098 2819 men
2127 2754 2534 2820 moerentium
2563 2754 2943 2817 consolator.
2971 2755 3046 2816 Et
3076 2755 3154 2817 de
3193 2754 3442 2818 Christo

1953 2854 2328 2936 praedictum
2369 2862 2465 2915 est
2500 2851 2861 2916 :Iudicabit
2899 2852 2966 2914 in
3001 2853 3248 2935 justitia
3293 2873 3444 2936 pau·
3497 2880 3698 2935 1·.x=,4.

1954 2971 2174 3035 peres3
2207 2961 2396 3034 atque
2435 2951 2501 3013 in
2543 2950 2813 3027 Psalm0,
2843 2950 3160 3015 Judicabit
3205 2972 3442 3036 paupe·
3470 2980 3736 3031 p„.,¹‚.‚4,

338 3048 562 3112 incitat
589 3050 670 3112 ad
703 3050 994 3112 virtutes.
1030 3048 1133 3112 Sic
1172 3049 1613 3132 uuusquisque
1643 3050 1842 3115 virtu·
1876 3048 1923 3113 C
1956 3070 2053 3114 res
2101 3050 2346 3133 populi,
2381 3058 2443 3113 et
2491 3049 2698 3111 salvos
2746 3047 2937 3111 faciet
2987 3047 3162 3113 filios
3204 3070 3441 3134 paupe-

338 3165 485 3210 osus
524 3146 827 3230 praelatus
870 3166 945 3210 ac
984 3148 1380 3229 praedicator,
1413 3165 1669 3227 gregem
1716 3148 1838 3212 sibi

336 3244 751 3308 commissum
806 3247 887 3307 ad
936 3245 1457 3310 reformationem
1506 3255 1570 3309 et
1629 3246 1841 3329 profe-

337 3351 507 3407 ctum
550 3342 803 3407 inducit
839 3362 958 3427 pro
996 3363 1206 3426 posse.
1250 3348 1363 3407 Vir
1390 3366 1655 3414 avarus,
1690 3352 1842 3428 puta

336 3450 645 3525 tyrannus
675 3461 969 3523 quaerens
998 3444 1259 3527 propria
1290 3445 1711 3522 commoda,et
1742 3445 1838 3507 sui

339 3539 539 3622 ipsius
570 3540 1051 3618 honorem‚non
1080 3541 1321 3606 bonum
1351 3560 1708 3619 commune,
1727 3562 1840 3606 nec

340 3638 741 3701 subditorum
787 3640 1081 3717 salutem,
1122 3643 1403 3701 destruet
1443 3661 1614 3711 eam,
1648 3642 1842 3724 spoli-

341 3738 503 3800 ando
546 3745 613 3801 et
650 3736 1076 3819 opprimendo
1118 3737 1459 3819 subjectOS,
1502 3746 1566 3800 et
1605 3740 1841 3803 discor-

341 3836 475 3899 dias
506 3836 677 3899 inter
701 3854 809 3898 eos
833 3836 1328 3913 disseminando,
1347 3854 1425 3899 ne
1453 3835 1667 3899 forsan
1694 3858 1839 3901 una-

182 3946 213 3999 5
342 3934 603 3997 nimiter
640 3933 767 3996 sibi
810 3934 1127 3996 resistant.
1162 3970 1237 3979 —
1270 3938 1475 3996 Homo
1515 3938 1634 4015 qui
1662 3938 1841 3997 blan-

338 4034 440 4092 dis
482 4035 783 4112 fictisque
836 4034 1234 4093 sermonibus
1286 4034 1576 4111 loquitur
1630 4037 1837 4095 amico

336 4152 473 4199 suo,
512 4129 932 4212 approbando
981 4139 1239 4212 peccata
1286 4130 1485 4207 illius,
1539 4139 1603 4194 et
1642 4132 1839 4196 simu-

1952 3169 2115 3211 rum.
2142 3149 2397 3228 Impius
2444 3148 2726 3225 ignorat,
2771 3146 2835 3207 id
2884 3154 3000 3221 est,
3045 3166 3174 3210 non
3222 3148 3434 3227 babet,

1948 3249 2310 3315 scientiam,
2369 3265 2510 3328 quae
2568 3252 2664 3308 est
2721 3244 2982 3321 donum,
3041 3262 3158 3309 nec
3215 3266 3428 3312 veram

1950 3346 2352 3428 prudentiam
2396 3362 2410 3407 :
2454 3362 2602 3421 non,
2656 3342 2942 3425 inquam,
2994 3343 3187 3405 babet
3234 3346 3437 3409 scicn-

1950 3445 2101 3507 tiam
2147 3443 2489 3526 practicam
2532 3452 2594 3506 et
2637 3441 2990 3515 formatam,
3018 3439 3168 3504 boni
3214 3462 3441 3525 appro-

1948 3542 2228 3607 bativam
2269 3549 2334 3604 et
2375 3539 2728 3613 efficacem,
2761 3540 2940 3621 juxta
2982 3537 3141 3602 illud
3181 3540 3372 3604 Amos
3419 3562 3432 3607 :

1948 3641 2321 3705 Nescierunt
2368 3637 2574 3701 facere
2622 3645 2887 3714 rectum,
2934 3637 3431 3703 thesaurizantes
3509 3662 3642 3707 Amos
3672 3678 3730 3719 m,

1950 3740 2364 3826 impietatem.
2417 3737 2502 3800 De
2549 3735 2783 3799 talibus
2837 3735 3094 3798 demum
3153 3736 3437 3819 loquitur
3467 3726 3533 3769 ¹⁰·

1946 3838 2175 3900 Paulus
2210 3857 2224 3901 :
2257 3834 2654 3899 Confitentur
2685 3854 2752 3897 se
2782 3853 2967 3898 nosse
2997 3834 3218 3911 Deum,
3248 3834 3432 3900 factis
3487 3852 3574 3896 ru.
3593 3867 3617 3905 ι,
3641 3856 3705 3897 ¹⁶.

1945 3944 2158 3998 autem
2191 3942 2444 4015 negant,
2477 3952 2677 4016 quum
2709 3934 2836 3995 sint
2869 3932 3218 3997 abominati
3248 3942 3312 3997 et
3342 3955 3435 3999 re-

1947 4034 2155 4118 probi.
2180 4070 2261 4079 —
2289 4035 2600 4096 Homines
2617 4033 3009 4110 pestilentes,
3035 4032 3100 4096 id
3129 4040 3226 4095 est
3255 4042 3432 4116 peste
3595 4043 3630 4097 8

1946 4133 2266 4215 spirituali
2300 4131 2544 4215 repleti,
2577 4130 2692 4213 qui
2725 4128 2937 4193 verbis
2965 4138 3028 4194 et
3057 4130 3242 4194 factis
3283 4152 3432 4198 suos

338 4226 525 4292 lando
560 4228 912 4292 amicitiam
948 4248 1187 4305 secum,
1224 4240 1355 4291 rete
1392 4235 1708 4309 eapandit
1732 4254 1839 4312 pe·
1868 4240 1917 4305 D
1947 4234 2390 4308 scandalizant,
2423 4239 2486 4295 et.
2513 4229 2681 4293 male
2712 4227 3064 4292 informant
3103 4231 3425 4310 conciveS,

337 4329 526 4389 dibus
553 4329 717 4405 ejas,
756 4326 821 4389 id
853 4335 971 4404 est,
1004 4326 1453 4409 deceptionum
1485 4330 1743 4413 laqueos
1775 4333 1834 4396 ei

337 4427 639 4503 extendit,
675 4434 739 4489 et
784 4424 1146 4509 profectum
1191 4427 1332 4510 ejus
1380 4428 1443 4491 in
1489 4429 1833 4495 virtutibus

339 4526 628 4609 impedit,
682 4525 1219 4607 quemadmodum
1274 4527 1581 4590 Dominus
1626 4538 1836 4611 prote—

110 4640 299 4699 12³2,st
338 4634 536 4687 statur
581 4642 697 4706 per
736 4623 1115 4706 Prophetam
1154 4642 1169 4687 ε
1202 4625 1439 4708 Popule
1482 4646 1681 4706 meus,
1718 4628 1831 4711 qui

336 4722 592 4787 beatum
648 4730 710 4785 te
766 4722 1015 4799 dicunt,
1066 4723 1189 4807 ipsi
1250 4733 1313 4789 te
1366 4725 1716 4809 decipiunt,
1769 4736 1833 4791 et

336 4822 497 4885 viam
538 4838 879 4901 gressuum
921 4828 1175 4886 tuorum
1213 4822 1548 4905 dissipant.

184 4935 212 4989 6
412 4924 797 4983 Peccantem
836 4922 1056 4984 virum
1084 4923 1387 5000 iniquum
1420 4924 1705 4985 involvet
1738 4928 1831 4986 la-

334 5039 557 5099 queus,
598 5017 664 5080 id
694 5025 815 5095 est,
847 5018 1135 5101 deceptio
1174 5037 1363 5099 quam
1405 5018 1586 5083 alteri
1626 5029 1825 5105 parat,

336 5116 533 5181 irruet
574 5135 774 5199 super
820 5116 1065 5199 ipsum3
1116 5124 1181 5181 et
1226 5118 1374 5182 dato
1432 5121 1603 5200 quod
1647 5120 1830 5184 alteri

335 5216 753 5299 corporaliter
780 5223 1025 5291 noceat,
1058 5234 1127 5279 se
1159 5216 1367 5299 ipsum
1402 5225 1613 5282 tamen
1644 5220 1831 5302 spiri-

335 5312 588 5377 tualiter
634 5310 917 5395 perimit,
949 5320 1014 5376 et
1060 5310 1645 5396 incomparabiliter
1689 5334 1828 5397 gra-

576 5446 653 5497 T.
686 5446 741 5497 7.

1944 4332 2503 4412 dissensionesque
2541 4328 2853 4405 nutriunt,
2899 4334 2964 4389 et
3006 4326 3175 4392 bono
3214 4330 3436 4394 adver-

1944 4440 2162 4493 santur
2191 4428 2511 4494 communi
2540 4444 2554 4488 :
2587 4425 3124 4508 quemadmodum
3155 4429 3433 4491 secundo

1942 4527 2430 4591 Macbabaeorum
2459 4532 2746 4589 narratur
2766 4525 2843 4587 de
2863 4522 3116 4589 Simone
3141 4527 3428 4607 quodam,
3461 4546 3720 4602 uuachun,

1941 4627 2103 4709 quod
2125 4626 2491 4689 moliebatur
2521 4623 2812 4706 iniquum
2842 4622 3098 4704 aliquod
3130 4624 3196 4687 in
3219 4624 3432 4689 civita·
3458 4611 3501 4654 ⁴·

1942 4733 2028 4807 te3
2049 4727 2373 4803 dissipant
2393 4725 2736 4787 civitatem,
2755 4722 2819 4784 id
2849 4730 2967 4798 est,
2985 4722 3224 4785 bonum
3255 4741 3434 4786 com-

1940 4842 2133 4886 mune
2161 4819 2915 4900 destruunt,habitatores
2945 4819 3345 4903 perturbant,
3366 4830 3431 4884 et

1940 4921 2258 4985 interdum
2296 4929 2445 4983 sunt
2484 4938 2674 4983 causa
2709 4919 2878 5000 quod
2918 4916 3154 4999 oppida
3195 4936 3432 5001 corpo-

1940 5020 2157 5083 raliter
2203 5019 2634 5093 destruuntur,
2687 5023 2878 5099 prout
2924 5024 3210 5098 tempore
3257 5016 3430 5081 Jere-

1938 5119 2083 5182 miae
2120 5116 2365 5181 civitati
2391 5114 2737 5179 Jerusalem
2771 5113 3011 5177 factum
3049 5122 3146 5177 est
3174 5134 3212 5177 a
3237 5114 3422 5177 Chal·
3467 5138 3708 5197 samm,

1938 5217 2114 5283 daeiS.
2163 5217 2498 5295 Sapientes
2555 5232 2700 5274 vero
2747 5222 3048 5273 avertunt
3101 5214 3427 5290 furorem,
3458 5205 3616 5257 '⁸²2⁸‘

1940 5318 2111 5382 cives
2132 5314 2408 5381 invicem
2429 5309 2914 5387 reconciliando,
2927 5317 2991 5373 et
3013 5328 3130 5393 pro
3153 5309 3425 5374 urbibus

3111 5443 3176 5495 12
