4284 6267
1005 507 1359 554 RNARRA'rlo
1399 506 1463 553 ΙΝ
1505 506 1643 553 GAP.
1691 506 1779 551 ΧΠ
1820 506 1978 551 LIBRI
2020 505 2380 552 SAPIENTIAE.
2426 525 2508 534 -
2547 506 2690 551 An'r.
2735 506 2824 551 ΧΠ

3335 486 3456 549 525

354 686 453 741 tes
486 678 633 741 illos
668 678 935 760 ejiciens
982 687 1045 742 et
1074 678 1392 755 occidenS,
1430 681 1625 739 dabas
1649 679 1858 755 poeni-
1886 675 1937 737 A
1970 685 2064 739 est
2104 676 2380 759 praesciti
2415 696 2490 740 ac
2529 678 2809 759 reprobi.
2843 676 3052 739 Nihilo
3093 676 3309 739 minus
3343 676 3455 738 bo-

360 780 581 839 tentioe
614 781 820 837 locum
852 778 1148 855 residuiS,
1185 785 1253 839 ut
1290 776 1529 839 dictum
1564 784 1678 838 est.
1714 775 1857 839 Ideo

357 892 621 955 quoque
668 893 799 938 non
840 875 1034 937 simul
1074 874 1523 938 exterminavit
1568 873 1730 951 illos,
1778 893 1858 936 ne

360 982 533 1035 terra
567 973 682 1035 illa
710 982 837 1035 tam
871 992 1122 1055 magna,
1148 992 1263 1056 pro
1299 972 1525 1053 grandi
1555 980 1734 1054 parte
1767 990 1860 1035 re-

95 1090 327 1137 mmam.
358 1072 689 1151 digeretur
747 1072 814 1134 in
875 1073 1314 1153 solitudinem,
1371 1079 1434 1134 et
1489 1072 1580 1134 sic
1639 1071 1858 1135 bestiae

48 1156 99 1181 '³'
359 1169 953 1253 multiplicarentur
997 1172 1064 1234 in
1112 1190 1189 1235 ea
1234 1178 1453 1233 contra
1492 1169 1803 1233 israelitas
1841 1186 1855 1231 z

360 1270 672 1351 quoniam
724 1269 848 1332 filii
900 1270 1087 1333 lsrael
1145 1289 1276 1333 non
1324 1277 1619 1352 poterant
1666 1276 1855 1331 totam

362 1377 597 1430 terram
632 1368 809 1430 illam
842 1367 1247 1431 sufficienter
1276 1368 1583 1449 populare
1614 1374 1741 1428 tam
1773 1365 1862 1428 ci-

361 1474 449 1543 to,
486 1475 557 1528 ut
588 1468 656 1527 in
688 1467 1177 1530 Deuteronomio
1207 1465 1461 1546 legitur.
1500 1469 1642 1541 Non
1676 1467 1859 1541 ἑρπο-

358 1586 521 1625 rans
580 1568 895 1644 quoniam
952 1567 1187 1644 iniqua
1235 1574 1325 1625 est
1382 1566 1563 1625 natio
1612 1583 1856 1635 eorum,

360 1672 519 1745 puta
556 1663 1080 1740 Chananaeorum,
1115 1662 1179 1725 id
1219 1671 1315 1726 est
1353 1682 1389 1724 a
1427 1661 1761 1743 juventute
1798 1668 1862 1723 et

360 1761 643 1844 pueritia
686 1761 863 1824 vitiis
905 1770 1177 1839 assueta,
1211 1772 1271 1822 et
1300 1763 1633 1822 naturalis
1671 1761 1861 1819 mali-

1970 795 2087 838 nus
2118 784 2182 839 et
2211 776 2354 857 pius
2385 776 2548 837 Deus
2583 775 2736 839 fecit
2768 794 2882 857 pro
2913 775 3168 838 illorum
3203 792 3460 837 conver-

1970 874 2171 951 sione,
2205 876 2374 955 quod
2415 883 2548 937 erat
2589 874 2655 937 in
2687 893 2789 953 se3
2831 883 2891 937 et
2923 874 3076 955 quia
3115 882 3243 936 tam
3283 870 3461 934 diffi-

1970 973 2175 1036 culter
2202 972 2653 1037 convertibiles
2685 981 2886 1049 erant,
2905 971 3212 1055 paulatim
3245 991 3318 1035 ac
3348 971 3458 1033 diu

1969 1072 2302 1134 admonuit
2341 1090 2466 1135 eos.

2052 1173 2186 1233 Nec
2209 1174 2440 1231 time-ns
2471 1173 2782 1251 aliquem,
2812 1174 3072 1232 veniam
3101 1172 3294 1231 dabas
3317 1190 3462 1249 pec-

1968 1272 2129 1329 catis
2153 1272 2457 1330 illorum:
2473 1269 2538 1331 id
2569 1280 2828 1346 est,non
2853 1268 3156 1331 distulisti
3187 1270 3462 1351 punitio·

1971 1386 2117 1430 nem
2149 1368 2794 1443 Chananaeorum‚nec
2827 1368 3162 1450 pepercisti
3201 1368 3462 1449 quibus-

1972 1468 2115 1529 dam
2161 1486 2380 1531 eorum
2419 1485 2496 1529 ex
2536 1466 2763 1529 timore
2801 1466 3074 1547 alicujus
3113 1466 3460 1548 superioris

1972 1574 2081 1628 aut
2118 1566 2520 1649 potentioriS,
2554 1585 2754 1646 quum
2798 1572 2861 1628 tu
2906 1565 2993 1627 sis
3035 1566 3350 1630 universis
3388 1586 3461 1629 ac

1972 1664 2243 1744 singulis
2287 1662 2546 1741 infinite
2584 1664 2903 1745 potentior
2946 1663 3462 1746 incomparabili-

1973 1771 2196 1844 terque
2245 1762 2600 1839 sublimior,
2646 1781 2764 1825 nec
2809 1762 3116 1845 appellari
3171 1773 3378 1844 potest
3424 1784 3462 1825 a

364 1863 460 1921 tia
490 1863 808 1938 ipsorum,
845 1859 907 1921 id
947 1870 1043 1923 est
1082 1859 1148 1922 in
1189 1858 1715 1923 consuetudinem
1746 1858 1861 1919 du-
1898 1858 1943 1919 B
1974 1870 2081 1925 tuo
2110 1860 2372 1942 judiciO.
2403 1863 2558 1930 Quis
2589 1864 2766 1922 enim
2801 1864 2970 1922 dicet
3002 1863 3145 1932 cibi,
3170 1865 3344 1931 Quid
3370 1866 3462 1942 fe·
3591 1869 3656 1923 12

362 1967 486 2034 cta,
530 1978 675 2041 quae
706 1968 801 2021 est
838 1958 1039 2021 altera
1078 1967 1326 2035 natura,
1360 1967 1422 2021 et
1451 1958 1601 2039 quia
1630 1976 1705 2020 ex
1738 1956 1862 2017 dis-

363 2058 687 2139 positione
718 2076 849 2119 suae
886 2056 1347 2138 complexionis
1379 2065 1557 2119 erant
1588 2054 1860 2117 multum

366 2156 553 2239 proni
596 2156 675 2218 ad
708 2156 885 2220 vitia.
920 2156 1395 2233 Verumtamen,
1436 2155 1601 2217 sicut
1639 2172 1860 2236 pecca-

367 2264 503 2317 tum
544 2263 641 2317 est
678 2264 899 2318 contra
941 2254 1273 2330 rationem,
1306 2272 1451 2335 quae
1489 2254 1862 2335 deprecatur

364 2363 429 2417 et
477 2354 749 2417 inclinat
786 2354 863 2416 ad
910 2353 1193 2434 optima;
1226 2352 1318 2415 sic
1358 2360 1454 2414 est
1492 2360 1711 2414 contra
1756 2368 1863 2412 na-

364 2461 575 2515 turam
617 2452 783 2514 bene
816 2451 1173 2513 institutam
1215 2469 1325 2513 seu
1364 2450 1697 2529 integram,
1733 2466 1859 2511 non

364 2558 758 2631 corruptam,
816 2558 879 2613 et
936 2548 1317 2611 innaturale.
1373 2548 1631 2630 Propter
1690 2546 1859 2628 quod

366 2646 617 2710 Tullius
677 2648 979 2712 virtutem
1035 2645 1357 2709 definiens
1420 2664 1435 2708 ε
1482 2645 1717 2719 virtus,
1766 2645 1863 2707 in-

365 2746 530 2827 quit,
576 2754 674 2809 est
720 2745 977 2808 habitus
1026 2752 1267 2807 naturae
1318 2743 1679 2825 rationique
1718 2761 1863 2805 con·

365 2864 481 2907 sen
494 2853 738 2908 laneus,
763 2847 850 2906 Ec
870 2846 1181 2924 quoniam
1200 2864 1329 2905 non
1344 2852 1595 2922 poterat
1615 2841 1864 2902 mutari

365 2945 671 3021 coyicatio
700 2944 915 3003 cordis
950 2944 1219 3001 illorum
1252 2960 1445 3023 prava
1476 2941 1553 3003 ad
1593 2939 1857 3013 bonum,

364 3043 443 3102 in
482 3050 873 3119 perpetuum
922 3062 944 3101 .·

364 3148 664 3223 poterant
704 3138 883 3203 flecti
924 3147 987 3201 et
1023 3139 1375 3215 emendari,
1408 3146 1628 3219 utpote
1668 3137 1863 3200 obsti-

366 3237 504 3300 nati
549 3256 566 3299 t
610 3255 738 3300 non
787 3244 999 3299 tamen
1040 3236 1421 3318 simpliciter
1474 3235 1863 3299 inconverti-

368 3335 534 3397 biles
577 3342 781 3411 erant,
824 3341 1045 3416 utpote
1094 3332 1366 3395 liberum
1416 3333 1721 3395 habentes
1764 3352 1865 3394 ar-

366 3433 660 3510 bitrium,
714 3434 1001 3497 nondum
1057 3432 1473 3495 determinate
1526 3430 1727 3494 fixum
1783 3432 1862 3494 ad

368 3551 597 3594 unum.

146 3640 219 3695 Η
450 3634 685 3692 Samen
716 3631 894 3691 enim
923 3639 1064 3691 erac
1102 3632 1523 3690 maledictum
1560 3632 1639 3690 ab
1668 3630 1863 3689 inicio

371 3730 671 3792 secundae
700 3728 902 3791 aetatis
944 3728 1189 3789 mundi.
1215 3726 1369 3789 Nam
1411 3746 1556 3791 mox
1594 3736 1739 3809 post
1766 3726 1863 3788 di-

41 3855 335 3902 Gen.1x.22.
370 3827 643 3906 luvium,
664 3846 861 3908 quum
894 3826 1088 3889 Cham
1122 3825 1300 3887 filius
1329 3825 1457 3888 Noe
1487 3826 1867 3888 ostendisset

373 3925 683 3988 fratribus
714 3924 846 3987 suis
877 3925 1075 4006 patris
1106 3924 1206 3985 sui
1238 3923 1471 3999 virilia,
1492 3924 1741 3986 locutus
1770 3931 1867 3986 est

370 4025 502 4089 Noe
537 4044 551 4088 ε
586 4023 951 4087 Maledictus
1001 4022 1321 4098 Chanaan,
1374 4041 1593 4086 servus
1651 4040 1863 4085 servo-

372 4142 515 4186 rum
551 4123 673 4186 erit
714 4120 1020 4183 fratribus
1057 4120 1211 4182 suis.
1247 4119 1699 4183 Verumtamen
1740 4140 1867 4183 ma-

62 4042 91 4084 1
94 4041 196 4085 hid,
226 4043 303 4083 25.

1970 1962 2170 2021 cisti?
2219 1959 2280 2021 id
2324 1968 2440 2036 est,
2480 1959 2693 2021 nullus
2746 1968 2808 2022 te
2846 1960 3310 2041 reprehendere
3361 1978 3463 2041 po-

1970 2067 2132 2121 test:
2157 2058 2333 2140 juxta
2372 2057 2532 2119 illud
2564 2057 2641 2119 ad
2673 2058 2985 2121 Romanos
3013 2075 3026 2119 :
3060 2058 3108 2121 Ο
3136 2058 3350 2136 homo,
3394 2066 3461 2120 tu
3492 2078 3754 2129 flammeo.

1972 2157 2117 2237 quis
2175 2176 2266 2233 eS,
2311 2155 2420 2237 qui
2483 2157 2865 2238 respondeas
2921 2157 3096 2220 Deo?
3143 2156 3462 2239 Numquid

1972 2254 2126 2316 dicit
2157 2253 2536 2334 figmentum
2577 2254 2634 2316 ei
2677 2254 2789 2335 qui
2829 2272 2896 2317 se
2928 2255 3140 2333 finxit,
3171 2253 3330 2329 Quid
3364 2275 3467 2320 me

1975 2352 2182 2416 fecisti
2227 2353 2363 2416 sic?
2395 2352 2545 2429 Hoc,
2581 2353 2865 2433 inquam,
2902 2371 3088 2417 nemo
3127 2362 3331 2436 potest
3373 2356 3467 2417 di-

1972 2470 2117 2515 cere
2156 2452 2234 2513 de
2271 2452 2434 2532 jure,
2467 2450 2761 2532 quamvis
2802 2452 2880 2513 de
2921 2450 3086 2514 facto
3124 2452 3272 2533 quis
3312 2452 3464 2515 irra-

1976 2548 2370 2612 tionabiliter
2419 2548 2608 2611 dicat.
2652 2553 2789 2611 Aut
2827 2552 2974 2629 quis
3013 2553 3206 2611 stabit
3243 2562 3468 2613 eontra

1959 2649 2301 2726 judicium
2329 2657 2512 2708 tuum
2544 2648 2620 2709 ad
2654 2647 3080 2711 resistendum
3111 2647 3468 2713 efficaciter

1974 2746 2077 2809 ei?
2107 2746 2458 2809 secundum
2492 2746 2651 2808 illud
2684 2746 2856 2809 lsaiae
2891 2766 2904 2809 :
2942 2746 3048 2810 Vae
3079 2747 3190 2828 qui
3219 2758 3468 2812 contra·
3508 2771 3573 2815 ι..
3594 2772 3750 2821 nm.

1973 2844 2128 2907 dicit
2168 2843 2392 2907 factori
2440 2862 2577 2907 suo.
2613 2844 2932 2926 Numquid
2963 2846 3119 2909 dicit
3150 2846 3353 2909 lutum
3392 2846 3468 2909 fi-

1974 2942 2124 3023 gulo
2157 2961 2284 3014 suo,
2301 2940 2459 3015 Quid
2495 2941 2844 3004 faciszut
2874 2946 3020 3022 quis
3041 2946 3112 3005 in
3133 2956 3466 3022 conspectu

993 3040 1058 3102 id
1106 3048 1222 3118 est,
1269 3040 1453 3102 valde
1508 3037 1863 3101 difficulter
1900 3042 1943 3107 C
1977 3051 2082 3102 cuo
2120 3043 2331 3101 veniet
2364 3043 2607 3101 vindex
2645 3043 3027 3121 iniquorum
3065 3046 3406 3105 hominu-m
3436 3050 3468 3105 Ρ

1976 3140 2039 3202 id
2072 3148 2188 3212 est,
2210 3139 2425 3201 nullus
2458 3139 2687 3221 poterit
2717 3149 2866 3203 ante
2897 3148 2957 3203 te
2987 3160 3356 3224 comparere
3385 3144 3465 3206 ad

1974 3238 2432 3301 vindicandum
2483 3238 2547 3300 in
2599 3246 2660 3301 te
2710 3238 3108 3320 punitionem
3162 3250 3270 3303 aut
3318 3240 3467 3305 co'n-

1974 3338 2446 3399 demnationem
2487 3336 2880 3418 iniquorum,
2910 3356 3072 3418 quos
3115 3339 3322 3421 poenis
3365 3341 3466 3403 ad·

1973 3435 2222 3517 judicas
2257 3452 2271 3497 :
2309 3435 2462 3517 quia
2502 3436 2563 3496 in
2609 3434 2852 3497 ditione
2900 3443 3007 3498 tua
3045 3445 3273 3500 cuncta
3317 3447 3466 3501 sunt
3492 3461 3758 3512 natamus,

1976 3532 2202 3614 posita,
2237 3541 2300 3595 et
2329 3550 2458 3594 non
2499 3540 2594 3594 est
2625 3532 2737 3612 qui
2777 3540 2899 3595 tuae
2939 3533 3142 3615 possit
3171 3535 3464 3599 resistere
3494 3526 3536 3567 ⁹·

1974 3629 2311 3705 voluntati,
2354 3637 2462 3691 aut
2511 3636 2689 3691 tuum
2742 3630 3080 3711 reprobare
3122 3632 3460 3712 judicium.

1975 3728 2117 3790 Ideo
2147 3727 2214 3789 in
2243 3727 2359 3789 Job
2399 3725 2602 3789 fertur
2635 3744 2648 3787 :
2691 3726 2754 3789 Si
2788 3725 3096 3792 fortitudo
3127 3730 3459 3810 quaeritur,
3505 3746 3740 3799 ammo.

1977 3825 2454 3889 robustissimus
2493 3832 2623 3903 est3
2666 3825 2719 3887 si
2767 3826 3030 3907 aequitas
3070 3828 3321 3909 judicii,
3362 3849 3465 3893 ne-

1976 3944 2080 3988 mo
2109 3925 2299 3987 audet
2332 3942 2446 4006 pro
2476 3943 2579 3986 me
2612 3924 3048 3988 testimonium
3077 3926 3311 3990 dicere.
3342 3928 3466 3991 Un-

1976 4024 2054 4086 de
2102 4042 2320 4085 rursus
2369 4030 2624 4084 sauctus
2669 4021 2786 4085 Job
2837 4022 3045 4086 fassus
3097 4034 3192 4087 est
3242 4045 3256 4090 :
3305 4026 3467 4090 Vere
3515 4041 3742 4093 maza.

1976 4121 2129 4199 scio,
2164 4120 2334 4202 quod
2372 4139 2501 4183 non
2542 4120 2935 4201 ¹iustificetur
2977 4122 3168 4186 homo
3210 4142 3470 4206 compo-

373 4221 633 4285 ledictio
682 4220 795 4282 illa
838 4218 1133 4283 Chanaan
1187 4217 1311 4280 filii
1354 4218 1572 4297 Cham,
1608 4228 1671 4282 et
1710 4220 1867 4282 Cha·
1895 4220 1944 4281 D
1976 4220 2136 4282 situs
2169 4220 2337 4299 Deo;
2385 4219 2438 4281 si
2471 4218 2744 4285 voluerit
2773 4221 3158 4284 contendere
3187 4241 3334 4284 cum
3366 4241 3464 4300 e0,

376 4340 742 4384 nanaeorum
787 4327 1080 4382 natorum
1122 4337 1197 4380 ex
1225 4317 1542 4395 Chanaan‚
1579 4337 1706 4381 non
1738 4318 1865 4380 fuit

372 4419 500 4481 nisi
532 4417 811 4480 addictio
850 4417 932 4478 ad
962 4416 1251 4496 quaedam
1291 4415 1665 4497 temporalia
1696 4416 1862 4478 mala

373 4516 652 4600 poenalia
678 4533 692 4577 ε
718 4514 1023 4597 quoniam
1054 4514 1178 4576 filii
1213 4532 1327 4596 pro
1358 4522 1693 4596 parentum
1726 4534 1867 4597 pec·

370 4616 531 4679 catis
572 4632 701 4677 non
744 4612 1216 4675 maledicuntur
1258 4621 1564 4693 quantum
1604 4614 1685 4676 ad
1728 4614 1866 4676 ani-

371 4734 567 4791 mam,
602 4731 717 4796 per
746 4711 1179 4794 spiritualium
1220 4712 1717 4776 subtractionem
1760 4714 1866 4776 bo-

370 4830 626 4884 norum,
662 4817 732 4871 ut
772 4809 1025 4891 plenius
1063 4809 1191 4870 dixi
1234 4828 1425 4891 super
1452 4808 1769 4888 Genesim,
1802 4819 1865 4875 et

372 4928 569 4992 super
606 4907 965 4984 Jeremiam,
1000 4926 1073 4969 ac
1114 4906 1271 4970 alibi
1310 4926 1499 4988 saepe.
1534 4908 1866 4972 Verumta-

368 5026 521 5071 men
552 5026 630 5069 ex
660 5005 773 5067 illa
810 5004 1259 5068 maledictione
1288 5014 1579 5086 poterant
1618 5011 1856 5089 posteri

370 5106 708 5191 proniores
736 5122 875 5167 esse
902 5104 981 5165 ad
1012 5103 1189 5180 vitia,
1223 5122 1389 5185 aegre
1429 5103 1706 5168 ferentes
1737 5126 1866 5169 ser·-

366 5204 564 5271 vituti
612 5222 681 5266 se
728 5221 867 5266 esse
912 5200 1253 5282 subjectos.
1300 5202 1409 5265 Vel
1462 5221 1689 5266 sensus
1740 5215 1857 5281 est,

366 5304 543 5387 quod
576 5304 643 5366 in
676 5300 1075 5383 praescientia
1093 5299 1199 5363 Dei
1232 5309 1413 5363 erant
1441 5300 1864 5381 maledicti,id

1977 4337 2103 4381 non
2142 4318 2375 4400 poterit
2402 4318 2461 4379 ei
2502 4319 2887 4399 respondere
2929 4338 3124 4380 unum
3170 4338 3284 4401 pro
3324 4319 3470 4382 mil·

1978 4413 2058 4477 le.
2082 4418 2219 4475 Aut
2264 4416 2412 4494 quis
2457 4415 2576 4473 tibi
2611 4417 2989 4491 imputabit,
3035 4417 3098 4476 si
3139 4419 3466 4493 perierint

1975 4514 2267 4574 naciones
2314 4533 2476 4592 quas
2529 4522 2600 4573 tu
2641 4514 2856 4590 fecisti
2885 4516 2916 4573 ἒ
2965 4514 3029 4575 id
3081 4522 3196 4589 est,
3254 4514 3470 4577 nullus

1980 4611 2145 4673 valet
2174 4610 2288 4673 tibi
2329 4611 2500 4692 juste
2539 4610 2854 4691 imputare
2886 4612 3293 4693 pereuntium
3326 4632 3472 4695 pec-

1976 4718 2116 4773 cata
2163 4728 2235 4771 ac
2283 4716 2644 4773 tormenta:
2678 4710 2985 4789 quoniam
3033 4720 3345 4792 quantum
3401 4713 3466 4775 in

1978 4818 2039 4872 te
2082 4816 2200 4884 est,
2235 4807 2484 4869 nullum
2533 4807 2742 4890 perire
2793 4808 3146 4889 permittis3
3181 4808 3310 4872 imo
3355 4829 3469 4893 per

1977 4906 2318 4970 instinctus
2348 4906 2600 4970 divinos
2637 4915 2828 4988 atque
2867 4907 3189 4988 angelicos
3219 4929 3290 4973 ac
3320 4910 3466 4973 aliis

1976 5006 2170 5069 variis
2202 5004 2408 5067 modis
2438 5006 2516 5067 ad
2555 5006 2822 5069 salutem
2853 5005 3150 5069 hortaris.
3191 5006 3310 5081 Qui
3352 5028 3467 5090 per

1974 5103 2366 5167 Ezechielem
2399 5104 2646 5167 locutus
2677 5122 2784 5166 es:
2820 5104 3138 5186 Numquid
3171 5106 3463 5171 volunta·
3544 5126 3717 5172 Ezech.

1974 5204 2057 5267 tis
2106 5222 2257 5265 meae
2305 5209 2400 5265 est
2448 5220 2617 5265 mors
2666 5202 2871 5283 impii,
2916 5213 2981 5266 et
3027 5223 3156 5268 non
3204 5214 3272 5267 ut
3319 5224 3468 5270 con·
3493 5192 3696 5243 ¹⁹⁰¹·23·

1975 5309 2258 5370 vertatur
2302 5321 2341 5364 a
2377 5300 2500 5364 viis
2546 5301 2700 5375 suiS,
2742 5308 2807 5363 et
2851 5301 3076 5367 vivat?
3121 5302 3468 5369 Verumta-
