4284 6267
1122 514 1475 565 malumno
1517 514 1581 563 m
1622 514 1760 561 GAP.
1807 514 1851 559 11
1890 516 2327 565 nchEsmsTAE.
2373 535 2452 571 -τ-
2493 516 2636 565 Am.
2681 518 2726 563 u

3350 499 3464 563 221

1518 928 2168 1015 ARTICULUS
2245 931 2324 1014 Π
2411 898 2424 907 ’

878 1202 1192 1249 Exposmo
1235 1202 1517 1248 cAPlTnu
1563 1200 1818 1248 SECUNDI
1865 1202 1879 1246 :
1926 1201 2057 1247 mxl
2100 1201 2258 1248 ERGO
2301 1202 2365 1247 IN
2407 1202 2602 1249 colum
2642 1204 2786 1265 MEO,
2835 1204 2968 1259 mc.

515 1479 591 1544 IC
644 1481 1092 1564 multipliciter
1140 1481 1438 1545 Salomon
1485 1482 1688 1556 docet,
1742 1497 1869 1543 non
1898 1478 1950 1540 A
1981 1479 2340 1543 Corinthios
2382 1500 2641 1564 quoque
2681 1483 2968 1547 scribens
2998 1484 3251 1562 PauluS,
3285 1486 3472 1549 docet

537 1581 939 1658 felicitatem,
988 1581 1095 1643 sed
1140 1580 1505 1655 vanitatem,
1550 1579 1618 1641 in
1655 1597 1872 1660 corpo-
1980 1587 2043 1641 et
2072 1587 2291 1643 monet
2325 1581 2430 1642 :In
2461 1579 2782 1659 omnibus,
2817 1582 3140 1663 inquienS,
3177 1583 3473 1647 exhibea·
3535 1604 3760 1661 neom«.

369 1678 612 1742 ralibus
661 1678 853 1741 bonis
898 1697 971 1741 ac
1014 1678 1262 1741 deliciis
1310 1676 1519 1740 carnis
1566 1676 1871 1740 consiste-

372 1796 461 1840 re.
483 1778 705 1859 Itaque
737 1776 804 1838 in
834 1796 1107 1859 persona
1133 1775 1411 1838 hominis
1451 1775 1723 1838 earnalis
1756 1774 1871 1837 im-

371 1876 695 1957 peritique
743 1876 1034 1957 loquenS‚
1087 1874 1353 1937 subdit:
1389 1877 1556 1935 Dixi
1600 1894 1745 1953 eryo
1797 1877 1867 1934 in

372 1978 557 2036 eorde.
586 1996 748 2047 meo,
780 1974 845 2035 id
874 1981 994 2050 est,
1025 1992 1102 2036 ex
1143 1991 1271 2056 quo
1312 1972 1552 2049 inveni,
1596 1974 1663 2035 in
1702 1972 1869 2054 sapi-

371 2073 543 2137 entia
567 2084 764 2157 atque
793 2073 1060 2137 scientia
1088 2092 1229 2137 esse
1264 2073 1772 2154 indignationem
1804 2079 1868 2135 et

367 2173 677 2251 dolorem,
711 2193 842 2238 non
874 2174 1157 2255 quietem
1196 2180 1259 2237 et
1299 2172 1759 2237 sufficientiam
1792 2190 1867 2234 ac

367 2270 661 2335 salutem.
696 2271 853 2335 Nam
896 2280 960 2335 et
1002 2272 1271 2335 scientia
1317 2272 1509 2353 hujus
1549 2270 1717 2347 vitae,
1771 2278 1867 2333 est

363 2370 615 2433 modica
648 2387 663 2433 t
694 2379 759 2433 et
787 2379 1029 2452 quanto
1068 2371 1217 2453 quis
1258 2370 1326 2432 in
1360 2369 1626 2433 scientia
1666 2367 1866 2451 profi-

362 2466 469 2543 cit,
506 2476 685 2531 tanto
722 2467 959 2531 clarius
996 2469 1199 2531 cernit
1231 2477 1541 2549 quantum
1579 2487 1617 2531 a
1664 2464 1866 2548 perfe-

362 2573 463 2627 cta
489 2566 783 2629 omnium
822 2586 1037 2629 rerum
1068 2566 1339 2629 scientia
1366 2566 1579 2629 distet.
1600 2565 1865 2646 Propter

364 2665 534 2746 quod
574 2665 751 2729 dolet
798 2665 971 2749 quod
1016 2665 1095 2727 ad
1147 2664 1615 2745 plenitudinem
1669 2663 1868 2726 scien·
1903 2664 1951 2727 B
1980 2664 2267 2742 solveris,
2313 2662 2452 2726 filia
2501 2670 2700 2747 vaga?
2751 2666 2958 2749 Atque
3007 2667 3076 2729 in
3124 2667 3469 2749 Evangelio
3501 2667 3569 2710 ²²·

368 2763 471 2825 tiae
498 2764 726 2845 nequit
757 2764 1145 2846 pertingere.
1183 2764 1327 2827 Ideo
1361 2763 1493 2827 dixi
1526 2763 1694 2826 intra
1721 2781 1821 2825 me
1848 2779 1863 2823 ε

376 2864 646 2930 Vadam,
678 2862 746 2924 id
782 2870 900 2938 est,
936 2861 1015 2924 ab
1054 2864 1473 2945 occupatione
1516 2862 1684 2925 circa
1728 2878 1871 2943 pro·

374 2959 613 3023 fectum
646 2960 979 3042 sapientiae
1016 2969 1079 3024 et
1118 2960 1403 3025 scientiae
1444 2961 1689 3037 abienS,
1725 2978 1865 3041 per-

368 3075 513 3138 gam
560 3059 643 3121 ad
682 3058 937 3140 objecta
980 3059 1337 3123 carnalium
1369 3058 1767 3134 deliciarum,
1802 3068 1861 3118 et

368 3162 663 3235 affluam,
677 3156 742 3219 id
771 3167 889 3232 est,
912 3157 1310 3221 abundanter
1330 3158 1589 3233 vacabo,
1606 3159 1862 3219 deliciis

366 3255 531 3335 gulae
560 3264 625 3319 et
655 3256 867 3334 luxuS,
897 3267 957 3319 et
984 3258 1183 3334 fruar
1211 3259 1391 3318 bonis
1418 3256 1862 3333 exteriorithS,

369 3354 499 3418 illis
549 3354 840 3419 finaliter
888 3355 1279 3419 inhaerendo.
1316 3354 1475 3418 Nam
1532 3354 1665 3419 fine
1715 3354 1873 3418 frui-

372 3474 537 3532 mur,
571 3455 804 3518 mediis
843 3454 1106 3517 utimur.
1136 3457 1218 3517 Ec
1259 3456 1424 3524 vidi,
1452 3454 1518 3516 id
1558 3462 1673 3533 est,
1710 3453 1871 3518 faci-

376 3552 521 3617 liter
548 3552 973 3635 celeriterque
1003 3552 1291 3635 pensavi,
1306 3556 1477 3633 quod
1495 3556 1610 3615 hoc
1628 3574 1875 3635 quoque

378 3662 531 3714 esset
580 3654 869 3723 vanitas,
916 3651 980 3712 id
1027 3658 1123 3714 est
1170 3650 1445 3734 impium
1486 3659 1550 3714 et
1598 3651 1869 3728 brutale,

1979 1697 2119 1741 mus
2170 1678 2592 1761 nosmetipsos
2639 1680 2805 1743 sicut
2856 1680 2961 1745 Dei
3014 1682 3364 1759 ministroS,
3403 1682 3470 1746 in
3499 1670 3584 1712 Η·

1979 1777 2181 1839 multa
2210 1778 2537 1858 patientia,
2575 1778 2640 1841 in
2674 1780 3219 1858 tribulationibus,
3255 1781 3324 1843 in
3359 1801 3472 1844 an-

1974 1876 2225 1955 gustiiS‚
2290 1876 2355 1938 in
2416 1878 2923 1955 necessitatibuS,
2991 1880 3053 1941 in
3118 1880 3342 1962 plagiS‚
3401 1880 3471 1942 in

1975 1974 2358 2053 carceribus,
2393 1975 2460 2037 in
2510 1976 2960 2055 seditionibuS‚
3004 1978 3070 2039 in
3115 1978 3468 2055 laboribuS,

1978 2072 2043 2135 in
2084 2073 2343 2153 vigiliis,
2381 2074 2448 2136 in
2475 2074 2766 2156 JejuniiS,
2803 2074 2873 2138 in
2903 2076 3215 2153 castitate,
3253 2077 3320 2139 in
3351 2078 3473 2140 sci·

1977 2172 2168 2249 entia,
2223 2171 2288 2234 in
2339 2172 2843 2253 longanimitate,
2900 2174 2966 2237 in
3020 2175 3351 2253 suavitate,
3405 2175 3472 2237 in

1976 2269 2218 2351 Spiritu
2267 2270 2516 2349 Sancto,
2570 2272 2636 2333 in
2686 2272 2950 2336 caritate
2999 2292 3128 2336 non
3181 2272 3356 2352 ficta,
3401 2274 3470 2336 in

1977 2369 2172 2433 verbo
2219 2370 2524 2447 veritatiS,
2570 2370 2638 2432 in
2690 2372 2930 2435 virtute
2971 2371 3100 2449 Dei,
3143 2390 3256 2454 per
3295 2391 3471 2435 arma

1974 2466 2236 2547 justitiae
2277 2488 2314 2530 a
2354 2469 2591 2531 dextris
2631 2477 2694 2533 et
2738 2488 2775 2533 a
2815 2469 3118 2532 sinistriS.
3169 2470 3324 2534 Hinc
3375 2470 3469 2535 lo-

1975 2565 2196 2645 quitur
2229 2565 2534 2630 Jeremias
2580 2585 2594 2629 :
2638 2568 2982 2651 Usquequo
3041 2568 3292 2633 deliciis
3344 2570 3472 2632 dis·
3539 2602 3768 2659 Jemm.

1976 2761 2221 2825 Veritas
2256 2783 2270 2827 :
2306 2763 2413 2827 Vae
2442 2764 2626 2828 vobis
2668 2765 2780 2847 qui
2819 2766 3038 2829 ridetis
3089 2786 3284 2844 nunc,
3313 2767 3470 2850 quia
3501 2799 3764 2854 Laenas.

1979 2861 2316 2944 plorabitis
2364 2871 2427 2925 et
2477 2862 2740 2927 flebitis.
2776 2865 2920 2929 Ideo
2963 2865 3272 2948 scriptum
3321 2873 3468 2929 est:

1977 2959 2159 3041 Agite
2209 2980 2400 3039 nunc,
2445 2962 2698 3039 diviteS,
2744 2963 2988 3046 plorate
3037 2964 3356 3028 ululantes
3405 2966 3471 3028 in
3498 2996 3761 3052 10000„‚‚,

1980 3059 2257 3122 miseriis
2290 3079 2432 3142 quae
2463 3062 2806 3125 advenient
2837 3062 3040 3128 vobis.

2047 3160 2338 3235 Coqitavi
2359 3162 2427 3220 in
2451 3163 2638 3220 corde
2666 3180 2824 3231 mec,
2847 3163 3212 3224 abstrahere
3233 3182 3272 3223 a
3294 3164 3472 3233 vine,

1978 3253 2040 3317 id
2073 3265 2170 3319 est
2202 3257 2283 3320 ab
2316 3258 2489 3319 omni
2523 3266 2675 3340 potu
2707 3258 3090 3324 inebriativo
3121 3268 3185 3323 et
3213 3260 3476 3323 delicio-

1974 3356 2069 3432 so,
2097 3353 2565 3419 inflammativo
2596 3365 2660 3419 et
2679 3356 2890 3421 calido
2927 3358 3314 3433 abstrahere,
3334 3379 3476 3421 car-

1976 3474 2125 3515 nem
2154 3474 2385 3523 meam,
2405 3464 2475 3515 ut
2507 3458 2832 3525 animum,
2853 3456 2916 3519 id
2947 3465 3043 3519 est
3073 3456 3474 3521 intellectum

1980 3572 2196 3614 ‘meum
2253 3556 2675 3632 transferrem
2730 3559 2818 3618 ad
2870 3559 3262 3633 sapientiam
3318 3578 3340 3617 .·
3396 3558 3475 3620 ad

1982 3668 2174 3731 quam
2203 3650 2618 3714 obtinendam
2659 3660 2835 3716 tanto
2866 3651 3076 3735 aptior
3117 3651 3195 3716 fit
3233 3654 3471 3731 anima,

3615 3182 3650 3238 3

380 3758 676 3813 avertens
723 3756 1002 3812 mentem
1052 3769 1090 3812 a
1132 3750 1278 3826 Deo,
1332 3756 1397 3812 et
1442 3768 1584 3813 eam
1628 3749 1875 3813 infimis
1982 3756 2223 3829 quanto
2269 3768 2499 3831 corpus
2547 3769 2585 3812 a
2629 3750 3161 3815 delectationibus
3211 3752 3478 3815 carnali-

383 3847 573 3912 rebus
615 3848 881 3911 omnino
919 3848 1325 3929 immergens.
1910 3845 1955 3909 C
1984 3843 2102 3907 bus
2137 3846 2413 3928 amplius
2447 3848 2801 3928 elongatur.
2834 3846 2949 3923 Qui
2981 3848 3152 3913 enim
3189 3859 3360 3911 amat
3391 3849 3478 3913 vi·
3535 3888 3767 3941 mmm,

212 3963 245 4017 2
460 3950 701 4011 Risum
748 3948 1049 4025 reputavi
1096 3967 1405 4016 errorem,
1442 3945 1507 4007 id
1554 3954 1671 4021 est,
1706 3965 1879 4009 erro·
1986 3961 2140 4006 num
2170 3953 2232 4007 et
2263 3944 2546 4027 pinguia,
2581 3965 2711 4011 non
2743 3948 2864 4011 erit
2902 3948 3178 4031 sapiens,
3198 3949 3376 4012 Unde
3409 3949 3476 4013 in
3507 3954 3570 3995 ¹⁷·

384 4064 575 4109 neum
603 4045 887 4128 judicavi
929 4044 1292 4108 inordinato
1336 4044 1497 4106 risui
1537 4051 1600 4107 et
1640 4044 1873 4125 ineptis
1982 4041 2099 4105 Job
2139 4041 2408 4106 habetur
2441 4062 2456 4106 ε
2492 4044 2815 4127 Sapientia
2857 4065 2986 4110 non
3032 4048 3362 4112 invenitur
3407 4048 3474 4111 in
3524 4085 3610 4130 101,
3625 4098 3768 4139 xxvm.

382 4164 453 4207 ac
483 4144 814 4208 dissolutis
857 4143 1095 4207 laetitiis
1137 4144 1349 4207 locum
1381 4143 1567 4221 dare3
1618 4152 1678 4203 et
1709 4163 1877 4221 yau-
1986 4148 2153 4203 terra
2207 4142 2484 4205 suaviter
2540 4143 2918 4208 viventium.
2970 4146 3158 4208 lsaias
3218 4164 3476 4228 quoque
3506 4150 3572 4191 ¹³·
3754 4134 3756 4137 ’

378 4247 487 4305 dio
514 4244 671 4305 dixi
702 4263 726 4303 .·
757 4246 931 4313 Quid
959 4245 1214 4322 frustra
1248 4243 1611 4319 deciperis?
1642 4241 1705 4303 id
1750 4249 1867 4321 est,
1984 4238 2231 4302 inducit
2270 4259 2286 4304 τ
2331 4239 2547 4319 Quem,
2593 4242 2824 4324 inquit,
2855 4228 3113 4307 docebit
3163 4245 3472 4310 Dominus
3505 4283 3768 4338 namus.

377 4343 866 4407 delectationem
897 4340 1215 4404 carnalem
1248 4340 1541 4403 illicitam
1576 4340 1875 4423 reproba·
1983 4337 2358 4401 scientiam?
2390 4346 2453 4401 et
2490 4358 2683 4421 quem
2730 4342 3089 4426 intelligere
3137 4343 3330 4410 faciet
3373 4366 3480 4411 au·

379 4442 463 4518 vi,
515 4459 593 4503 eo
638 4441 810 4522 quod
861 4438 1057 4502 fallax
1094 4438 1197 4514 sit,
1248 4448 1311 4502 et
1356 4440 1436 4502 ad
1486 4447 1867 4521 perpetuum
1982 4435 2227 4500 ditum?
2259 4436 2620 4501 Ablactatos
2649 4458 2687 4501 a
2717 4440 2899 4519 lacte,
2924 4443 3178 4507 avulsos
3214 4444 3294 4507 ab
3326 4445 3480 4509 ube-

375 4538 585 4600 trahat
630 4556 992 4602 moerorem.
1043 4536 1246 4611 Quum
1303 4538 1477 4601 enim
1540 4537 1743 4601 simus
1804 4538 1869 4600 in
1982 4536 2172 4599 ribus.
2189 4537 2682 4618 Devitaremqae
2701 4542 3076 4609 stultitiam,
3096 4542 3160 4604 id
3194 4552 3290 4606 est
3321 4544 3478 4606 insi-

376 4636 609 4699 saeculo
648 4634 770 4698 isto
800 4644 1101 4717 tanquam
1140 4636 1209 4697 in
1239 4635 1463 4699 exsilio
1492 4645 1555 4699 et
1584 4635 1725 4700 loco
1754 4656 1878 4719 pe-

378 4734 841 4815 regrinationis
860 4734 1154 4815 valleque
1186 4733 1610 4809 lacrimarum,
1634 4734 1745 4798 ubi
1776 4754 1875 4799 ac-

385 4832 555 4895 tibus
598 4832 993 4915 poenitentiae
1030 4852 1253 4897 vacare
1297 4841 1568 4914 oportet,
1614 4852 1742 4897 non
1779 4842 1877 4897 est

382 4932 485 4994 hic
520 4931 697 4995 locus
732 4938 840 4993 aut
880 4939 1131 5012 tempus
1169 4930 1415 4994 risuum
1449 4938 1512 4993 et
1552 4932 1871 5013 jocorum,

1983 4634 2292 4718 pientiam
2313 4642 2378 4699 et
2407 4644 2678 4717 peccata,
2688 4639 3038 4719 praesertim
3061 4640 3219 4703 vitia
3242 4642 3470 4719 carnis,

1986 4734 2053 4796 in
2080 4734 2318 4815 quibus
2358 4734 2521 4798 ratio
2549 4736 2827 4800 totaliter
2854 4737 3249 4816 absorbetur,
3283 4744 3481 4802 donec

1987 4836 2290 4907 viderem,
2332 4833 2399 4896 id
2443 4841 2561 4912 est,
2613 4853 2763 4898 vere
2805 4854 3274 4917 cognoscerem,
3309 4842 3471 4918 quid

1984 4943 2137 4994 esset
2175 4934 2336 4994 utile
2361 4934 2526 5011 filiis
2556 4935 2895 4996 hominum
2933 4935 3012 4997 ad
3055 4933 3473 5000 obtinendum

382 5030 517 5093 sive
572 5030 863 5092 inanium
918 5030 1299 5110 gaudiorum
1346 5048 1363 5110 ;
1432 5031 1543 5093 sed
1603 5030 1875 5113 implere
1908 5038 1957 5099 D
1990 5050 2203 5095 veram
2252 5031 2545 5109 salutem,
2579 5052 2704 5113 quo
2735 5034 2909 5110 facco
2936 5052 3094 5110 opus
3126 5044 3216 5095 est
3243 5038 3358 5095 sub
3387 5057 3483 5097 so-

385 5136 636 5211 oportet
680 5128 853 5210 quod
890 5146 1005 5210 per
1030 5128 1269 5192 Joelem
1308 5128 1613 5191 Dominus
1656 5129 1879 5191 exhor·
1990 5134 2068 5202 le,
2102 5129 2167 5191 id
2197 5138 2314 5203 est,
2350 5130 2584 5211 quibus
2614 5130 2914 5212 operibus
2951 5149 3211 5195 neeesse
3252 5132 3336 5194 sit
3364 5133 3478 5197 ho·

139 5246 365 5304 ιωιιωε.
392 5236 576 5305 tatur,
609 5225 1070 5291 convertimini
1118 5228 1196 5290 ad
1244 5246 1347 5289 me
1394 5226 1459 5288 in
1512 5234 1642 5290 toto
1691 5228 1878 5290 corde
1990 5227 2229 5291 minem
2271 5228 2335 5291 in
2381 5228 2501 5291 hac
2544 5228 2675 5293 vita
2710 5246 2850 5291 esse
2888 5228 3228 5307 intentum,
3264 5231 3320 5293 si
3370 5231 3477 5296 de-

394 5334 625 5403 vestro,
658 5327 727 5389 in
754 5324 1025 5408 jejunio,
1057 5334 1121 5389 et
1151 5324 1334 5402 fletu,
1378 5332 1442 5389 et
1468 5324 1750 5407 planctu.
1782 5325 1877 5387 Ad
1990 5327 2138 5391 beat
2175 5327 2428 5406 salvari,
2460 5347 2726 5390 numero
2755 5328 3013 5389 dieram
3047 5328 3198 5391 vitae
3222 5350 3378 5406 suoe,
3414 5330 3482 5396 id
