4284 6267
671 1171 738 1226 18

590 2068 741 2111 Eccle.
770 2081 827 2118 ix,

574 5114 683 5158 Gen.
709 5128 749 5167 n,
774 5119 815 5160 7.

867 483 987 547 510

1554 501 1906 549 BNARRATIO
1948 500 2011 547 IN
2052 500 2192 547 GAP.
2239 501 2280 548 X
2322 502 2480 549 me
2525 503 2883 553 SAPIENTIAE.
2929 524 3010 535 —
3052 506 3191 553 Aur.
3237 506 3280 553 X

854 670 1103 751 ,quibus
1126 671 1423 734 omnibus
1452 670 1973 754 elucescit,quam
2004 672 2361 735 necessaria
2389 670 2442 734 A
2567 678 2740 739 Nam
2783 697 2905 754 per
2951 678 3344 755 sapientiam
3400 678 3620 737 sanati
3665 686 3843 745 sunt,
3895 674 3960 735 id

866 768 951 831 sit
1007 768 1379 833 hominibus
1419 772 1698 849 gratiosa
1745 781 1808 833 et
1856 770 2361 852 supernaturalis

868 865 1258 931 illuminatio
1296 868 1428 945 Dei,
1472 867 1822 950 praesertim
1862 888 2063 950 quum
2105 868 2245 931 sine
2287 888 2364 931 ea

865 982 1211 1043 agnoscere
1250 984 1641 1048 nequeamus
1685 986 1764 1030 an
1804 967 2085 1031 actiones
2129 976 2361 1031 nostrae

864 1062 997 1125 sint
1025 1064 1336 1127 veraciter
1368 1064 1667 1129 virtuosae
1695 1084 1768 1128 ac
1796 1065 2159 1129 meritoriae.
2183 1065 2360 1128 Unde

860 1160 1277 1242 subjungitur
1320 1180 1334 1225 :
1382 1172 1442 1224 et
1482 1166 1542 1223 si
1594 1174 1885 1225 correctoe
1930 1166 2064 1224 sint
2117 1166 2360 1225 semitoe

860 1280 1106 1332 eorum,
1138 1266 1256 1341 qui
1304 1263 1374 1323 in
1418 1264 1607 1323 terris
1634 1271 1807 1334 sunt,
1843 1262 1906 1325 id
1938 1270 2055 1339 est,
2088 1281 2171 1324 an
2211 1280 2361 1344 ope-

862 1358 1139 1422 rationes
1170 1359 1503 1423 hominum
1536 1360 1603 1422 in
1639 1369 1803 1421 terra
1832 1359 2187 1423 viventium
2231 1360 2359 1422 sint

862 1475 900 1519 a
938 1456 1111 1519 vitiis
1148 1458 1519 1533 emendatae,
1558 1466 1621 1521 et
1660 1478 1773 1540 per
1807 1458 2117 1539 justitiam
2167 1477 2240 1521 ac
2283 1457 2359 1519 fi-

862 1554 1004 1617 dem
1052 1554 1389 1619 formatam
1435 1557 1710 1634 directae,
1755 1566 1814 1617 et
1858 1578 2001 1637 qum
2052 1559 2170 1619 cibi
2209 1562 2358 1635 pla-

860 1664 1019 1724 cent,
1038 1658 1395 1716 didicerint
1417 1658 1719 1724 homines,
1736 1655 1799 1718 id
1823 1665 1940 1732 est,
1956 1675 2037 1717 an
2063 1655 2355 1719 homines

862 1753 991 1815 sint
1047 1772 1196 1818 vere
1257 1753 1596 1817 salubriter
1652 1754 2001 1817 informati.
2065 1754 2206 1829 Ista,
2263 1754 2356 1817 in-

2469 778 2586 843 est,
2623 789 2660 832 a
2685 770 2860 833 vitiis
2890 770 3246 854 expurgati,
3264 790 3303 832 a
3328 770 3700 852 passionum
3733 770 3962 832 immo-

2469 867 2775 930 derantiis
2821 867 3171 945 reformati,
3223 869 3304 932 ab
3349 869 3645 949 originali
3703 876 3960 949 peccato

2470 966 2780 1043 mundati,
2815 970 3202 1047 quicumque
3237 972 3628 1045 placuerunt
3669 968 3808 1034 cibi,
3843 968 3960 1027 Do-

2467 1066 2662 1136 mine,
2691 1084 2733 1125 a
2755 1068 3111 1144 principie,
3144 1065 3208 1127 id
3237 1075 3333 1128 est
3365 1065 3445 1128 ab
3487 1064 3745 1128 exordio
3775 1082 3960 1127 mun-

2467 1162 2554 1237 di,
2611 1172 2750 1245 post
2811 1163 3160 1246 primorum
3225 1164 3790 1244 transgressionem
3849 1181 3958 1245 pa-

2467 1271 2742 1324 rentum.
2789 1262 2944 1325 Nam
3002 1271 3066 1326 et
3124 1262 3246 1345 ipsi
3299 1261 3490 1344 primi
3542 1268 3836 1344 parentes
3893 1270 3956 1323 et

2467 1360 2703 1442 posteri
2734 1363 3102 1424 eorumdem
3133 1362 3343 1437 electi,
3379 1381 3492 1443 per
3520 1361 3549 1423 l'
3551 1361 3719 1425 idem
3749 1368 3812 1423 et
3841 1379 3956 1441 per

2465 1460 2795 1542 sapientiae
2823 1460 3060 1523 donum
3105 1468 3255 1523 sunt
3295 1445 3672 1543 recuperati,
3716 1479 3832 1523 nce
3871 1459 3956 1519 si-

2467 1576 2546 1621 ne
2594 1558 2812 1623 divina
2862 1558 3330 1623 illuminatione
3372 1558 3854 1640 poenituerunt:
3891 1567 3954 1621 et

2469 1664 2667 1720 totum
2719 1656 2883 1719 istud
2935 1656 3014 1719 ab
3067 1664 3302 1719 aeterna
3349 1665 3413 1719 et
3452 1657 3730 1720 increata
3775 1657 3956 1738 Sapi-

2465 1755 2637 1817 entia
2672 1755 3169 1819 misericorditer
3217 1764 3663 1837 perceperunt,
3703 1775 3842 1838 quae
3885 1756 3950 1817 in

859 1871 1075 1933 quam,
1114 1852 1264 1915 sciri
1308 1871 1434 1916 non
1484 1861 1748 1933 queunt,
1786 1852 1909 1915 nisi
1960 1871 2073 1935 per
2116 1852 2354 1915 illumi·
2390 1852 2436 1913 B
2467 1851 2600 1916 fine
2648 1853 3024 1917 saeculorum
3067 1854 3414 1929 incarnata,
3457 1852 3742 1935 perfecte
3781 1872 3953 1917 recu-

858 1951 1183 2014 nationem
1216 1960 1414 2026 tuam,
1448 1958 1512 2014 et
1550 1951 1823 2034 Spiritus
1861 1950 2073 2013 Sancti
2103 1951 2354 2015 missio-

2462 1951 2708 2033 peravit
2735 1960 2795 2015 et
2842 1951 3088 2015 sanavit
3135 1969 3335 2032 genus
3367 1952 3740 2028 humanum,
3772 1952 3950 2033 juxta

4095 685 4154 738 19

859 2068 1029 2125 nem,
1055 2068 1253 2130 quum
1285 2049 1592 2131 scriptum
1625 2050 1708 2111 sit
1738 2068 1751 2111 :
1786 2050 1946 2113 Sunt
1972 2048 2127 2131 justi
2161 2059 2353 2131 atque
2461 2048 2620 2111 illud
2667 2068 2682 2111 τ
2733 2050 2893 2113 Ecce
2943 2050 3156 2129 Agnus
3215 2049 3348 2127 Dei,
3402 2068 3549 2112 ecce
3607 2050 3717 2132 qui
3783 2048 3950 2113 tollit
4029 2068 4222 2109 lm.1.

857 2148 1199 2230 sapienteS,
1252 2156 1315 2209 et
1361 2165 1557 2229 opera
1602 2167 1825 2211 eorum
1881 2146 1947 2209 in
1998 2166 2192 2210 manu
2240 2149 2346 2211 Dei

2459 2157 2716 2228 peccata
2771 2148 3016 2211 mundi.
3069 2148 3146 2209 Et
3203 2166 3316 2229 per
3363 2147 3584 2210 lsaiam
3642 2147 3874 2210 dicitur
3927 2137 4050 2212 :²-

854 2255 1038 2326 sunt3
1080 2254 1142 2310 et
1182 2254 1393 2308 tamen
1434 2246 1639 2310 nescit
1668 2246 1860 2310 homo
1896 2254 2103 2308 utrum
2132 2265 2351 2310 amore
2459 2246 2618 2309 Vere
2664 2246 2997 2327 languores
3046 2254 3294 2309 nostros
3339 2246 3476 2328 ipse
3516 2246 3661 2309 tulit
3707 2264 3720 2308 ε
3761 2248 3946 2327 cujus
3977 2270 4220 2318 aumas.

850 2364 932 2409 an
976 2346 1121 2410 odio
1162 2344 1394 2424 dignus
1438 2344 1541 2407 sit.

2459 2344 2658 2408 livore
2701 2344 2902 2407 sanati
2947 2364 3184 2407 sumus,

1990 2766 2646 2854 ARTICULUS
2721 2767 2792 2851 X

996 3039 1375 3087 DEGLARA‘rlo
1418 3040 1697 3087 currum
1743 3039 1948 3085 numm
1994 3039 2007 3084 Ξ
2056 3040 2194 3086 HAEC
2241 3040 2442 3100 utun,
2484 3040 2583 3095 Qut
2628 3040 2848 3087 Plinius
2892 3040 3207 3087 rotmarus
3250 3040 3360 3086 Es‘r
3403 3042 3442 3085 A
3485 3040 3625 3102 DBO,
3667 3040 3796 3087 E'l'C.

980 3319 1587 3399 XCELLENTIAM‚
1640 3320 1963 3403 pietatem,
2014 3328 2077 3384 et
2127 3339 2349 3401 opera·
2383 3321 2426 3385 C
2455 3325 2554 3381 est
2603 3317 2964 3381 facultatem
3017 3319 3273 3399 regendi
3323 3328 3551 3383 cuncta
3599 3320 3933 3399 inferiora3
3979 3346 4208 3390 cmm.

1013 3420 1249 3483 tionem
1290 3438 1554 3482 summae
1586 3428 1650 3481 et
1680 3419 1975 3481 increatae
2007 3418 2347 3500 Sapientiae

852 3518 958 3582 hic
987 3518 1266 3583 ostendit
1289 3536 1402 3600 per
1434 3516 1731 3581 historias
1763 3536 1973 3579 rerum
2002 3525 2343 3597 gestarum.

935 3621 1089 3679 Hoec
1130 3615 1446 3699 sapientia
1486 3617 1702 3689 illum,
1736 3618 1854 3695 qui
1875 3616 2135 3692 primu-s
2181 3613 2346 3676 inter

852 3716 1181 3781 individua
1210 3714 1445 3797 speciei
1488 3714 1803 3789 humanae,
1835 3715 2157 3791 formatus
2185 3723 2276 3773 est
2305 3734 2344 3773 a

850 3820 979 3877 Deo
1022 3824 1212 3893 pater
1259 3816 1430 3875 orbis
1482 3823 1835 3882 terrarum,
1886 3810 1949 3875 id
1989 3821 2087 3873 est
2134 3809 2342 3893 ipsum

849 3913 1048 3975 Adam
1086 3932 1123 3975 a
1166 3912 1292 3975 Deo
1336 3918 1759 3992 procreatum,
1796 3909 1906 3990 qui
1944 3907 2067 3969 fuit
2116 3908 2348 3989 produ-

851 4012 1089 4075 ctivum
1123 4010 1513 4093 principium
1556 4008 1749 4071 totius
1792 4006 2052 4069 humani
2093 4006 2346 4088 generis

852 4108 1063 4191 ipsum
1096 4107 1443 4189 sequentiS,
1463 4128 1667 4187 quum
1695 4110 1865 4167 solus
1893 4114 2044 4166 esset
2072 4115 2346 4175 creatu-3,

852 4208 915 4271 id
958 4217 1053 4271 est
1095 4216 1243 4271 ante
1284 4206 1555 4269 aliorum
1607 4204 1939 4268 hominum
1986 4202 2348 4286 productio·

852 4326 1021 4385 nem,
1058 4325 1185 4371 non
1214 4304 1607 4385 angelorum,
1643 4304 1754 4386 qui
1785 4302 1976 4365 simul
2006 4322 2152 4365 cum
2183 4301 2345 4365 coelo

849 4423 1148 4487 empyreo
1180 4412 1327 4467 sunt
1369 4402 1688 4485 plasmati,
1724 4403 2095 4469 custodivit,
2127 4400 2191 4462 id
2223 4409 2340 4476 est,

2455 3416 2578 3493 vel,
2614 3416 2926 3479 Virtutem
2967 3416 3338 3479 continendi
3367 3418 3584 3481 omnia
3619 3437 3632 3481 :
3666 3419 3818 3500 quia
3843 3420 3932 3481 sic

2455 3515 2630 3577 dedit
2657 3515 2716 3577 ei
2747 3514 3120 3595 originalem
3151 3516 3486 3597 justitiam,
3518 3518 3690 3599 quod
3721 3518 3775 3579 si
3805 3518 3936 3599 ipse

2455 3612 2794 3676 mansisset
2823 3613 2890 3674 in
2920 3632 3013 3685 ea,
3049 3631 3176 3676 non
3207 3614 3586 3696 perdidisset
3621 3634 3800 3678 suam
3833 3635 3937 3698 po—

2454 3712 2824 3775 steritatem.
2859 3712 3040 3774 Dedit
3075 3730 3331 3794 quoque
3366 3714 3423 3775 ei
3457 3713 3757 3777 virtutem
3799 3734 3938 3778 con-

2453 3809 2698 3872 tinendi
2739 3809 2974 3887 omnia,
3010 3810 3073 3872 id
3112 3819 3209 3872 est
3251 3820 3540 3873 naturam
3588 3830 3704 3893 per
3748 3831 3934 3894 quam

2456 3908 2522 3970 in
2570 3927 2638 3971 se
2673 3908 2959 3972 continet
2997 3908 3314 3985 universa,
3358 3909 3650 3973 habendo
3698 3910 3934 3992 aliquid

2453 4025 2792 4071 commune
2822 4026 2966 4069 cum
2999 4006 3282 4087 qualibet
3310 4011 3803 4091 creaturazquia
3833 4028 3939 4091 per

2455 4106 2846 4169 intellectum
2881 4115 2942 4169 et
2973 4106 3282 4169 rationem
3311 4108 3607 4171 convenit
3633 4127 3782 4171 cum
3811 4110 3938 4172 Cre-

2453 4213 2626 4267 atore
2657 4213 2721 4266 et
2758 4203 3036 4285 angelis;
3071 4222 3184 4285 per
3213 4205 3472 4281 sentire,
3505 4225 3654 4269 cum
3697 4207 3934 4285 brutis;

2455 4321 2569 4384 per
2616 4302 2854 4378 vivere,
2901 4320 3046 4364 cum
3094 4302 3372 4384 plantis3
3425 4322 3536 4385 per
3580 4323 3744 4381 esse,
3796 4324 3932 4369 cum

2454 4400 2680 4464 ceteris
2722 4399 3108 4462 inanimatis,
3143 4399 3439 4463 Continet
3487 4402 3678 4465 etiam
3728 4403 3936 4466 omnia

850 4504 917 4566 in
970 4503 1334 4567 innocentia
1379 4500 1797 4577 conservavit,
1849 4517 2184 4581 quousque
2230 4518 2345 4581 per
2377 4502 2426 4563 D
2453 4517 2567 4580 per
2597 4498 2992 4561 intellectum
3021 4506 3211 4581 atque
3241 4501 3635 4572 memoriam,
3670 4502 3824 4583 quia
3851 4502 3936 4565 in-

850 4601 1157 4665 seminam
1192 4610 1256 4665 et
1293 4609 1653 4682 serpentem
1693 4607 1789 4662 est
1819 4597 2065 4675 victus3
2101 4606 2162 4657 et
2189 4601 2344 4658 edu-

847 4704 951 4763 mit
997 4703 1191 4762 illum
1230 4702 1347 4761 de*
1377 4700 1607 4761 delicto
1648 4717 1785 4765 suo,
1818 4696 1880 4758 id
1922 4703 2040 4772 est,
2071 4695 2340 4775 gratiam

846 4798 1251 4865 contritionis
1302 4796 1637 4871 concessit,
1685 4814 1799 4878 per
1846 4812 2038 4875 quam
2100 4794 2180 4857 de
2229 4812 2343 4856 sua

845 4898 1348 4978 transgressione
1396 4893 1717 4978 poenituit.
1754 4897 1841 4956 Et
1878 4894 2112 4953 eduxit
2148 4894 2342 4953 illum

845 5096 925 5159 de
955 5095 1133 5171 limo,
1169 5102 1357 5177 prout
1384 5092 1656 5154 habetur
1685 5091 1751 5152 in
1781 5088 2009 5152 Genesi
2047 5106 2061 5151 ε
2096 5088 2349 5152 Forma-

846 5194 941 5259 vit
970 5194 1167 5274 igitur
1195 5194 1355 5255 Deus
1385 5190 1709 5253 hominem
1738 5189 1819 5252 de
1848 5188 2002 5251 limo
2032 5196 2252 5267 terrae3
2285 5198 2347 5250 et

845 5295 1024 5355 dedic
1067 5294 1175 5353 ilci
1218 5292 1525 5352 virtutem
1566 5288 1945 5349 continendi
1986 5288 2244 5355 omnia,
2277 5284 2342 5349 id

2455 4596 2813 4660 tellectivus
2843 4604 2907 4658 et
2935 4597 3386 4661 memorativus
3415 4599 3851 4662 estomnium.

2531 4698 2630 4757 Ab
2665 4699 2788 4757 hac
2825 4694 3159 4776 sapientia,
3201 4704 3295 4767 ut,
3329 4695 3392 4757 id
3431 4705 3527 4759 est
3571 4706 3926 4780 postquam.

2451 4796 2701 4854 recessit
2743 4794 3049 4870 injustus,
3093 4792 3390 4857 videlicet
3432 4794 3608 4871 Cain,
3642 4796 3757 4877 qui
3796 4804 3932 4878 post

4065 4714 4102 4769 3

2453 4892 2698 4974 lapsum
2731 4910 2858 4954 non
2889 4890 3210 4973 poenituit,
3243 4893 3352 4955 sed
3383 4892 3742 4975 desperavit
3776 4913 3790 4957 t
3825 4894 3930 4957 hla-
3955 4918 4192 4966 naastan.

844 5001 925 5059 de
952 5000 1107 5059 limo
1138 4994 1428 5065 tem-mid
1458 5001 1575 5069 est,
1600 5010 1831 5073 corpus
1862 4991 2003 5072 ejus
2036 4988 2341 5054 formavit
2448 4991 2552 5073 j0r
2589 4998 2684 5053 est
2711 4989 3067 5071 (inquiens)
3096 4989 3401 5071 iniquitas
3439 5010 3600 5068 mea,
3634 5010 3825 5073 quam
3867 5001 3928 5053 ut

2456 5088 2710 5153 veniam
2741 5105 3019 5167 merear;
3055 5090 3126 5148 in
3157 5091 3262 5149 ira
3278 5110 3420 5161 sua,
3455 5088 3517 5150 id
3547 5098 3646 5153 est
3672 5110 3786 5172 per
3817 5092 3928 5153 ira-
3991 5112 4114 5156 tm.
4139 5117 4176 5156 5.

2453 5186 2750 5250 cundiam
2782 5205 2975 5267 quam
3005 5196 3221 5249 contra
3250 5186 3406 5249 Abel
3435 5188 3678 5269 Justum
3716 5206 3926 5253 conce-

2451 5285 2548 5371 pit
2580 5303 2594 5347 :
2627 5284 2733 5348 cui
2760 5293 2824 5347 et
2854 5283 3118 5364 invidit3
3143 5304 3263 5362 per
3291 5287 3462 5347 iram
3489 5289 3850 5357 homicidii,
3867 5286 3924 5347 id
