4284 6267
656 1880 679 1939 t

832 508 952 575 ⁴7⁴

1500 526 1853 577 ΕΠΛΙΙΔΤΙΟ
1894 526 1959 577 ΙΙ
1998 527 2139 577 ffl-
2183 528 2248 577 Π
2287 528 2446 577 ml
2485 530 2844 578 §m-
2887 550 2970 563 —
3007 531 3152 578 m.
3193 530 3258 579 Π

828 700 1257 759 mmrnatiaeme
1283 698 1711 763 damnationis
1734 702 2139 765 erana-sicut
2155 720 2336 784 expo-
2359 703 2410 765 A
2439 710 2503 765 te
2557 712 2946 779 consecrata,
2999 702 3354 767 mortaliter
3401 721 3692 785 peccans,
3739 701 3924 765 adul-

832 796 1025 861 situm
1056 806 1173 861 ost.
1208 797 1551 875 Postremo,
1590 798 1799 863 omnis
1832 801 2048 863 anima
2082 800 2330 865 coelesti

834 896 1081 981 sponso
1113 916 1227 981 per
1260 896 1461 961 sidem
1490 906 1551 961 et
1582 898 1849 979 gratiam
1886 898 1953 962 in
1982 898 2328 983 Baptisma-

2441 810 2572 864 tera
2603 810 2700 865 est
2729 801 2966 866 diaboli
3003 818 3020 863 ε
3051 820 3194 883 quae
3229 821 3376 865 eum
3417 800 3818 863 imitantibus
3851 819 3924 861 se

2437 900 2694 984 peribit.

1940 1278 2606 1366 ARTICULUS
2684 1281 2802 1365 lv

886 1524 1266 1573 unctmnarto
1308 1524 1583 1571 cartwu
1625 1524 1851 1581 Quam
1894 1525 1909 1571 :
1951 1526 1988 1571 0
2029 1524 2201 1581 ΟΠΑΙ
2241 1524 2518 1573 nummu
2559 1525 2670 1573 ¹81·
2711 1524 2906 1573 mara
2945 1526 3288 1574 numano
3329 1527 3449 1574 cul
3487 1516 3864 1574 malurn!

974 1774 1288 1841 STENSA
1318 1774 1676 1839 calamitate
1704 1774 2168 1858 vituperiisque
2197 1792 2332 1857 pra-

2528 1778 2742 1845 Quum
2781 1798 3063 1856 proeaens
3109 1789 3222 1847 eat,
3273 1778 3340 1841 id
3379 1787 3497 1855 est,
3549 1778 3702 1842 dum
3746 1784 3920 1841 casta

1003 1892 1247 1951 vorum,
1302 1874 1595 1939 subditur
1654 1873 1789 1938 laus
1836 1874 2152 1955 justorum
2205 1890 2219 1935 ε
2274 1878 2324 1935 0
2360 1877 2406 1939 Β
2432 1873 2758 1955 generatio
2789 1874 3113 1937 cohabitat
3150 1876 3316 1953 aliis,
3351 1878 3704 1939 imitantur
3731 1878 3915 1935 illam

831 1994 1029 2057 quam
1053 1976 1331 2053 pulchra
1372 1984 1461 2035 eat
1498 1984 1673 2035 casta
1700 1974 2070 2051 qeneratiol
2098 1972 2162 2035 id
2201 1980 2318 2049 est,

832 2071 1237 2153 congregatio
1300 2072 1765 2137 continentium
1828 2080 1925 2135 est
1989 2070 2322 2153 splendida

832 2170 1016 2235 valdo
1050 2186 1063 2233 ε
1096 2178 1289 2245 casta,
1326 2168 1610 2253 inquam,
1643 2170 1969 2251 generatio
2006 2190 2155 2232 cum
2195 2174 2324 2231 cla-

830 2272 1047 2339 ritate,
1068 2268 1129 2333 id
1161 2278 1258 2331 cat
1288 2268 1607 2353 splendori
1640 2268 1968 2352 sapientiai
1996 2288 2071 2331 ac
2093 2268 2325 2333 discre-

834 2366 1024 2433 tionis
1066 2367 1387 2449 adjuncta,
1422 2375 1491 2431 ut
1534 2368 1663 2433 aiut
1698 2367 1857 2433 casti
1892 2368 2210 2450 sapientes
2250 2387 2323 2431 ac

836 2466 1201 2553 prudentes,
1235 2466 1449 2531 omnia
1478 2466 1555 2531 ad
1591 2466 1699 2531 Dei
1736 2467 2001 2547 gloriam
2044 2466 2326 2531 referen-

834 2574 951 2643 tes,
986 2584 1099 2629 nec
1130 2564 1264 2629 auia
1294 2564 1560 2643 viribua,
1595 2567 1705 2629 sed
1736 2565 1845 2631 Dei
1882 2564 2121 2629 auxilio
2159 2565 2326 2629 inni-

836 2672 1059 2742 tentes,
1093 2672 1153 2730 et
1194 2664 1633 2729 castimoniam
1674 2664 2131 2729 adscribentes,
2171 2664 2324 2727 Nam

542 2782 803 2835 Mateta-v.
838 2762 1027 2827 tatum
1086 2762 1365 2843 virgines
1426 2760 1599 2827 inani
1666 2761 1885 2844 gloriae
1940 2762 2194 2839 deditae,
2259 2763 2324 2827 in

834 2860 1173 2941 Evangelio
1205 2860 1635 2945 reprobantur.
1655 2859 2194 2937 Quemadmodum
2225 2880 2328 2923 au·

834 2968 956 3023 tem
988 2959 1054 3023 in
1088 2958 1263 3025 vitiis
1302 2958 1514 3023 carnis
1551 2968 1647 3023 est
1684 2958 1959 3023 maxima
2000 2958 2325 3041 turpitudo

2432 1970 2634 2053 aliqui
2681 1972 2982 2035 aedificati
3027 1974 3110 2037 ab
3150 1974 3280 2053 illa,
3313 1984 3372 2038 ct
3415 1972 3738 2058 provocati
3779 1973 3920 2055 eius

2433 2069 2724 2152 exemplo
2762 2088 2776 2133 ε
2809 2071 2990 2153 juxta
3035 2074 3202 2155 quod
3253 2073 3486 2156 legitur
3535 2073 3602 2135 in
3645 2071 3916 2148 Psalmo,

2431 2168 2586 2231 Cum
2647 2178 2866 2233 sancto
2923 2180 3178 2235 sanctus
3233 2171 3400 2253 eris;
3445 2182 3506 2234 et
3549 2174 3920 2233 desiderant
3947 2183 4210 2229 hamas.

2429 2286 2593 2337 eam,
2615 2266 2678 2332 id
2709 2276 2828 2345 est,
2853 2268 2996 2351 ejus
3023 2270 3422 2351 praesentiam
3455 2270 3692 2333 habent
3719 2268 3920 2331 liben-

2435 2374 2550 2443 tcr,
2612 2374 2674 2429 et
2729 2366 2840 2430 diu
2897 2366 3170 2449 cupiunt
3221 2368 3458 2433 habere
3513 2376 3916 2451 praesentem,

2435 2464 2628 2527 ctiam
2665 2472 2819 2528 tunc
2861 2486 3062 2547 quum
3103 2488 3170 2529 se
3206 2470 3534 2538 educaverit,
3561 2467 3628 2529 id
3675 2474 3794 2542 est,
3843 2467 3924 2529 de

2435 2562 2566 2625 vita
2615 2562 2737 2627 ista
2785 2564 3138 2641 recesserit,
3171 2565 3224 2628 si
3276 2565 3420 2628 fieri
3468 2573 3716 2648 posset3
3745 2575 3808 2627 et
3849 2566 3926 2625 in

2429 2672 2814 2741 perpetuum
2870 2673 3171 2725 coronata
3231 2666 3617 2743 triumphat,
3671 2666 3926 2725 incoin-

2435 2762 2858 2841 quinatorum
2913 2764 3342 2825 certaminum
3385 2763 3738 2841 proemium
3783 2764 3928 2823 vin-

2433 2879 2616 2921 cens:
2633 2860 2698 2922 id
2727 2866 2844 2935 est,
2867 2859 3007 2942 ipsa
3035 2868 3208 2925 casta
3233 2860 3559 2942 generatio
3587 2868 3733 2944 post
3761 2860 3928 2924 banc

2435 2956 2632 3021 vitam
2681 2977 2718 3019 a
2765 2957 2891 3021 Deo
2939 2968 3258 3035 coronata,
3311 2958 3502 3041 plene
3541 2958 3922 3041 triumphat,

830 3066 893 3121 ct
924 3055 1241 3141 praecipua
1272 3056 1662 3135 inhonestas,
1700 3056 1787 3121 ita
1816 3055 1882 3119 in
1910 3055 2204 3121 castitate
2231 3066 2326 3121 est
2360 3050 2404 3115 C
2435 3055 2677 3121 habens
2707 3057 3040 3139 praemium
3074 3057 3696 3140 incoinquinatorum
3727 3066 3928 3123 certa-

832 3156 1022 3221 decor
1054 3155 1279 3237 ingens
1310 3164 1373 3219 et
1402 3154 1699 3219 honestas
1730 3154 2053 3237 praeclara,
2074 3164 2135 3218 et
2165 3172 2328 3237 quie-

831 3255 973 3320 dam
1010 3271 1135 3319 non
1168 3253 1373 3318 solum
1412 3253 1663 3329 animat,
1699 3253 1811 3317 aed
1846 3253 2133 3337 corporis
2171 3272 2328 3336 quo-

831 3372 959 3437 que
990 3352 1303 3417 munditia
1330 3350 1533 3415 :sicut
1562 3360 1623 3415 ot
1654 3350 1810 3417 vitia
1838 3350 2073 3429 carnis,
2092 3370 2326 3435 corpus

830 3450 1239 3533 animamque
1270 3450 1726 3515 contaminant.
1754 3449 1909 3513 Hinc
1944 3458 2202 3513 sanctus
2229 3469 2326 3514 as-

833 3548 987 3613 serit
1032 3548 1383 3633 Cyprianus
1428 3566 1441 3613 :
1488 3548 1799 3613 Pudicitia
1846 3556 1941 3611 est
1990 3566 2326 3613 ornamen-

834 3654 967 3711 tum
1020 3646 1355 3722 nobilium,
1398 3646 1694 3711 exaltatio
1740 3644 2105 3721 humilium,
2151 3646 2328 3711 nobi-

834 3744 979 3811 litas
1026 3745 1430 3827 ignobilium,
1466 3744 1876 3829 pulchritudo
1904 3744 2320 3823 deformium,

834 3844 1117 3910 aolamcn
1178 3844 1611 3917 mun-entium,
1661 3850 2075 3927 augmentum
2130 3842 2324 3908 totius

834 3943 1352 4029 pulchritudinis,
1371 3942 1567 4007 decus
1601 3940 1959 4025 Religionis,
1982 3942 2326 4006 minoratio

832 4040 1200 4116 criminum,
1222 4040 1673 4125 multiplicatio
1702 4038 2099 4117 meritorum,
2120 4040 2327 4104 amica

832 4140 1147 4207 Creatoria
1196 4138 1665 4214 universorum,
1712 4156 2019 4221 sororque
2074 4138 2326 4221 angelo-

2433 3154 2704 3233 minum‚
2725 3155 2788 3219 id
2819 3164 2918 3219 est
2944 3155 3448 3221 resistentiarum
3478 3157 3917 3225 virtuosarum.

2433 3253 2669 3336 quibus
2725 3254 2962 3319 restitit
3005 3254 3466 3318 tentationibus
3521 3254 3920 3337 voluptatum

2431 3360 2494 3415 et
2522 3352 2731 3415 carnis
2759 3360 2952 3434 atque
2980 3352 3240 3429 diaboli,
3271 3372 3432 3436 quas
3471 3352 3596 3415 fuit
3627 3352 3916 3417 vincens.

2515 3454 2882 3529 Mulciyena
2909 3462 3148 3521 autem,
3179 3451 3245 3514 id
3274 3459 3371 3514 est
3399 3450 3817 3515 multiformis
3845 3470 3920 3513 ac

2431 3548 2712 3631 copiosa,
2745 3552 3100 3627 impiorum
3137 3552 3488 3611 multitudo
3519 3570 3545 3611 .·
3579 3550 3690 3632 qui
3731 3549 3920 3611 multi

2433 3656 2580 3711 sunt
2629 3647 2845 3725 nimiS,
2884 3648 3038 3730 quia
3085 3647 3271 3711 multi
3319 3648 3550 3726 vocati,
3591 3658 3654 3712 et
3698 3647 3924 3711 stulto-

2435 3764 2574 3809 rum
2627 3744 2922 3809 int'initus
2959 3755 3058 3810 est
3105 3765 3446 3826 numerus;
3479 3768 3606 3809 non
3637 3748 3763 3809 eric
3791 3747 3924 3808 uti-

2436 3846 2518 3905 lis
2545 3865 2571 3905 .·
2603 3844 2732 3908 imo
2763 3844 2886 3907 sibi
2931 3844 3054 3928 ipsi
3093 3844 3320 3909 nociva
3355 3853 3472 3921 est,
3507 3864 3624 3908 nec
3659 3843 3926 3927 proficit

2430 3942 2512 4005 ad
2561 3941 2869 4023 salutem3
2917 3943 3029 4006 sed
3079 3951 3142 4007 et
3197 3943 3358 4007 alios
3405 3943 3810 4019 scandalizat,
3859 3951 3926 4006 et

2437 4040 2822 4124 multiplicat
2849 4040 3019 4104 mala
3054 4040 3122 4104 in
3161 4049 3348 4107 terra.
3379 4040 3682 4116 Quamvis
3709 4049 3924 4105 autem

2435 4138 2642 4221 iniqui
2669 4156 2798 4203 non
2829 4140 2959 4202 sint
2987 4138 3226 4204 directe
3261 4139 3572 4204 veraciter
3601 4140 3814 4216 utilae,
3833 4140 3929 4203 in·

834 4258 1001 4305 rum.
1030 4240 1425 4303 Inuum-talia
1452 4248 1543 4299 est
1569 4238 1743 4299 em‘m
1775 4239 2083 4299 memoria
2114 4239 2324 4307 celeus,
2361 4236 2406 4301 D
2433 4238 2674 4302 directe
2713 4245 2923 4301 tamen
2954 4257 3032 4301 ex
3069 4237 3468 4302 ordinatione·
3505 4237 3729 4301 divina
3763 4236 3931 4304 mul-

834 4339 897 4404 id
929 4346 1047 4409 cst,
1072 4345 1377 4423 perpetua
1404 4335 2007 4401 commemoratione
2032 4353 2107 4401 ac
2140 4335 2326 4400 laude

542 4456 677 4505 ew».
704 4462 801 4509 m.
834 4446 927 4501 est
970 4437 1185 4519 digna,
1218 4435 1569 4499 secundum
1621 4434 1803 4508 illud,
1835 4433 2131 4498 Memoria
2169 4434 2322 4517 iusti

834 4556 981 4603 cum
1014 4536 1311 4601 laudibus
1330 4553 1347 4608 ;
1368 4538 1681 4617 quoniam
1700 4544 1760 4595 et
1787 4536 1969 4613 apud
1986 4537 2194 4595 Deum
2225 4554 2328 4595 no-

836 4647 897 4697 ta
928 4646 1045 4701 eat.
1072 4644 1131 4695 et
1162 4638 1341 4715 opud
1370 4635 1683 4698 nonnanes.
1722 4632 1787 4695 id
1834 4642 1931 4697 cst
1974 4632 2328 4715 approbata

832 4734 901 4799 in
940 4744 1155 4799 mente
1196 4732 1301 4797 Dei
1340 4740 1403 4797 et
1446 4730 1925 4795 rationabilium
1964 4729 2322 4795 hominum.

832 4833 963 4897 lino
988 4842 1051 4897 et
1082 4830 1207 4915 ipsi
1240 4828 1713 4893 incontinentes
1744 4828 2115 4911 frequenter
2142 4828 2328 4892 valde

830 4930 1278 4997 tainiuiendant
1310 4936 1519 4993 castos
1538 4944 1555 4991 ι
1573 4935 1635 4991 et
1666 4944 1921 5009 semper
1948 4936 2099 4989 sunt
2124 4926 2328 5009 aliqui

830 5030 897 5095 in
930 5028 1211 5093 Ecclesia
1238 5024 1541 5091 militanti
1574 5034 1813 5089 castam
1850 5024 2328 5105 generationem

830 5128 1185 5193 recolentes
1213 5144 1285 5189 ar
1326 5123 1801 5191 collaudantes:
1834 5122 1899 5187 in
1932 5122 2332 5207 triumphan-

830 5226 877 5289 ti
920 5242 1073 5289 νοω
1102 5222 1383 5289 Ecclesia
1424 5238 1759 5303 nunquam
1800 5219 2196 5286 oblivionem
2235 5221 2332 5285 in-

826 5320 1049 5389 currit.

2437 4336 2742 4420 tipliciter
2771 4335 2960 4399 utiles
2989 4346 3162 4399 sunt.
3191 4336 3344 4399 Nam
3373 4346 3438 4399 et
3469 4336 3632 4402 Deus
3661 4344 3790 4399 tam
3821 4336 3930 4399 bo-

2437 4454 2556 4499 nus
2595 4440 2658 4497 et
2695 4434 2952 4517 sapiens
2992 4443 3110 4509 est,
3143 4434 3316 4516 quod
3353 4452 3484 4499 non
3531 4435 3928 4517 permitteret

2435 4552 2576 4599 esse
2603 4533 2794 4609 mala,
2823 4532 3078 4595 inutilia
3103 4552 3178 4597 ac
3209 4532 3458 4599 nociva.
3491 4532 3615 4595 nisi
3645 4532 3838 4597 vellet
3863 4540 3932 4595 et

2435 4639 2650 4715 posset
2677 4630 2894 4713 aliqua
2929 4630 3100 4695 bona
3127 4639 3320 4713 atquc
3359 4631 3652 4715 proficua
3683 4650 3764 4695 ex
3799 4630 3932 4693 illis

2436 4730 2690 4795 elicere.
2740 4730 2902 4794 Sunt
2949 4730 3166 4812 itaque
3223 4730 3376 4794 mali
3431 4731 3644 4794 utiles.
3693 4730 3928 4804 Primo,

2437 4829 2590 4912 quia
2631 4846 2748 4911 per
2781 4846 2894 4893 eos
2935 4828 3122 4893 electi
3157 4837 3510 4911 purgantur
3542 4838 3608 4891 et
3639 4848 3936 4893 exercen-

2439 4938 2544 4991 tur
2591 4926 2658 4989 in
2708 4926 2844 4991 vita
2889 4926 3210 5009 presenti.
3263 4926 3578 5003 Secundo,
3625 4927 3932 5008 quoniam

2438 5026 2644 5091 bonos
2669 5034 2730 5089 et
2772 5032 3024 5089 sanctos
3063 5024 3506 5107 persequendo
3541 5033 3607 5087 et
3643 5024 3940 5088 occiden-

2437 5125 2544 5194 do,
2561 5131 2712 5185 sunt
2739 5122 2834 5186 eis
2863 5123 3286 5187 maximorum
3315 5123 3630 5186 bonorum
3657 5121 3930 5192 oce-sio,

2439 5230 2662 5305 utpote
2703 5220 3080 5283 sublimium
3119 5220 3494 5284 meritorum
3532 5239 3608 5283 ac
3649 5220 3938 5303 promic-

2441 5317 3932 5403 mmtutpatuitinmartyribusettyrannis.

4067 3459 4106 3515 3

3963 3664 4140 3708 lauh.
4151 3677 4214 3708 n.

3953 3731 4019 3778 ¹⁶3
4037 3742 4142 3775 xxa.
4155 3730 4214 3769 tt.

3949 3790 4108 3834 Recte.
4121 3792 4212 3839 1,Ιὶ
