<?xml version="1.0" encoding="UTF-8"?>
<!DOCTYPE html PUBLIC "-//W3C//DTD XHTML 1.0 Transitional//EN"
    "http://www.w3.org/TR/xhtml1/DTD/xhtml1-transitional.dtd">
<html xmlns="http://www.w3.org/1999/xhtml" xml:lang="en" lang="en">
 <head>
  <title>
</title>
<meta http-equiv="Content-Type" content="text/html;charset=utf-8" />
  <meta name='ocr-system' content='tesseract 3.04.00' />
  <meta name='ocr-capabilities' content='ocr_page ocr_carea ocr_par ocr_line ocrx_word'/>
</head>
<body>
  <div class='ocr_page' id='page_1' title='image "./doctorisecstati00denigoog_0641.png"; bbox 0 0 4284 6267; ppageno 0'>
   <div class='ocr_carea' id='block_1_1' title="bbox 838 484 3310 551">
    <p class='ocr_par' dir='ltr' id='par_1_1' title="bbox 838 484 3310 551">
     <span class='ocr_line' id='line_1_1' title="bbox 838 484 3310 551; baseline 0.001 -3"><span class='ocrx_word' id='word_1_1' title='bbox 838 484 959 548; x_wconf 73' lang='lat'><strong>558</strong></span> <span class='ocrx_word' id='word_1_2' title='bbox 1452 502 1801 551; x_wconf 63' lang='lat' dir='ltr'><strong>mammo</strong></span> <span class='ocrx_word' id='word_1_3' title='bbox 1844 503 1908 549; x_wconf 79' lang='lat' dir='ltr'><strong>m</strong></span> <span class='ocrx_word' id='word_1_4' title='bbox 1948 502 2087 550; x_wconf 74' lang='lat' dir='ltr'><strong>cAr.</strong></span> <span class='ocrx_word' id='word_1_5' title='bbox 2134 503 2243 549; x_wconf 78' lang='lat' dir='ltr'><strong>xlx</strong></span> <span class='ocrx_word' id='word_1_6' title='bbox 2286 502 2442 549; x_wconf 77' lang='lat' dir='ltr'><strong>uam</strong></span> <span class='ocrx_word' id='word_1_7' title='bbox 2488 502 2846 550; x_wconf 58' lang='lat' dir='ltr'><strong>sarim-rus.</strong></span> <span class='ocrx_word' id='word_1_8' title='bbox 2892 523 2973 533; x_wconf 94' lang='lat'><strong>—</strong></span> <span class='ocrx_word' id='word_1_9' title='bbox 3013 505 3154 550; x_wconf 64' lang='lat' dir='ltr'><strong>aar.</strong></span> <span class='ocrx_word' id='word_1_10' title='bbox 3201 504 3310 551; x_wconf 76' lang='lat' dir='ltr'><strong>xlx</strong></span> 
     </span>
    </p>
   </div>
   <div class='ocr_carea' id='block_1_2' title="bbox 533 672 4228 2926">
    <p class='ocr_par' dir='ltr' id='par_1_2' title="bbox 832 672 4228 1348">
     <span class='ocr_line' id='line_1_2' title="bbox 836 672 3927 757; baseline 0 -23"><span class='ocrx_word' id='word_1_11' title='bbox 836 674 1005 754; x_wconf 93' lang='lat' dir='ltr'><strong>quod</strong></span> <span class='ocrx_word' id='word_1_12' title='bbox 1050 674 1453 757; x_wconf 90' lang='lat' dir='ltr'><strong>omnipotens</strong></span> <span class='ocrx_word' id='word_1_13' title='bbox 1496 694 1705 738; x_wconf 88' lang='lat' dir='ltr'><strong>sermo</strong></span> <span class='ocrx_word' id='word_1_14' title='bbox 1745 676 1878 751; x_wconf 90' lang='lat' dir='ltr'><strong>Dei,</strong></span> <span class='ocrx_word' id='word_1_15' title='bbox 1915 674 2217 738; x_wconf 78' lang='lat' dir='ltr'><strong>exsiliens</strong></span> <span class='ocrx_word' id='word_1_16' title='bbox 2267 678 2330 736; x_wconf 87' lang='lat' dir='ltr'><strong>et</strong></span> <span class='ocrx_word' id='word_1_17' title='bbox 2360 672 2411 733; x_wconf 88' lang='lat' dir='ltr'>A</span> <span class='ocrx_word' id='word_1_18' title='bbox 2441 693 2612 737; x_wconf 91' lang='lat' dir='ltr'><strong>nunc</strong></span> <span class='ocrx_word' id='word_1_19' title='bbox 2641 673 2927 738; x_wconf 79' lang='lat' dir='ltr'><strong>sufficiat</strong></span> <span class='ocrx_word' id='word_1_20' title='bbox 2955 675 3264 754; x_wconf 88' lang='lat' dir='ltr'><strong>tetigisse,</strong></span> <span class='ocrx_word' id='word_1_21' title='bbox 3283 694 3426 756; x_wconf 83' lang='lat' dir='ltr'><strong>quae</strong></span> <span class='ocrx_word' id='word_1_22' title='bbox 3456 681 3754 756; x_wconf 81' lang='lat' dir='ltr'><strong>praetacto</strong></span> <span class='ocrx_word' id='word_1_23' title='bbox 3783 672 3927 735; x_wconf 90' lang='lat' dir='ltr'><strong>loco</strong></span> 
     </span>
     <span class='ocr_line' id='line_1_3' title="bbox 835 770 3929 855; baseline 0.001 -23"><span class='ocrx_word' id='word_1_24' title='bbox 835 778 1007 833; x_wconf 88' lang='lat' dir='ltr'><strong>stans</strong></span> <span class='ocrx_word' id='word_1_25' title='bbox 1041 772 1105 834; x_wconf 90' lang='lat' dir='ltr'><strong>in</strong></span> <span class='ocrx_word' id='word_1_26' title='bbox 1138 780 1325 849; x_wconf 89' lang='lat' dir='ltr'><strong>terra,</strong></span> <span class='ocrx_word' id='word_1_27' title='bbox 1362 773 1633 855; x_wconf 90' lang='lat' dir='ltr'><strong>replevit</strong></span> <span class='ocrx_word' id='word_1_28' title='bbox 1664 773 1877 836; x_wconf 89' lang='lat' dir='ltr'><strong>omnia</strong></span> <span class='ocrx_word' id='word_1_29' title='bbox 1904 781 2127 836; x_wconf 89' lang='lat' dir='ltr'><strong>morte.</strong></span> <span class='ocrx_word' id='word_1_30' title='bbox 2154 772 2330 835; x_wconf 92' lang='lat' dir='ltr'><strong>Glos-</strong></span> <span class='ocrx_word' id='word_1_31' title='bbox 2437 772 2816 854; x_wconf 80' lang='lat' dir='ltr'><strong>exquisitius</strong></span> <span class='ocrx_word' id='word_1_32' title='bbox 2861 782 3008 835; x_wconf 87' lang='lat' dir='ltr'><strong>sunt</strong></span> <span class='ocrx_word' id='word_1_33' title='bbox 3057 774 3336 837; x_wconf 88' lang='lat' dir='ltr'><strong>inducta.</strong></span> <span class='ocrx_word' id='word_1_34' title='bbox 3369 772 3544 847; x_wconf 87' lang='lat' dir='ltr'><strong>Quod</strong></span> <span class='ocrx_word' id='word_1_35' title='bbox 3583 791 3734 836; x_wconf 87' lang='lat' dir='ltr'><strong>vero</strong></span> <span class='ocrx_word' id='word_1_36' title='bbox 3774 770 3929 834; x_wconf 89' lang='lat' dir='ltr'><strong>alle—</strong></span> 
     </span>
     <span class='ocr_line' id='line_1_4' title="bbox 834 862 4228 952; baseline 0 -23"><span class='ocrx_word' id='word_1_37' title='bbox 834 888 903 930; x_wconf 92' lang='lat' dir='ltr'><strong>sa</strong></span> <span class='ocrx_word' id='word_1_38' title='bbox 934 888 1192 952; x_wconf 90' lang='lat' dir='ltr'><strong>quoque</strong></span> <span class='ocrx_word' id='word_1_39' title='bbox 1231 862 1398 933; x_wconf 88' lang='lat' dir='ltr'><strong>circa</strong></span> <span class='ocrx_word' id='word_1_40' title='bbox 1441 872 1560 935; x_wconf 83' lang='lat' dir='ltr'><strong>hoc</strong></span> <span class='ocrx_word' id='word_1_41' title='bbox 1603 871 1712 947; x_wconf 85' lang='lat' dir='ltr'><strong>ait,</strong></span> <span class='ocrx_word' id='word_1_42' title='bbox 1748 873 1917 952; x_wconf 92' lang='lat' dir='ltr'><strong>quod</strong></span> <span class='ocrx_word' id='word_1_43' title='bbox 1968 871 2326 934; x_wconf 88' lang='lat' dir='ltr'><strong>ministerio</strong></span> <span class='ocrx_word' id='word_1_44' title='bbox 2435 879 2618 950; x_wconf 89' lang='lat' dir='ltr'><strong>gatur</strong></span> <span class='ocrx_word' id='word_1_45' title='bbox 2647 891 2722 933; x_wconf 89' lang='lat' dir='ltr'><strong>ex</strong></span> <span class='ocrx_word' id='word_1_46' title='bbox 2753 872 3020 949; x_wconf 83' lang='lat' dir='ltr'><strong>Psalmo,</strong></span> <span class='ocrx_word' id='word_1_47' title='bbox 3053 871 3484 935; x_wconf 75' lang='lat' dir='ltr'><strong>immissiones</strong></span> <span class='ocrx_word' id='word_1_48' title='bbox 3523 889 3635 952; x_wconf 90' lang='lat' dir='ltr'><strong>per</strong></span> <span class='ocrx_word' id='word_1_49' title='bbox 3663 869 3926 948; x_wconf 80' lang='lat' dir='ltr'><strong>angelos</strong></span> <span class='ocrx_word' id='word_1_50' title='bbox 3973 886 4228 937; x_wconf 54' lang='lat' dir='ltr'><strong>eamn..</strong></span> 
     </span>
     <span class='ocr_line' id='line_1_5' title="bbox 832 951 4022 1052; baseline 0 -25"><span class='ocrx_word' id='word_1_51' title='bbox 832 967 1040 1047; x_wconf 89' lang='lat' dir='ltr'><strong>angeli</strong></span> <span class='ocrx_word' id='word_1_52' title='bbox 1086 966 1237 1031; x_wconf 77' lang='lat' dir='ltr'><strong>fecit</strong></span> <span class='ocrx_word' id='word_1_53' title='bbox 1271 969 1513 1048; x_wconf 87' lang='lat' dir='ltr'><strong>judicia</strong></span> <span class='ocrx_word' id='word_1_54' title='bbox 1553 970 1620 1031; x_wconf 91' lang='lat' dir='ltr'><strong>in</strong></span> <span class='ocrx_word' id='word_1_55' title='bbox 1662 969 2107 1051; x_wconf 85' lang='lat' dir='ltr'><strong>primogenitis</strong></span> <span class='ocrx_word' id='word_1_56' title='bbox 2147 970 2327 1051; x_wconf 72' lang='lat' dir='ltr'><strong>AEgy-</strong></span> <span class='ocrx_word' id='word_1_57' title='bbox 2435 970 2658 1047; x_wconf 79' lang='lat' dir='ltr'><strong>maloS,</strong></span> <span class='ocrx_word' id='word_1_58' title='bbox 2693 989 2884 1052; x_wconf 89' lang='lat' dir='ltr'><strong>super</strong></span> <span class='ocrx_word' id='word_1_59' title='bbox 2913 971 3196 1035; x_wconf 86' lang='lat' dir='ltr'><strong>Exodum</strong></span> <span class='ocrx_word' id='word_1_60' title='bbox 3229 978 3325 1033; x_wconf 90' lang='lat' dir='ltr'><strong>est</strong></span> <span class='ocrx_word' id='word_1_61' title='bbox 3354 969 3653 1046; x_wconf 86' lang='lat' dir='ltr'><strong>solutum,</strong></span> <span class='ocrx_word' id='word_1_62' title='bbox 3687 966 3924 1030; x_wconf 88' lang='lat' dir='ltr'><strong>intelli·</strong></span> <span class='ocrx_word' id='word_1_63' title='bbox 3951 951 4022 992; x_wconf 72' lang='lat'><strong>⁴⁹·</strong></span> 
     </span>
     <span class='ocr_line' id='line_1_6' title="bbox 833 1066 3924 1152; baseline 0.001 -26"><span class='ocrx_word' id='word_1_64' title='bbox 833 1066 1113 1147; x_wconf 89' lang='lat' dir='ltr'><strong>ptiorum</strong></span> <span class='ocrx_word' id='word_1_65' title='bbox 1148 1085 1162 1129; x_wconf 92' lang='lat'><strong>:</strong></span> <span class='ocrx_word' id='word_1_66' title='bbox 1198 1075 1260 1129; x_wconf 93' lang='lat' dir='ltr'><strong>et</strong></span> <span class='ocrx_word' id='word_1_67' title='bbox 1300 1066 1422 1131; x_wconf 89' lang='lat' dir='ltr'><strong>hoc</strong></span> <span class='ocrx_word' id='word_1_68' title='bbox 1464 1068 1650 1130; x_wconf 89' lang='lat' dir='ltr'><strong>multi</strong></span> <span class='ocrx_word' id='word_1_69' title='bbox 1686 1069 1973 1131; x_wconf 87' lang='lat' dir='ltr'><strong>doctores</strong></span> <span class='ocrx_word' id='word_1_70' title='bbox 2021 1076 2324 1148; x_wconf 82' lang='lat' dir='ltr'><strong>tanquam</strong></span> <span class='ocrx_word' id='word_1_71' title='bbox 2431 1070 2638 1148; x_wconf 89' lang='lat' dir='ltr'><strong>gendo</strong></span> <span class='ocrx_word' id='word_1_72' title='bbox 2669 1089 2782 1152; x_wconf 91' lang='lat' dir='ltr'><strong>per</strong></span> <span class='ocrx_word' id='word_1_73' title='bbox 2810 1070 3262 1146; x_wconf 81' lang='lat' dir='ltr'><strong>immissioneS,</strong></span> <span class='ocrx_word' id='word_1_74' title='bbox 3298 1068 3748 1151; x_wconf 70' lang='lat' dir='ltr'><strong>inspirationes</strong></span> <span class='ocrx_word' id='word_1_75' title='bbox 3785 1086 3924 1150; x_wconf 90' lang='lat' dir='ltr'><strong>pra·</strong></span> 
     </span>
     <span class='ocr_line' id='line_1_7' title="bbox 834 1163 3926 1249; baseline 0.001 -25"><span class='ocrx_word' id='word_1_76' title='bbox 834 1163 1230 1245; x_wconf 81' lang='lat' dir='ltr'><strong>probabilius</strong></span> <span class='ocrx_word' id='word_1_77' title='bbox 1259 1174 1499 1228; x_wconf 85' lang='lat' dir='ltr'><strong>tenent.</strong></span> <span class='ocrx_word' id='word_1_78' title='bbox 1524 1167 1917 1246; x_wconf 83' lang='lat' dir='ltr'><strong>Augustinus</strong></span> <span class='ocrx_word' id='word_1_79' title='bbox 1946 1184 2097 1229; x_wconf 90' lang='lat' dir='ltr'><strong>vero</strong></span> <span class='ocrx_word' id='word_1_80' title='bbox 2130 1166 2197 1227; x_wconf 90' lang='lat' dir='ltr'><strong>in</strong></span> <span class='ocrx_word' id='word_1_81' title='bbox 2227 1185 2326 1228; x_wconf 86' lang='lat' dir='ltr'><strong>ex·</strong></span> <span class='ocrx_word' id='word_1_82' title='bbox 2435 1166 2751 1245; x_wconf 81' lang='lat' dir='ltr'><strong>vissimaS,</strong></span> <span class='ocrx_word' id='word_1_83' title='bbox 2786 1187 2948 1249; x_wconf 90' lang='lat' dir='ltr'><strong>quas</strong></span> <span class='ocrx_word' id='word_1_84' title='bbox 2987 1168 3480 1230; x_wconf 81' lang='lat' dir='ltr'><strong>immittentibus</strong></span> <span class='ocrx_word' id='word_1_85' title='bbox 3521 1166 3762 1246; x_wconf 83' lang='lat' dir='ltr'><strong>angelis</strong></span> <span class='ocrx_word' id='word_1_86' title='bbox 3795 1184 3926 1227; x_wconf 90' lang='lat' dir='ltr'><strong>ma-</strong></span> 
     </span>
     <span class='ocr_line' id='line_1_8' title="bbox 832 1262 3924 1348; baseline -0 -23"><span class='ocrx_word' id='word_1_87' title='bbox 832 1262 1149 1342; x_wconf 88' lang='lat' dir='ltr'><strong>positione</strong></span> <span class='ocrx_word' id='word_1_88' title='bbox 1182 1264 1409 1345; x_wconf 88' lang='lat' dir='ltr'><strong>psalmi</strong></span> <span class='ocrx_word' id='word_1_89' title='bbox 1440 1265 1892 1346; x_wconf 86' lang='lat' dir='ltr'><strong>septuagesimi</strong></span> <span class='ocrx_word' id='word_1_90' title='bbox 1922 1264 2201 1347; x_wconf 89' lang='lat' dir='ltr'><strong>septimi,</strong></span> <span class='ocrx_word' id='word_1_91' title='bbox 2227 1284 2326 1326; x_wconf 91' lang='lat' dir='ltr'><strong>su·</strong></span> <span class='ocrx_word' id='word_1_92' title='bbox 2434 1266 2530 1343; x_wconf 89' lang='lat' dir='ltr'><strong>lis,</strong></span> <span class='ocrx_word' id='word_1_93' title='bbox 2543 1275 2966 1347; x_wconf 85' lang='lat' dir='ltr'><strong>conceperunt</strong></span> <span class='ocrx_word' id='word_1_94' title='bbox 2983 1267 3256 1348; x_wconf 80' lang='lat' dir='ltr'><strong>AEgyptii</strong></span> <span class='ocrx_word' id='word_1_95' title='bbox 3283 1274 3502 1329; x_wconf 88' lang='lat' dir='ltr'><strong>contra</strong></span> <span class='ocrx_word' id='word_1_96' title='bbox 3524 1263 3823 1327; x_wconf 82' lang='lat' dir='ltr'><strong>Hebraeos.</strong></span> <span class='ocrx_word' id='word_1_97' title='bbox 3849 1263 3924 1325; x_wconf 84' lang='lat' dir='ltr'><strong>Et</strong></span> 
     </span>
    </p>

    <p class='ocr_par' dir='ltr' id='par_1_3' title="bbox 558 1360 3929 1447">
     <span class='ocr_line' id='line_1_9' title="bbox 558 1360 3929 1447; baseline 0 -25"><span class='ocrx_word' id='word_1_98' title='bbox 558 1380 799 1432; x_wconf 55' lang='lat' dir='ltr'><strong>patum,</strong></span> <span class='ocrx_word' id='word_1_99' title='bbox 833 1378 947 1441; x_wconf 89' lang='lat' dir='ltr'><strong>per</strong></span> <span class='ocrx_word' id='word_1_100' title='bbox 977 1360 1159 1438; x_wconf 91' lang='lat' dir='ltr'><strong>illud,</strong></span> <span class='ocrx_word' id='word_1_101' title='bbox 1193 1361 1357 1424; x_wconf 89' lang='lat' dir='ltr'><strong>Misit</strong></span> <span class='ocrx_word' id='word_1_102' title='bbox 1387 1363 1691 1425; x_wconf 90' lang='lat' dir='ltr'><strong>Dominus</strong></span> <span class='ocrx_word' id='word_1_103' title='bbox 1725 1363 1790 1425; x_wconf 91' lang='lat' dir='ltr'><strong>in</strong></span> <span class='ocrx_word' id='word_1_104' title='bbox 1820 1382 1928 1426; x_wconf 91' lang='lat' dir='ltr'><strong>eos</strong></span> <span class='ocrx_word' id='word_1_105' title='bbox 1969 1363 2125 1425; x_wconf 91' lang='lat' dir='ltr'><strong>iram</strong></span> <span class='ocrx_word' id='word_1_106' title='bbox 2159 1363 2324 1425; x_wconf 87' lang='lat' dir='ltr'><strong>indi·</strong></span> <span class='ocrx_word' id='word_1_107' title='bbox 2432 1364 2598 1427; x_wconf 90' lang='lat' dir='ltr'><strong>sicut</strong></span> <span class='ocrx_word' id='word_1_108' title='bbox 2627 1384 2702 1427; x_wconf 87' lang='lat' dir='ltr'><strong>ex</strong></span> <span class='ocrx_word' id='word_1_109' title='bbox 2730 1365 2916 1427; x_wconf 91' lang='lat' dir='ltr'><strong>dictis</strong></span> <span class='ocrx_word' id='word_1_110' title='bbox 2949 1364 3014 1427; x_wconf 92' lang='lat' dir='ltr'><strong>in</strong></span> <span class='ocrx_word' id='word_1_111' title='bbox 3047 1365 3170 1429; x_wconf 92' lang='lat' dir='ltr'><strong>isto</strong></span> <span class='ocrx_word' id='word_1_112' title='bbox 3198 1363 3478 1447; x_wconf 90' lang='lat' dir='ltr'><strong>capitulo</strong></span> <span class='ocrx_word' id='word_1_113' title='bbox 3509 1370 3766 1435; x_wconf 72' lang='lat' dir='ltr'><strong>constat,</strong></span> <span class='ocrx_word' id='word_1_114' title='bbox 3787 1380 3929 1444; x_wconf 90' lang='lat' dir='ltr'><strong>pos-</strong></span> 
     </span>
    </p>

    <p class='ocr_par' dir='ltr' id='par_1_4' title="bbox 537 1444 3925 1743">
     <span class='ocr_line' id='line_1_10' title="bbox 537 1444 3921 1545; baseline 0 -25"><span class='ocrx_word' id='word_1_115' title='bbox 537 1444 607 1487; x_wconf 79' lang='lat'><strong>⁴⁹·</strong></span> <span class='ocrx_word' id='word_1_116' title='bbox 832 1459 1151 1540; x_wconf 86' lang='lat' dir='ltr'><strong>gnationis</strong></span> <span class='ocrx_word' id='word_1_117' title='bbox 1222 1480 1372 1537; x_wconf 80' lang='lat' dir='ltr'><strong>suae,</strong></span> <span class='ocrx_word' id='word_1_118' title='bbox 1432 1460 1771 1524; x_wconf 80' lang='lat' dir='ltr'><strong>manifeste</strong></span> <span class='ocrx_word' id='word_1_119' title='bbox 1833 1469 2095 1523; x_wconf 86' lang='lat' dir='ltr'><strong>testatur</strong></span> <span class='ocrx_word' id='word_1_120' title='bbox 2150 1462 2320 1543; x_wconf 90' lang='lat' dir='ltr'><strong>quod</strong></span> <span class='ocrx_word' id='word_1_121' title='bbox 2431 1471 2581 1525; x_wconf 91' lang='lat' dir='ltr'><strong>sunt</strong></span> <span class='ocrx_word' id='word_1_122' title='bbox 2636 1482 2748 1545; x_wconf 90' lang='lat' dir='ltr'><strong>per</strong></span> <span class='ocrx_word' id='word_1_123' title='bbox 2807 1462 2949 1525; x_wconf 90' lang='lat' dir='ltr'><strong>illas</strong></span> <span class='ocrx_word' id='word_1_124' title='bbox 3011 1462 3442 1526; x_wconf 88' lang='lat' dir='ltr'><strong>immissiones</strong></span> <span class='ocrx_word' id='word_1_125' title='bbox 3492 1460 3764 1542; x_wconf 87' lang='lat' dir='ltr'><strong>intelligi</strong></span> <span class='ocrx_word' id='word_1_126' title='bbox 3825 1459 3921 1523; x_wconf 91' lang='lat' dir='ltr'><strong>vi-</strong></span> 
     </span>
     <span class='ocr_line' id='line_1_11' title="bbox 834 1558 3925 1641; baseline 0.001 -23"><span class='ocrx_word' id='word_1_127' title='bbox 834 1576 946 1638; x_wconf 85' lang='lat' dir='ltr'><strong>per</strong></span> <span class='ocrx_word' id='word_1_128' title='bbox 999 1558 1296 1639; x_wconf 87' lang='lat' dir='ltr'><strong>angelum</strong></span> <span class='ocrx_word' id='word_1_129' title='bbox 1358 1559 1593 1621; x_wconf 90' lang='lat' dir='ltr'><strong>malum</strong></span> <span class='ocrx_word' id='word_1_130' title='bbox 1657 1558 1823 1622; x_wconf 84' lang='lat' dir='ltr'><strong>sacta</strong></span> <span class='ocrx_word' id='word_1_131' title='bbox 1870 1560 1953 1621; x_wconf 92' lang='lat' dir='ltr'><strong>sit</strong></span> <span class='ocrx_word' id='word_1_132' title='bbox 1995 1559 2322 1641; x_wconf 83' lang='lat' dir='ltr'><strong>percussio</strong></span> <span class='ocrx_word' id='word_1_133' title='bbox 2431 1561 2642 1625; x_wconf 87' lang='lat' dir='ltr'><strong>siones</strong></span> <span class='ocrx_word' id='word_1_134' title='bbox 2681 1561 2809 1625; x_wconf 83' lang='lat' dir='ltr'><strong>illae</strong></span> <span class='ocrx_word' id='word_1_135' title='bbox 2845 1562 3176 1626; x_wconf 83' lang='lat' dir='ltr'><strong>horrendae</strong></span> <span class='ocrx_word' id='word_1_136' title='bbox 3215 1581 3286 1625; x_wconf 87' lang='lat' dir='ltr'><strong>ac</strong></span> <span class='ocrx_word' id='word_1_137' title='bbox 3323 1560 3664 1624; x_wconf 78' lang='lat' dir='ltr'><strong>turbativae</strong></span> <span class='ocrx_word' id='word_1_138' title='bbox 3707 1558 3925 1621; x_wconf 92' lang='lat' dir='ltr'><strong>turbu-</strong></span> 
     </span>
     <span class='ocr_line' id='line_1_12' title="bbox 831 1656 3922 1743; baseline 0.002 -27"><span class='ocrx_word' id='word_1_139' title='bbox 831 1656 1395 1737; x_wconf 86' lang='lat' dir='ltr'><strong>primogenitorum</strong></span> <span class='ocrx_word' id='word_1_140' title='bbox 1437 1658 1719 1721; x_wconf 89' lang='lat' dir='ltr'><strong>illorum.</strong></span> <span class='ocrx_word' id='word_1_141' title='bbox 1753 1658 1840 1720; x_wconf 91' lang='lat' dir='ltr'><strong>De</strong></span> <span class='ocrx_word' id='word_1_142' title='bbox 1880 1658 1997 1721; x_wconf 91' lang='lat' dir='ltr'><strong>hac</strong></span> <span class='ocrx_word' id='word_1_143' title='bbox 2028 1658 2324 1739; x_wconf 83' lang='lat' dir='ltr'><strong>quaestio-</strong></span> <span class='ocrx_word' id='word_1_144' title='bbox 2431 1661 2746 1724; x_wconf 90' lang='lat' dir='ltr'><strong>lentorum</strong></span> <span class='ocrx_word' id='word_1_145' title='bbox 2791 1661 3326 1743; x_wconf 87' lang='lat' dir='ltr'><strong>phantasmatum,</strong></span> <span class='ocrx_word' id='word_1_146' title='bbox 3373 1680 3529 1743; x_wconf 90' lang='lat' dir='ltr'><strong>quas</strong></span> <span class='ocrx_word' id='word_1_147' title='bbox 3582 1660 3647 1721; x_wconf 92' lang='lat' dir='ltr'><strong>in</strong></span> <span class='ocrx_word' id='word_1_148' title='bbox 3697 1677 3922 1721; x_wconf 89' lang='lat' dir='ltr'><strong>somno</strong></span> 
     </span>
    </p>

    <p class='ocr_par' dir='ltr' id='par_1_5' title="bbox 572 1756 3200 1844">
     <span class='ocr_line' id='line_1_13' title="bbox 572 1756 3200 1844; baseline 0.006 -38"><span class='ocrx_word' id='word_1_149' title='bbox 572 1764 618 1808; x_wconf 76' lang='lat' dir='ltr'><strong>in</strong></span> <span class='ocrx_word' id='word_1_150' title='bbox 648 1764 797 1815; x_wconf 61' lang='grc' dir='ltr'>κιαι,</span> <span class='ocrx_word' id='word_1_151' title='bbox 832 1772 912 1816; x_wconf 91' lang='lat' dir='ltr'><strong>ne</strong></span> <span class='ocrx_word' id='word_1_152' title='bbox 950 1772 1141 1837; x_wconf 88' lang='lat' dir='ltr'><strong>super</strong></span> <span class='ocrx_word' id='word_1_153' title='bbox 1173 1756 1456 1819; x_wconf 86' lang='lat' dir='ltr'><strong>Exodum</strong></span> <span class='ocrx_word' id='word_1_154' title='bbox 1490 1756 1556 1818; x_wconf 87' lang='lat' dir='ltr'><strong>in</strong></span> <span class='ocrx_word' id='word_1_155' title='bbox 1587 1756 1983 1838; x_wconf 88' lang='lat' dir='ltr'><strong>expositione</strong></span> <span class='ocrx_word' id='word_1_156' title='bbox 2024 1756 2322 1820; x_wconf 84' lang='lat' dir='ltr'><strong>duodeci-</strong></span> <span class='ocrx_word' id='word_1_157' title='bbox 2431 1761 2872 1823; x_wconf 87' lang='lat' dir='ltr'><strong>sustinuerunt</strong></span> <span class='ocrx_word' id='word_1_158' title='bbox 2903 1760 3200 1844; x_wconf 80' lang='lat' dir='ltr'><strong>AEgyptii.</strong></span> 
     </span>
    </p>

    <p class='ocr_par' dir='ltr' id='par_1_6' title="bbox 534 1833 3922 2138">
     <span class='ocr_line' id='line_1_14' title="bbox 534 1833 3918 1941; baseline 0.001 -27"><span class='ocrx_word' id='word_1_159' title='bbox 534 1833 718 1873; x_wconf 50' lang='lat' dir='ltr'><strong>mm·</strong></span> <span class='ocrx_word' id='word_1_160' title='bbox 828 1852 917 1914; x_wconf 88' lang='lat' dir='ltr'><strong>mi</strong></span> <span class='ocrx_word' id='word_1_161' title='bbox 966 1854 1231 1935; x_wconf 88' lang='lat' dir='ltr'><strong>capituli</strong></span> <span class='ocrx_word' id='word_1_162' title='bbox 1279 1854 1587 1917; x_wconf 83' lang='lat' dir='ltr'><strong>diffusius</strong></span> <span class='ocrx_word' id='word_1_163' title='bbox 1638 1856 1863 1937; x_wconf 89' lang='lat' dir='ltr'><strong>scripsi</strong></span> <span class='ocrx_word' id='word_1_164' title='bbox 1902 1874 1915 1917; x_wconf 75' lang='grc' dir='ltr'>ε</span> <span class='ocrx_word' id='word_1_165' title='bbox 1952 1865 2013 1918; x_wconf 88' lang='lat' dir='ltr'><strong>et</strong></span> <span class='ocrx_word' id='word_1_166' title='bbox 2061 1864 2320 1938; x_wconf 89' lang='lat' dir='ltr'><strong>propter</strong></span> <span class='ocrx_word' id='word_1_167' title='bbox 2356 1853 2402 1915; x_wconf 91' lang='lat' dir='ltr'><strong>B</strong></span> <span class='ocrx_word' id='word_1_168' title='bbox 2509 1858 2822 1941; x_wconf 82' lang='lat' dir='ltr'><strong>AmpliuS,</strong></span> <span class='ocrx_word' id='word_1_169' title='bbox 2857 1859 3150 1941; x_wconf 89' lang='lat' dir='ltr'><strong>quamvis</strong></span> <span class='ocrx_word' id='word_1_170' title='bbox 3193 1859 3298 1921; x_wconf 89' lang='lat' dir='ltr'><strong>hic</strong></span> <span class='ocrx_word' id='word_1_171' title='bbox 3341 1858 3506 1922; x_wconf 91' lang='lat' dir='ltr'><strong>liber</strong></span> <span class='ocrx_word' id='word_1_172' title='bbox 3551 1874 3677 1919; x_wconf 90' lang='lat' dir='ltr'><strong>non</strong></span> <span class='ocrx_word' id='word_1_173' title='bbox 3723 1855 3806 1916; x_wconf 87' lang='lat' dir='ltr'><strong>sit</strong></span> <span class='ocrx_word' id='word_1_174' title='bbox 3854 1854 3918 1917; x_wconf 91' lang='lat' dir='ltr'><strong>in</strong></span> 
     </span>
     <span class='ocr_line' id='line_1_15' title="bbox 828 1951 3922 2036; baseline 0.002 -24"><span class='ocrx_word' id='word_1_175' title='bbox 828 1951 1081 2015; x_wconf 85' lang='lat' dir='ltr'><strong>diversa</strong></span> <span class='ocrx_word' id='word_1_176' title='bbox 1124 1954 1363 2017; x_wconf 88' lang='lat' dir='ltr'><strong>motiva</strong></span> <span class='ocrx_word' id='word_1_177' title='bbox 1407 1954 1641 2017; x_wconf 85' lang='lat' dir='ltr'><strong>ibidem</strong></span> <span class='ocrx_word' id='word_1_178' title='bbox 1689 1954 1970 2032; x_wconf 88' lang='lat' dir='ltr'><strong>inducta,</strong></span> <span class='ocrx_word' id='word_1_179' title='bbox 2016 1963 2317 2036; x_wconf 87' lang='lat' dir='ltr'><strong>tanquam</strong></span> <span class='ocrx_word' id='word_1_180' title='bbox 2429 1974 2693 2033; x_wconf 85' lang='lat' dir='ltr'><strong>canone,</strong></span> <span class='ocrx_word' id='word_1_181' title='bbox 2747 1964 2958 2019; x_wconf 89' lang='lat' dir='ltr'><strong>tamen</strong></span> <span class='ocrx_word' id='word_1_182' title='bbox 3006 1964 3450 2036; x_wconf 86' lang='lat' dir='ltr'><strong>argumentum</strong></span> <span class='ocrx_word' id='word_1_183' title='bbox 3499 1974 3574 2017; x_wconf 88' lang='lat' dir='ltr'><strong>ex</strong></span> <span class='ocrx_word' id='word_1_184' title='bbox 3629 1974 3706 2019; x_wconf 93' lang='lat' dir='ltr'><strong>eo</strong></span> <span class='ocrx_word' id='word_1_185' title='bbox 3753 1974 3922 2017; x_wconf 90' lang='lat' dir='ltr'><strong>sum·</strong></span> 
     </span>
     <span class='ocr_line' id='line_1_16' title="bbox 828 2050 3922 2138; baseline 0.001 -26"><span class='ocrx_word' id='word_1_186' title='bbox 828 2050 1221 2132; x_wconf 89' lang='lat' dir='ltr'><strong>probabilius</strong></span> <span class='ocrx_word' id='word_1_187' title='bbox 1266 2052 1439 2115; x_wconf 92' lang='lat' dir='ltr'><strong>tenui</strong></span> <span class='ocrx_word' id='word_1_188' title='bbox 1480 2053 1651 2133; x_wconf 92' lang='lat' dir='ltr'><strong>quod</strong></span> <span class='ocrx_word' id='word_1_189' title='bbox 1692 2053 1856 2116; x_wconf 90' lang='lat' dir='ltr'><strong>sicut</strong></span> <span class='ocrx_word' id='word_1_190' title='bbox 1895 2053 2014 2115; x_wconf 92' lang='lat' dir='ltr'><strong>sub</strong></span> <span class='ocrx_word' id='word_1_191' title='bbox 2052 2052 2319 2116; x_wconf 88' lang='lat' dir='ltr'><strong>Ezechia</strong></span> <span class='ocrx_word' id='word_1_192' title='bbox 2430 2064 2606 2136; x_wconf 90' lang='lat' dir='ltr'><strong>ptum</strong></span> <span class='ocrx_word' id='word_1_193' title='bbox 2635 2054 2756 2119; x_wconf 93' lang='lat' dir='ltr'><strong>hoc</strong></span> <span class='ocrx_word' id='word_1_194' title='bbox 2788 2055 2948 2132; x_wconf 88' lang='lat' dir='ltr'><strong>loce,</strong></span> <span class='ocrx_word' id='word_1_195' title='bbox 2983 2055 3234 2119; x_wconf 90' lang='lat' dir='ltr'><strong>videtur</strong></span> <span class='ocrx_word' id='word_1_196' title='bbox 3264 2054 3568 2117; x_wconf 80' lang='lat' dir='ltr'><strong>sufficere</strong></span> <span class='ocrx_word' id='word_1_197' title='bbox 3605 2055 3776 2138; x_wconf 89' lang='lat' dir='ltr'><strong>apud</strong></span> <span class='ocrx_word' id='word_1_198' title='bbox 3813 2052 3922 2115; x_wconf 92' lang='lat' dir='ltr'><strong>Ca-</strong></span> 
     </span>
    </p>

    <p class='ocr_par' dir='ltr' id='par_1_7' title="bbox 533 2150 3916 2235">
     <span class='ocr_line' id='line_1_17' title="bbox 533 2150 3916 2235; baseline 0 -21"><span class='ocrx_word' id='word_1_199' title='bbox 533 2157 796 2214; x_wconf 71' lang='lat' dir='ltr'><strong>WRev-xur.</strong></span> <span class='ocrx_word' id='word_1_200' title='bbox 828 2168 976 2230; x_wconf 89' lang='lat' dir='ltr'><strong>rege</strong></span> <span class='ocrx_word' id='word_1_201' title='bbox 1015 2150 1296 2232; x_wconf 88' lang='lat' dir='ltr'><strong>percussi</strong></span> <span class='ocrx_word' id='word_1_202' title='bbox 1338 2160 1487 2213; x_wconf 88' lang='lat' dir='ltr'><strong>sunt</strong></span> <span class='ocrx_word' id='word_1_203' title='bbox 1515 2151 1755 2233; x_wconf 74' lang='lat' dir='ltr'><strong>Assyrii</strong></span> <span class='ocrx_word' id='word_1_204' title='bbox 1797 2151 1878 2214; x_wconf 91' lang='lat' dir='ltr'><strong>ab</strong></span> <span class='ocrx_word' id='word_1_205' title='bbox 1916 2152 2142 2233; x_wconf 87' lang='lat' dir='ltr'><strong>angelo</strong></span> <span class='ocrx_word' id='word_1_206' title='bbox 2183 2171 2321 2214; x_wconf 85' lang='lat' dir='ltr'><strong>san·</strong></span> <span class='ocrx_word' id='word_1_207' title='bbox 2431 2152 2700 2217; x_wconf 90' lang='lat' dir='ltr'><strong>tholicos</strong></span> <span class='ocrx_word' id='word_1_208' title='bbox 2735 2171 2750 2215; x_wconf 92' lang='lat'>:</span> <span class='ocrx_word' id='word_1_209' title='bbox 2785 2153 2937 2235; x_wconf 88' lang='lat' dir='ltr'><strong>quia</strong></span> <span class='ocrx_word' id='word_1_210' title='bbox 2971 2154 3050 2216; x_wconf 92' lang='lat' dir='ltr'><strong>de</strong></span> <span class='ocrx_word' id='word_1_211' title='bbox 3081 2154 3347 2216; x_wconf 86' lang='lat' dir='ltr'><strong>veritate</strong></span> <span class='ocrx_word' id='word_1_212' title='bbox 3387 2153 3534 2216; x_wconf 89' lang='lat' dir='ltr'><strong>libri</strong></span> <span class='ocrx_word' id='word_1_213' title='bbox 3566 2153 3758 2233; x_wconf 87' lang='lat' dir='ltr'><strong>hujus</strong></span> <span class='ocrx_word' id='word_1_214' title='bbox 3789 2170 3916 2215; x_wconf 90' lang='lat' dir='ltr'><strong>non</strong></span> 
     </span>
    </p>

    <p class='ocr_par' dir='ltr' id='par_1_8' title="bbox 534 2223 3918 2335">
     <span class='ocr_line' id='line_1_18' title="bbox 534 2223 3918 2335; baseline 0 -25"><span class='ocrx_word' id='word_1_215' title='bbox 534 2223 795 2335; x_wconf 32' lang='lat' dir='ltr'><strong>wiffam</strong></span> <span class='ocrx_word' id='word_1_216' title='bbox 826 2256 949 2323; x_wconf 89' lang='lat' dir='ltr'><strong>cto,</strong></span> <span class='ocrx_word' id='word_1_217' title='bbox 986 2249 1282 2311; x_wconf 89' lang='lat' dir='ltr'><strong>similiter</strong></span> <span class='ocrx_word' id='word_1_218' title='bbox 1312 2250 1648 2314; x_wconf 80' lang='lat' dir='ltr'><strong>Sodomitae</strong></span> <span class='ocrx_word' id='word_1_219' title='bbox 1687 2270 1799 2333; x_wconf 89' lang='lat' dir='ltr'><strong>per</strong></span> <span class='ocrx_word' id='word_1_220' title='bbox 1836 2260 2089 2313; x_wconf 90' lang='lat' dir='ltr'><strong>sanctos</strong></span> <span class='ocrx_word' id='word_1_221' title='bbox 2128 2269 2319 2331; x_wconf 86' lang='lat' dir='ltr'><strong>ange-</strong></span> <span class='ocrx_word' id='word_1_222' title='bbox 2426 2252 2674 2315; x_wconf 90' lang='lat' dir='ltr'><strong>dubitat</strong></span> <span class='ocrx_word' id='word_1_223' title='bbox 2720 2261 2921 2315; x_wconf 91' lang='lat' dir='ltr'><strong>mater</strong></span> <span class='ocrx_word' id='word_1_224' title='bbox 2972 2252 3274 2329; x_wconf 87' lang='lat' dir='ltr'><strong>Ecclesia,</strong></span> <span class='ocrx_word' id='word_1_225' title='bbox 3325 2252 3674 2335; x_wconf 83' lang='lat' dir='ltr'><strong>praesertim</strong></span> <span class='ocrx_word' id='word_1_226' title='bbox 3717 2270 3918 2332; x_wconf 90' lang='lat' dir='ltr'><strong>quan-</strong></span> 
     </span>
    </p>

    <p class='ocr_par' dir='ltr' id='par_1_9' title="bbox 535 2344 3916 2926">
     <span class='ocr_line' id='line_1_19' title="bbox 535 2344 3914 2431; baseline 0.001 -25"><span class='ocrx_word' id='word_1_227' title='bbox 535 2348 572 2396; x_wconf 69' lang='grc' dir='ltr'><strong>Ι·</strong></span> <span class='ocrx_word' id='word_1_228' title='bbox 597 2349 661 2389; x_wconf 81' lang='lat'><strong>¹³·</strong></span> <span class='ocrx_word' id='word_1_229' title='bbox 828 2344 921 2408; x_wconf 91' lang='lat' dir='ltr'><strong>los</strong></span> <span class='ocrx_word' id='word_1_230' title='bbox 952 2347 1242 2411; x_wconf 86' lang='lat' dir='ltr'><strong>subversi</strong></span> <span class='ocrx_word' id='word_1_231' title='bbox 1274 2358 1458 2429; x_wconf 86' lang='lat' dir='ltr'><strong>sunt;</strong></span> <span class='ocrx_word' id='word_1_232' title='bbox 1487 2350 1575 2412; x_wconf 89' lang='lat' dir='ltr'><strong>ita</strong></span> <span class='ocrx_word' id='word_1_233' title='bbox 1603 2358 1667 2411; x_wconf 91' lang='lat' dir='ltr'><strong>et</strong></span> <span class='ocrx_word' id='word_1_234' title='bbox 1698 2349 2118 2431; x_wconf 88' lang='lat' dir='ltr'><strong>primogenita</strong></span> <span class='ocrx_word' id='word_1_235' title='bbox 2136 2350 2319 2430; x_wconf 84' lang='lat' dir='ltr'><strong>AEgy-</strong></span> <span class='ocrx_word' id='word_1_236' title='bbox 2426 2357 2559 2412; x_wconf 89' lang='lat' dir='ltr'><strong>tum</strong></span> <span class='ocrx_word' id='word_1_237' title='bbox 2592 2352 2672 2413; x_wconf 89' lang='lat' dir='ltr'><strong>ad</strong></span> <span class='ocrx_word' id='word_1_238' title='bbox 2703 2350 2894 2414; x_wconf 91' lang='lat' dir='ltr'><strong>verba</strong></span> <span class='ocrx_word' id='word_1_239' title='bbox 2924 2370 3095 2415; x_wconf 88' lang='lat' dir='ltr'><strong>nunc</strong></span> <span class='ocrx_word' id='word_1_240' title='bbox 3121 2350 3412 2431; x_wconf 87' lang='lat' dir='ltr'><strong>allegata,</strong></span> <span class='ocrx_word' id='word_1_241' title='bbox 3429 2350 3740 2424; x_wconf 88' lang='lat' dir='ltr'><strong>videlicet,</strong></span> <span class='ocrx_word' id='word_1_242' title='bbox 3759 2350 3914 2411; x_wconf 88' lang='lat' dir='ltr'><strong>Dum</strong></span> 
     </span>
     <span class='ocr_line' id='line_1_20' title="bbox 824 2445 3910 2531; baseline 0.001 -26"><span class='ocrx_word' id='word_1_243' title='bbox 824 2445 941 2526; x_wconf 90' lang='lat' dir='ltr'><strong>pti.</strong></span> <span class='ocrx_word' id='word_1_244' title='bbox 976 2446 1099 2509; x_wconf 90' lang='lat' dir='ltr'><strong>Nec</strong></span> <span class='ocrx_word' id='word_1_245' title='bbox 1128 2448 1378 2511; x_wconf 87' lang='lat' dir='ltr'><strong>videtur</strong></span> <span class='ocrx_word' id='word_1_246' title='bbox 1410 2448 1568 2511; x_wconf 89' lang='lat' dir='ltr'><strong>ratio</strong></span> <span class='ocrx_word' id='word_1_247' title='bbox 1598 2468 1711 2510; x_wconf 90' lang='lat' dir='ltr'><strong>cur</strong></span> <span class='ocrx_word' id='word_1_248' title='bbox 1747 2448 1933 2530; x_wconf 91' lang='lat' dir='ltr'><strong>plaga</strong></span> <span class='ocrx_word' id='word_1_249' title='bbox 1963 2447 2074 2511; x_wconf 91' lang='lat' dir='ltr'><strong>illa</strong></span> <span class='ocrx_word' id='word_1_250' title='bbox 2104 2448 2316 2531; x_wconf 90' lang='lat' dir='ltr'><strong>potius</strong></span> <span class='ocrx_word' id='word_1_251' title='bbox 2428 2449 2708 2513; x_wconf 89' lang='lat' dir='ltr'><strong>medium</strong></span> <span class='ocrx_word' id='word_1_252' title='bbox 2741 2450 3066 2512; x_wconf 88' lang='lat' dir='ltr'><strong>silentium</strong></span> <span class='ocrx_word' id='word_1_253' title='bbox 3099 2459 3342 2513; x_wconf 89' lang='lat' dir='ltr'><strong>teneret</strong></span> <span class='ocrx_word' id='word_1_254' title='bbox 3371 2449 3588 2513; x_wconf 90' lang='lat' dir='ltr'><strong>omnia</strong></span> <span class='ocrx_word' id='word_1_255' title='bbox 3622 2466 3636 2511; x_wconf 92' lang='lat'>:</span> <span class='ocrx_word' id='word_1_256' title='bbox 3668 2467 3814 2530; x_wconf 80' lang='lat' dir='ltr'><strong>quae</strong></span> <span class='ocrx_word' id='word_1_257' title='bbox 3845 2448 3910 2509; x_wconf 90' lang='lat' dir='ltr'><strong>in</strong></span> 
     </span>
     <span class='ocr_line' id='line_1_21' title="bbox 824 2544 3907 2631; baseline 0.001 -26"><span class='ocrx_word' id='word_1_258' title='bbox 824 2560 937 2625; x_wconf 88' lang='lat' dir='ltr'><strong>per</strong></span> <span class='ocrx_word' id='word_1_259' title='bbox 964 2544 1259 2623; x_wconf 84' lang='lat' dir='ltr'><strong>angelum</strong></span> <span class='ocrx_word' id='word_1_260' title='bbox 1294 2545 1695 2607; x_wconf 89' lang='lat' dir='ltr'><strong>tenebrarum</strong></span> <span class='ocrx_word' id='word_1_261' title='bbox 1726 2544 1975 2607; x_wconf 78' lang='lat' dir='ltr'><strong>inflicta</strong></span> <span class='ocrx_word' id='word_1_262' title='bbox 2004 2546 2101 2623; x_wconf 87' lang='lat' dir='ltr'><strong>sit,</strong></span> <span class='ocrx_word' id='word_1_263' title='bbox 2123 2552 2311 2627; x_wconf 84' lang='lat' dir='ltr'><strong>quam</strong></span> <span class='ocrx_word' id='word_1_264' title='bbox 2425 2546 2649 2611; x_wconf 75' lang='lat' dir='ltr'><strong>officio</strong></span> <span class='ocrx_word' id='word_1_265' title='bbox 2679 2548 2878 2611; x_wconf 80' lang='lat' dir='ltr'><strong>Missae</strong></span> <span class='ocrx_word' id='word_1_266' title='bbox 2917 2568 3032 2631; x_wconf 90' lang='lat' dir='ltr'><strong>pro</strong></span> <span class='ocrx_word' id='word_1_267' title='bbox 3072 2548 3337 2611; x_wconf 89' lang='lat' dir='ltr'><strong>introitu</strong></span> <span class='ocrx_word' id='word_1_268' title='bbox 3377 2557 3524 2610; x_wconf 90' lang='lat' dir='ltr'><strong>sunt</strong></span> <span class='ocrx_word' id='word_1_269' title='bbox 3561 2554 3907 2629; x_wconf 89' lang='lat' dir='ltr'><strong>assumpta,</strong></span> 
     </span>
     <span class='ocr_line' id='line_1_22' title="bbox 820 2641 3913 2730; baseline 0.001 -26"><span class='ocrx_word' id='word_1_270' title='bbox 820 2641 963 2704; x_wconf 84' lang='lat' dir='ltr'><strong>aliae</strong></span> <span class='ocrx_word' id='word_1_271' title='bbox 1000 2642 1201 2724; x_wconf 80' lang='lat' dir='ltr'><strong>plagae</strong></span> <span class='ocrx_word' id='word_1_272' title='bbox 1230 2644 1537 2726; x_wconf 81' lang='lat' dir='ltr'><strong>AEgyptiis</strong></span> <span class='ocrx_word' id='word_1_273' title='bbox 1578 2653 1731 2707; x_wconf 88' lang='lat' dir='ltr'><strong>tunc</strong></span> <span class='ocrx_word' id='word_1_274' title='bbox 1770 2644 1963 2707; x_wconf 83' lang='lat' dir='ltr'><strong>illatae</strong></span> <span class='ocrx_word' id='word_1_275' title='bbox 1998 2661 2011 2705; x_wconf 78' lang='grc' dir='ltr'>ε</span> <span class='ocrx_word' id='word_1_276' title='bbox 2048 2646 2128 2707; x_wconf 93' lang='lat' dir='ltr'><strong>de</strong></span> <span class='ocrx_word' id='word_1_277' title='bbox 2179 2646 2313 2726; x_wconf 90' lang='lat' dir='ltr'><strong>qui·</strong></span> <span class='ocrx_word' id='word_1_278' title='bbox 2424 2646 2716 2729; x_wconf 90' lang='lat' dir='ltr'><strong>quamvis</strong></span> <span class='ocrx_word' id='word_1_279' title='bbox 2755 2648 2963 2729; x_wconf 89' lang='lat' dir='ltr'><strong>quoad</strong></span> <span class='ocrx_word' id='word_1_280' title='bbox 3009 2647 3346 2730; x_wconf 78' lang='lat' dir='ltr'><strong>mysticum</strong></span> <span class='ocrx_word' id='word_1_281' title='bbox 3383 2666 3637 2711; x_wconf 91' lang='lat' dir='ltr'><strong>sensum</strong></span> <span class='ocrx_word' id='word_1_282' title='bbox 3691 2645 3913 2728; x_wconf 84' lang='lat' dir='ltr'><strong>praeci-</strong></span> 
     </span>
     <span class='ocr_line' id='line_1_23' title="bbox 818 2740 3916 2827; baseline 0.001 -24"><span class='ocrx_word' id='word_1_283' title='bbox 818 2740 938 2803; x_wconf 89' lang='lat' dir='ltr'><strong>bus</strong></span> <span class='ocrx_word' id='word_1_284' title='bbox 992 2742 1383 2823; x_wconf 82' lang='lat' dir='ltr'><strong>Augustinus</strong></span> <span class='ocrx_word' id='word_1_285' title='bbox 1444 2761 1571 2806; x_wconf 92' lang='lat' dir='ltr'><strong>non</strong></span> <span class='ocrx_word' id='word_1_286' title='bbox 1631 2744 1821 2805; x_wconf 91' lang='lat' dir='ltr'><strong>audet</strong></span> <span class='ocrx_word' id='word_1_287' title='bbox 1876 2744 2088 2806; x_wconf 88' lang='lat' dir='ltr'><strong>dicere</strong></span> <span class='ocrx_word' id='word_1_288' title='bbox 2142 2745 2310 2824; x_wconf 91' lang='lat' dir='ltr'><strong>quod</strong></span> <span class='ocrx_word' id='word_1_289' title='bbox 2424 2764 2570 2827; x_wconf 89' lang='lat' dir='ltr'><strong>pue,</strong></span> <span class='ocrx_word' id='word_1_290' title='bbox 2605 2764 2796 2826; x_wconf 91' lang='lat' dir='ltr'><strong>quem</strong></span> <span class='ocrx_word' id='word_1_291' title='bbox 2843 2754 3051 2808; x_wconf 83' lang='lat' dir='ltr'><strong>tamen</strong></span> <span class='ocrx_word' id='word_1_292' title='bbox 3096 2745 3165 2807; x_wconf 90' lang='lat' dir='ltr'><strong>in</strong></span> <span class='ocrx_word' id='word_1_293' title='bbox 3201 2745 3430 2809; x_wconf 83' lang='lat' dir='ltr'><strong>litte-rae</strong></span> <span class='ocrx_word' id='word_1_294' title='bbox 3462 2744 3727 2809; x_wconf 87' lang='lat' dir='ltr'><strong>veritate</strong></span> <span class='ocrx_word' id='word_1_295' title='bbox 3767 2742 3916 2806; x_wconf 84' lang='lat' dir='ltr'><strong>sun-</strong></span> 
     </span>
     <span class='ocr_line' id='line_1_24' title="bbox 817 2839 2870 2926; baseline 0.002 -25"><span class='ocrx_word' id='word_1_296' title='bbox 817 2858 931 2921; x_wconf 89' lang='lat' dir='ltr'><strong>per</strong></span> <span class='ocrx_word' id='word_1_297' title='bbox 978 2839 1238 2921; x_wconf 89' lang='lat' dir='ltr'><strong>angelos</strong></span> <span class='ocrx_word' id='word_1_298' title='bbox 1294 2841 1495 2904; x_wconf 90' lang='lat' dir='ltr'><strong>malos</strong></span> <span class='ocrx_word' id='word_1_299' title='bbox 1554 2841 1747 2904; x_wconf 82' lang='lat' dir='ltr'><strong>illatae</strong></span> <span class='ocrx_word' id='word_1_300' title='bbox 1807 2842 1957 2903; x_wconf 91' lang='lat' dir='ltr'><strong>sint.</strong></span> <span class='ocrx_word' id='word_1_301' title='bbox 2009 2842 2151 2905; x_wconf 81' lang='lat' dir='ltr'><strong>Haec</strong></span> <span class='ocrx_word' id='word_1_302' title='bbox 2201 2861 2314 2924; x_wconf 91' lang='lat' dir='ltr'><strong>pro</strong></span> <span class='ocrx_word' id='word_1_303' title='bbox 2423 2844 2560 2907; x_wconf 91' lang='lat' dir='ltr'><strong>dari</strong></span> <span class='ocrx_word' id='word_1_304' title='bbox 2599 2852 2870 2926; x_wconf 85' lang='lat' dir='ltr'><strong>oportet.</strong></span> 
     </span>
    </p>
   </div>
   <div class='ocr_carea' id='block_1_3' title="bbox 1900 3264 2826 3352">
    <p class='ocr_par' dir='ltr' id='par_1_10' title="bbox 1900 3264 2826 3352">
     <span class='ocr_line' id='line_1_25' title="bbox 1900 3264 2826 3352; baseline 0 -3"><span class='ocrx_word' id='word_1_305' title='bbox 1900 3264 2544 3352; x_wconf 82' lang='lat' dir='ltr'><strong>ARTICULUS</strong></span> <span class='ocrx_word' id='word_1_306' title='bbox 2620 3266 2826 3349; x_wconf 87' lang='lat' dir='ltr'><strong>XIX</strong></span> 
     </span>
    </p>
   </div>
   <div class='ocr_carea' id='block_1_4' title="bbox 922 3537 3802 3599">
    <p class='ocr_par' dir='ltr' id='par_1_11' title="bbox 922 3537 3802 3599">
     <span class='ocr_line' id='line_1_26' title="bbox 922 3537 3802 3599; baseline 0 -16"><span class='ocrx_word' id='word_1_307' title='bbox 922 3538 1234 3585; x_wconf 68' lang='lat' dir='ltr'><strong>Exposmo</strong></span> <span class='ocrx_word' id='word_1_308' title='bbox 1276 3537 1555 3585; x_wconf 62' lang='lat' dir='ltr'><strong>currum</strong></span> <span class='ocrx_word' id='word_1_309' title='bbox 1600 3538 1954 3585; x_wconf 76' lang='lat' dir='ltr'><strong>NoNlnEclm</strong></span> <span class='ocrx_word' id='word_1_310' title='bbox 1997 3540 2071 3584; x_wconf 85' lang='lat' dir='ltr'><strong>ET</strong></span> <span class='ocrx_word' id='word_1_311' title='bbox 2113 3538 2316 3585; x_wconf 79' lang='lat' dir='ltr'><strong>uL‘rnn</strong></span> <span class='ocrx_word' id='word_1_312' title='bbox 2365 3539 2379 3585; x_wconf 88' lang='lat'><strong>:</strong></span> <span class='ocrx_word' id='word_1_313' title='bbox 2425 3538 2610 3585; x_wconf 69' lang='lat' dir='ltr'><strong>uirus</strong></span> <span class='ocrx_word' id='word_1_314' title='bbox 2656 3539 2860 3585; x_wconf 76' lang='lat' dir='ltr'><strong>AtJ&#39;rm(</strong></span> <span class='ocrx_word' id='word_1_315' title='bbox 2903 3538 3093 3593; x_wconf 77' lang='lat' dir='ltr'><strong>USQUE</strong></span> <span class='ocrx_word' id='word_1_316' title='bbox 3135 3538 3197 3584; x_wconf 77' lang='lat' dir='ltr'><strong>m</strong></span> <span class='ocrx_word' id='word_1_317' title='bbox 3239 3538 3630 3599; x_wconf 77' lang='lat' dir='ltr'><strong>Nowssnnm,</strong></span> <span class='ocrx_word' id='word_1_318' title='bbox 3669 3538 3802 3585; x_wconf 73' lang='lat' dir='ltr'><strong>mc.</strong></span> 
     </span>
    </p>
   </div>
   <div class='ocr_carea' id='block_1_5' title="bbox 642 3815 4192 5386">
    <p class='ocr_par' dir='ltr' id='par_1_12' title="bbox 642 3815 4192 5386">
     <span class='ocr_line' id='line_1_27' title="bbox 956 3815 3904 3899; baseline 0 -18"><span class='ocrx_word' id='word_1_319' title='bbox 956 3820 1005 3881; x_wconf 90' lang='lat' dir='ltr'>E</span> <span class='ocrx_word' id='word_1_320' title='bbox 1050 3819 1481 3883; x_wconf 86' lang='lat' dir='ltr'><strong>obstinatione</strong></span> <span class='ocrx_word' id='word_1_321' title='bbox 1528 3827 1590 3881; x_wconf 90' lang='lat' dir='ltr'><strong>et</strong></span> <span class='ocrx_word' id='word_1_322' title='bbox 1642 3817 2065 3883; x_wconf 90' lang='lat' dir='ltr'><strong>subversione</strong></span> <span class='ocrx_word' id='word_1_323' title='bbox 2121 3818 2308 3899; x_wconf 76' lang='lat' dir='ltr'><strong>AEgy-</strong></span> <span class='ocrx_word' id='word_1_324' title='bbox 2333 3815 2376 3878; x_wconf 94' lang='lat' dir='ltr'>C</span> <span class='ocrx_word' id='word_1_325' title='bbox 2414 3818 2480 3880; x_wconf 92' lang='lat' dir='ltr'><strong>in</strong></span> <span class='ocrx_word' id='word_1_326' title='bbox 2510 3818 2812 3881; x_wconf 89' lang='lat' dir='ltr'><strong>vindictis</strong></span> <span class='ocrx_word' id='word_1_327' title='bbox 2840 3816 3302 3893; x_wconf 89' lang='lat' dir='ltr'><strong>crudelitatum,</strong></span> <span class='ocrx_word' id='word_1_328' title='bbox 3322 3837 3464 3897; x_wconf 80' lang='lat' dir='ltr'><strong>quae</strong></span> <span class='ocrx_word' id='word_1_329' title='bbox 3491 3817 3730 3881; x_wconf 85' lang='lat' dir='ltr'><strong>directe</strong></span> <span class='ocrx_word' id='word_1_330' title='bbox 3755 3838 3904 3882; x_wconf 90' lang='lat' dir='ltr'><strong>con·</strong></span> 
     </span>
     <span class='ocr_line' id='line_1_28' title="bbox 985 3914 3900 4001; baseline -0.001 -20"><span class='ocrx_word' id='word_1_331' title='bbox 985 3920 1264 4001; x_wconf 89' lang='lat' dir='ltr'><strong>ptiorum</strong></span> <span class='ocrx_word' id='word_1_332' title='bbox 1312 3918 1379 3980; x_wconf 93' lang='lat' dir='ltr'><strong>in</strong></span> <span class='ocrx_word' id='word_1_333' title='bbox 1428 3918 1584 3980; x_wconf 89' lang='lat' dir='ltr'><strong>mari</strong></span> <span class='ocrx_word' id='word_1_334' title='bbox 1638 3918 1868 3993; x_wconf 86' lang='lat' dir='ltr'><strong>Rubro,</strong></span> <span class='ocrx_word' id='word_1_335' title='bbox 1925 3916 2305 3979; x_wconf 89' lang='lat' dir='ltr'><strong>salvatione-</strong></span> <span class='ocrx_word' id='word_1_336' title='bbox 2415 3917 2757 3978; x_wconf 90' lang='lat' dir='ltr'><strong>trariantur</strong></span> <span class='ocrx_word' id='word_1_337' title='bbox 2803 3914 3278 3979; x_wconf 67' lang='lat' dir='ltr'><strong>misericordiae.</strong></span> <span class='ocrx_word' id='word_1_338' title='bbox 3309 3916 3487 3979; x_wconf 88' lang='lat' dir='ltr'><strong>Unde</strong></span> <span class='ocrx_word' id='word_1_339' title='bbox 3525 3924 3590 3977; x_wconf 84' lang='lat' dir='ltr'><strong>et</strong></span> <span class='ocrx_word' id='word_1_340' title='bbox 3627 3916 3900 3980; x_wconf 86' lang='lat' dir='ltr'><strong>Jacobus</strong></span> 
     </span>
     <span class='ocr_line' id='line_1_29' title="bbox 642 4013 4192 4098; baseline -0.001 -20"><span class='ocrx_word' id='word_1_341' title='bbox 642 4023 667 4078; x_wconf 80' lang='lat'><strong>1</strong></span> <span class='ocrx_word' id='word_1_342' title='bbox 817 4037 941 4098; x_wconf 92' lang='lat' dir='ltr'><strong>que</strong></span> <span class='ocrx_word' id='word_1_343' title='bbox 973 4018 1398 4093; x_wconf 86' lang='lat' dir='ltr'><strong>Hebraeorum,</strong></span> <span class='ocrx_word' id='word_1_344' title='bbox 1432 4016 1537 4079; x_wconf 91' lang='lat' dir='ltr'><strong>hic</strong></span> <span class='ocrx_word' id='word_1_345' title='bbox 1565 4016 1795 4096; x_wconf 88' lang='lat' dir='ltr'><strong>agitur.</strong></span> <span class='ocrx_word' id='word_1_346' title='bbox 1824 4017 2057 4093; x_wconf 80' lang='lat' dir='ltr'><strong>Impiis</strong></span> <span class='ocrx_word' id='word_1_347' title='bbox 2087 4024 2304 4076; x_wconf 78' lang='lat' dir='ltr'><strong>autem</strong></span> <span class='ocrx_word' id='word_1_348' title='bbox 2412 4016 2503 4077; x_wconf 89' lang='lat' dir='ltr'><strong>ait</strong></span> <span class='ocrx_word' id='word_1_349' title='bbox 2530 4015 2854 4097; x_wconf 89' lang='lat' dir='ltr'><strong>apostolus</strong></span> <span class='ocrx_word' id='word_1_350' title='bbox 2887 4032 2901 4076; x_wconf 93' lang='lat'>:</span> <span class='ocrx_word' id='word_1_351' title='bbox 2937 4013 3254 4077; x_wconf 77' lang='lat' dir='ltr'><strong>Iudicium</strong></span> <span class='ocrx_word' id='word_1_352' title='bbox 3293 4014 3432 4077; x_wconf 90' lang='lat' dir='ltr'><strong>sine</strong></span> <span class='ocrx_word' id='word_1_353' title='bbox 3462 4015 3901 4079; x_wconf 89' lang='lat' dir='ltr'><strong>misericordia</strong></span> <span class='ocrx_word' id='word_1_354' title='bbox 3926 4031 4192 4081; x_wconf 57' lang='lat' dir='ltr'><strong>lammis.</strong></span> 
     </span>
     <span class='ocr_line' id='line_1_30' title="bbox 816 4112 3894 4199; baseline -0 -21"><span class='ocrx_word' id='word_1_355' title='bbox 816 4117 1124 4199; x_wconf 81' lang='lat' dir='ltr'><strong>AEgyptiis</strong></span> <span class='ocrx_word' id='word_1_356' title='bbox 1159 4138 1357 4197; x_wconf 80' lang='lat' dir='ltr'><strong>usque</strong></span> <span class='ocrx_word' id='word_1_357' title='bbox 1386 4118 1459 4177; x_wconf 84' lang='lat' dir='ltr'><strong>in</strong></span> <span class='ocrx_word' id='word_1_358' title='bbox 1492 4116 1917 4176; x_wconf 77' lang='lat' dir='ltr'><strong>novissimum</strong></span> <span class='ocrx_word' id='word_1_359' title='bbox 1946 4116 2088 4173; x_wconf 81' lang='lat' dir='ltr'><strong>sine</strong></span> <span class='ocrx_word' id='word_1_360' title='bbox 2128 4116 2304 4173; x_wconf 77' lang='lat' dir='ltr'><strong>mise-</strong></span> <span class='ocrx_word' id='word_1_361' title='bbox 2415 4113 2531 4177; x_wconf 86' lang='lat' dir='ltr'><strong>fiet</strong></span> <span class='ocrx_word' id='word_1_362' title='bbox 2585 4115 2666 4189; x_wconf 83' lang='lat' dir='ltr'><strong>ei,</strong></span> <span class='ocrx_word' id='word_1_363' title='bbox 2729 4113 2841 4195; x_wconf 89' lang='lat' dir='ltr'><strong>qui</strong></span> <span class='ocrx_word' id='word_1_364' title='bbox 2897 4131 3025 4175; x_wconf 87' lang='lat' dir='ltr'><strong>non</strong></span> <span class='ocrx_word' id='word_1_365' title='bbox 3085 4112 3308 4176; x_wconf 80' lang='lat' dir='ltr'><strong>fecerit</strong></span> <span class='ocrx_word' id='word_1_366' title='bbox 3363 4112 3894 4177; x_wconf 84' lang='lat' dir='ltr'><strong>misericordiam.</strong></span> 
     </span>
     <span class='ocr_line' id='line_1_31' title="bbox 814 4210 3902 4294; baseline 0 -19"><span class='ocrx_word' id='word_1_367' title='bbox 814 4218 1103 4276; x_wconf 79' lang='lat' dir='ltr'><strong>ric-ordia</strong></span> <span class='ocrx_word' id='word_1_368' title='bbox 1142 4218 1247 4277; x_wconf 83' lang='lat' dir='ltr'><strong>ira</strong></span> <span class='ocrx_word' id='word_1_369' title='bbox 1283 4215 1653 4293; x_wconf 75' lang='lat' dir='ltr'><strong>supervenit</strong></span> <span class='ocrx_word' id='word_1_370' title='bbox 1684 4234 1707 4273; x_wconf 91' lang='lat'><strong>.·</strong></span> <span class='ocrx_word' id='word_1_371' title='bbox 1739 4212 1889 4294; x_wconf 90' lang='lat' dir='ltr'><strong>quia</strong></span> <span class='ocrx_word' id='word_1_372' title='bbox 1924 4212 2098 4293; x_wconf 87' lang='lat' dir='ltr'><strong>justo</strong></span> <span class='ocrx_word' id='word_1_373' title='bbox 2135 4210 2304 4294; x_wconf 86' lang='lat' dir='ltr'><strong>judi·</strong></span> <span class='ocrx_word' id='word_1_374' title='bbox 2411 4212 2570 4274; x_wconf 87' lang='lat' dir='ltr'><strong>Hinc</strong></span> <span class='ocrx_word' id='word_1_375' title='bbox 2616 4212 2681 4273; x_wconf 90' lang='lat' dir='ltr'><strong>in</strong></span> <span class='ocrx_word' id='word_1_376' title='bbox 2723 4211 3020 4294; x_wconf 91' lang='lat' dir='ltr'><strong>parabola</strong></span> <span class='ocrx_word' id='word_1_377' title='bbox 3049 4210 3436 4290; x_wconf 88' lang='lat' dir='ltr'><strong>evangelica,</strong></span> <span class='ocrx_word' id='word_1_378' title='bbox 3471 4212 3548 4274; x_wconf 89' lang='lat' dir='ltr'><strong>de</strong></span> <span class='ocrx_word' id='word_1_379' title='bbox 3579 4230 3763 4276; x_wconf 89' lang='lat' dir='ltr'><strong>servo</strong></span> <span class='ocrx_word' id='word_1_380' title='bbox 3795 4233 3902 4276; x_wconf 89' lang='lat' dir='ltr'><strong>ne-</strong></span> 
     </span>
     <span class='ocr_line' id='line_1_32' title="bbox 813 4309 3895 4397; baseline -0.001 -19"><span class='ocrx_word' id='word_1_381' title='bbox 813 4317 913 4378; x_wconf 93' lang='lat' dir='ltr'><strong>cio</strong></span> <span class='ocrx_word' id='word_1_382' title='bbox 962 4316 1255 4397; x_wconf 84' lang='lat' dir='ltr'><strong>permisit</strong></span> <span class='ocrx_word' id='word_1_383' title='bbox 1296 4333 1404 4378; x_wconf 91' lang='lat' dir='ltr'><strong>eos</strong></span> <span class='ocrx_word' id='word_1_384' title='bbox 1434 4312 1848 4395; x_wconf 88' lang='lat' dir='ltr'><strong>Omnipotens</strong></span> <span class='ocrx_word' id='word_1_385' title='bbox 1884 4310 2192 4373; x_wconf 89' lang='lat' dir='ltr'><strong>indurari.</strong></span> <span class='ocrx_word' id='word_1_386' title='bbox 2229 4310 2302 4371; x_wconf 88' lang='lat' dir='ltr'><strong>Et</strong></span> <span class='ocrx_word' id='word_1_387' title='bbox 2412 4329 2603 4392; x_wconf 89' lang='lat' dir='ltr'><strong>quam</strong></span> <span class='ocrx_word' id='word_1_388' title='bbox 2650 4310 2762 4391; x_wconf 91' lang='lat' dir='ltr'><strong>qui</strong></span> <span class='ocrx_word' id='word_1_389' title='bbox 2798 4327 3104 4372; x_wconf 88' lang='lat' dir='ltr'><strong>conservo</strong></span> <span class='ocrx_word' id='word_1_390' title='bbox 3161 4327 3276 4372; x_wconf 91' lang='lat' dir='ltr'><strong>suo</strong></span> <span class='ocrx_word' id='word_1_391' title='bbox 3333 4309 3538 4372; x_wconf 92' lang='lat' dir='ltr'><strong>noluit</strong></span> <span class='ocrx_word' id='word_1_392' title='bbox 3583 4310 3895 4387; x_wconf 90' lang='lat' dir='ltr'><strong>misereri,</strong></span> 
     </span>
     <span class='ocr_line' id='line_1_33' title="bbox 813 4406 4154 4497; baseline -0.001 -20"><span class='ocrx_word' id='word_1_393' title='bbox 813 4414 1106 4497; x_wconf 89' lang='lat' dir='ltr'><strong>quamvis</strong></span> <span class='ocrx_word' id='word_1_394' title='bbox 1136 4415 1215 4477; x_wconf 88' lang='lat' dir='ltr'><strong>ad</strong></span> <span class='ocrx_word' id='word_1_395' title='bbox 1247 4422 1496 4496; x_wconf 90' lang='lat' dir='ltr'><strong>tempus</strong></span> <span class='ocrx_word' id='word_1_396' title='bbox 1536 4412 1763 4475; x_wconf 89' lang='lat' dir='ltr'><strong>timore</strong></span> <span class='ocrx_word' id='word_1_397' title='bbox 1805 4410 2143 4493; x_wconf 86' lang='lat' dir='ltr'><strong>compulsi,</strong></span> <span class='ocrx_word' id='word_1_398' title='bbox 2187 4409 2302 4471; x_wconf 89' lang='lat' dir='ltr'><strong>ali·</strong></span> <span class='ocrx_word' id='word_1_399' title='bbox 2411 4410 2734 4485; x_wconf 83' lang='lat' dir='ltr'><strong>asseritur,</strong></span> <span class='ocrx_word' id='word_1_400' title='bbox 2767 4409 2938 4489; x_wconf 89' lang='lat' dir='ltr'><strong>quod</strong></span> <span class='ocrx_word' id='word_1_401' title='bbox 2966 4408 3261 4471; x_wconf 92' lang='lat' dir='ltr'><strong>dominus</strong></span> <span class='ocrx_word' id='word_1_402' title='bbox 3289 4406 3500 4471; x_wconf 89' lang='lat' dir='ltr'><strong>debita</strong></span> <span class='ocrx_word' id='word_1_403' title='bbox 3535 4408 3594 4470; x_wconf 91' lang='lat' dir='ltr'><strong>ei</strong></span> <span class='ocrx_word' id='word_1_404' title='bbox 3633 4409 3900 4473; x_wconf 89' lang='lat' dir='ltr'><strong>dimissa</strong></span> <span class='ocrx_word' id='word_1_405' title='bbox 3979 4431 4154 4475; x_wconf 65' lang='lat' dir='ltr'><strong>naen.</strong></span> 
     </span>
     <span class='ocr_line' id='line_1_34' title="bbox 810 4498 4134 4595; baseline -0.002 -20"><span class='ocrx_word' id='word_1_406' title='bbox 810 4513 1087 4595; x_wconf 84' lang='lat' dir='ltr'><strong>qualiter</strong></span> <span class='ocrx_word' id='word_1_407' title='bbox 1118 4512 1575 4595; x_wconf 80' lang='lat' dir='ltr'><strong>poenituerunt,</strong></span> <span class='ocrx_word' id='word_1_408' title='bbox 1598 4511 1725 4574; x_wconf 92' lang='lat' dir='ltr'><strong>cito</strong></span> <span class='ocrx_word' id='word_1_409' title='bbox 1754 4518 1964 4571; x_wconf 89' lang='lat' dir='ltr'><strong>tamen</strong></span> <span class='ocrx_word' id='word_1_410' title='bbox 1995 4509 2070 4572; x_wconf 91' lang='lat' dir='ltr'><strong>ad</strong></span> <span class='ocrx_word' id='word_1_411' title='bbox 2101 4506 2305 4590; x_wconf 88' lang='lat' dir='ltr'><strong>pristi·</strong></span> <span class='ocrx_word' id='word_1_412' title='bbox 2410 4508 2490 4571; x_wconf 91' lang='lat' dir='ltr'><strong>ab</strong></span> <span class='ocrx_word' id='word_1_413' title='bbox 2542 4527 2617 4572; x_wconf 92' lang='lat' dir='ltr'><strong>eo</strong></span> <span class='ocrx_word' id='word_1_414' title='bbox 2676 4507 2950 4590; x_wconf 89' lang='lat' dir='ltr'><strong>repetiit,</strong></span> <span class='ocrx_word' id='word_1_415' title='bbox 2998 4515 3189 4588; x_wconf 89' lang='lat' dir='ltr'><strong>atque</strong></span> <span class='ocrx_word' id='word_1_416' title='bbox 3241 4506 3306 4569; x_wconf 92' lang='lat' dir='ltr'><strong>in</strong></span> <span class='ocrx_word' id='word_1_417' title='bbox 3358 4524 3674 4570; x_wconf 84' lang='lat' dir='ltr'><strong>carcerem</strong></span> <span class='ocrx_word' id='word_1_418' title='bbox 3723 4508 3898 4571; x_wconf 85' lang='lat' dir='ltr'><strong>misit</strong></span> <span class='ocrx_word' id='word_1_419' title='bbox 3925 4506 4042 4543; x_wconf 71' lang='lat'>‘&#39;¹¹&#39;’</span> <span class='ocrx_word' id='word_1_420' title='bbox 4069 4498 4134 4537; x_wconf 51' lang='lat'><strong>³*</strong></span> 
     </span>
     <span class='ocr_line' id='line_1_35' title="bbox 810 4605 3899 4688; baseline -0.001 -14"><span class='ocrx_word' id='word_1_421' title='bbox 810 4631 955 4674; x_wconf 89' lang='lat' dir='ltr'><strong>nam</strong></span> <span class='ocrx_word' id='word_1_422' title='bbox 987 4610 1317 4674; x_wconf 88' lang='lat' dir='ltr'><strong>redierunt</strong></span> <span class='ocrx_word' id='word_1_423' title='bbox 1343 4609 1777 4673; x_wconf 87' lang='lat' dir='ltr'><strong>crudelitatem</strong></span> <span class='ocrx_word' id='word_1_424' title='bbox 1808 4626 1821 4669; x_wconf 93' lang='lat'>:</span> <span class='ocrx_word' id='word_1_425' title='bbox 1847 4608 2067 4687; x_wconf 88' lang='lat' dir='ltr'><strong>sicque</strong></span> <span class='ocrx_word' id='word_1_426' title='bbox 2098 4606 2214 4680; x_wconf 92' lang='lat' dir='ltr'><strong>ira,</strong></span> <span class='ocrx_word' id='word_1_427' title='bbox 2238 4606 2300 4667; x_wconf 89' lang='lat' dir='ltr'><strong>id</strong></span> <span class='ocrx_word' id='word_1_428' title='bbox 2411 4627 2554 4670; x_wconf 89' lang='lat' dir='ltr'><strong>eum</strong></span> <span class='ocrx_word' id='word_1_429' title='bbox 2605 4625 2938 4688; x_wconf 90' lang='lat' dir='ltr'><strong>quousque</strong></span> <span class='ocrx_word' id='word_1_430' title='bbox 2977 4605 3261 4669; x_wconf 89' lang='lat' dir='ltr'><strong>debitum</strong></span> <span class='ocrx_word' id='word_1_431' title='bbox 3317 4606 3589 4669; x_wconf 89' lang='lat' dir='ltr'><strong>solveret</strong></span> <span class='ocrx_word' id='word_1_432' title='bbox 3641 4608 3899 4670; x_wconf 86' lang='lat' dir='ltr'><strong>univer-</strong></span> 
     </span>
     <span class='ocr_line' id='line_1_36' title="bbox 810 4704 3894 4786; baseline -0.002 -13"><span class='ocrx_word' id='word_1_433' title='bbox 810 4719 908 4773; x_wconf 87' lang='lat' dir='ltr'><strong>est</strong></span> <span class='ocrx_word' id='word_1_434' title='bbox 953 4710 1174 4773; x_wconf 89' lang='lat' dir='ltr'><strong>divina</strong></span> <span class='ocrx_word' id='word_1_435' title='bbox 1222 4710 1399 4786; x_wconf 90' lang='lat' dir='ltr'><strong>ultio,</strong></span> <span class='ocrx_word' id='word_1_436' title='bbox 1442 4708 1535 4771; x_wconf 90' lang='lat' dir='ltr'><strong>eis</strong></span> <span class='ocrx_word' id='word_1_437' title='bbox 1582 4706 1841 4770; x_wconf 90' lang='lat' dir='ltr'><strong>advenit</strong></span> <span class='ocrx_word' id='word_1_438' title='bbox 1880 4706 2019 4768; x_wconf 88' lang='lat' dir='ltr'><strong>sine</strong></span> <span class='ocrx_word' id='word_1_439' title='bbox 2062 4704 2302 4767; x_wconf 90' lang='lat' dir='ltr'><strong>miseri·</strong></span> <span class='ocrx_word' id='word_1_440' title='bbox 2411 4724 2574 4767; x_wconf 90' lang='lat' dir='ltr'><strong>sum.</strong></span> <span class='ocrx_word' id='word_1_441' title='bbox 2604 4708 2988 4767; x_wconf 79' lang='lat' dir='ltr'><strong>Proesciebat</strong></span> <span class='ocrx_word' id='word_1_442' title='bbox 3033 4705 3208 4764; x_wconf 75' lang='lat' dir='ltr'><strong>enim</strong></span> <span class='ocrx_word' id='word_1_443' title='bbox 3249 4713 3314 4763; x_wconf 76' lang='lat' dir='ltr'><strong>et</strong></span> <span class='ocrx_word' id='word_1_444' title='bbox 3334 4706 3568 4782; x_wconf 71' lang='lat' dir='ltr'><strong>futura</strong></span> <span class='ocrx_word' id='word_1_445' title='bbox 3599 4707 3894 4775; x_wconf 82' lang='lat' dir='ltr'><strong>illorum,</strong></span> 
     </span>
     <span class='ocr_line' id='line_1_37' title="bbox 806 4800 3896 4891; baseline -0.003 -19"><span class='ocrx_word' id='word_1_446' title='bbox 806 4810 1044 4887; x_wconf 89' lang='lat' dir='ltr'><strong>cordia,</strong></span> <span class='ocrx_word' id='word_1_447' title='bbox 1078 4809 1228 4891; x_wconf 90' lang='lat' dir='ltr'><strong>quia</strong></span> <span class='ocrx_word' id='word_1_448' title='bbox 1266 4808 1346 4871; x_wconf 90' lang='lat' dir='ltr'><strong>de</strong></span> <span class='ocrx_word' id='word_1_449' title='bbox 1383 4825 1574 4890; x_wconf 89' lang='lat' dir='ltr'><strong>poena</strong></span> <span class='ocrx_word' id='word_1_450' title='bbox 1618 4804 1973 4888; x_wconf 88' lang='lat' dir='ltr'><strong>temporali,</strong></span> <span class='ocrx_word' id='word_1_451' title='bbox 2007 4805 2085 4867; x_wconf 90' lang='lat' dir='ltr'><strong>ad</strong></span> <span class='ocrx_word' id='word_1_452' title='bbox 2124 4812 2300 4867; x_wconf 82' lang='lat' dir='ltr'><strong>aeter-</strong></span> <span class='ocrx_word' id='word_1_453' title='bbox 2410 4803 2473 4865; x_wconf 92' lang='lat' dir='ltr'><strong>id</strong></span> <span class='ocrx_word' id='word_1_454' title='bbox 2521 4810 2638 4879; x_wconf 89' lang='lat' dir='ltr'><strong>est,</strong></span> <span class='ocrx_word' id='word_1_455' title='bbox 2691 4803 2856 4864; x_wconf 91' lang='lat' dir='ltr'><strong>Deus</strong></span> <span class='ocrx_word' id='word_1_456' title='bbox 2903 4800 3332 4884; x_wconf 81' lang='lat' dir='ltr'><strong>praecognovit</strong></span> <span class='ocrx_word' id='word_1_457' title='bbox 3385 4802 3664 4865; x_wconf 85' lang='lat' dir='ltr'><strong>futuram</strong></span> <span class='ocrx_word' id='word_1_458' title='bbox 3711 4804 3896 4885; x_wconf 71' lang='lat' dir='ltr'><strong>AEgy-</strong></span> 
     </span>
     <span class='ocr_line' id='line_1_38' title="bbox 808 4898 3892 4991; baseline -0.002 -20"><span class='ocrx_word' id='word_1_459' title='bbox 808 4929 954 4971; x_wconf 91' lang='lat' dir='ltr'><strong>nam</strong></span> <span class='ocrx_word' id='word_1_460' title='bbox 987 4907 1268 4991; x_wconf 90' lang='lat' dir='ltr'><strong>prolapsi</strong></span> <span class='ocrx_word' id='word_1_461' title='bbox 1293 4914 1453 4968; x_wconf 78' lang='lat' dir='ltr'><strong>sunt</strong></span> <span class='ocrx_word' id='word_1_462' title='bbox 1470 4903 1766 4978; x_wconf 89' lang='lat' dir='ltr'><strong>Quamvis</strong></span> <span class='ocrx_word' id='word_1_463' title='bbox 1792 4911 2001 4965; x_wconf 89' lang='lat' dir='ltr'><strong>autem</strong></span> <span class='ocrx_word' id='word_1_464' title='bbox 2030 4902 2095 4963; x_wconf 92' lang='lat' dir='ltr'><strong>in</strong></span> <span class='ocrx_word' id='word_1_465' title='bbox 2122 4900 2298 4965; x_wconf 91' lang='lat' dir='ltr'><strong>omni</strong></span> <span class='ocrx_word' id='word_1_466' title='bbox 2409 4901 2687 4983; x_wconf 89' lang='lat' dir='ltr'><strong>ptiorum</strong></span> <span class='ocrx_word' id='word_1_467' title='bbox 2736 4900 3144 4963; x_wconf 87' lang='lat' dir='ltr'><strong>vitiositatem</strong></span> <span class='ocrx_word' id='word_1_468' title='bbox 3183 4917 3196 4961; x_wconf 93' lang='lat'><strong>:</strong></span> <span class='ocrx_word' id='word_1_469' title='bbox 3230 4898 3372 4963; x_wconf 89' lang='lat' dir='ltr'><strong>ideo</strong></span> <span class='ocrx_word' id='word_1_470' title='bbox 3407 4901 3575 4979; x_wconf 88' lang='lat' dir='ltr'><strong>juste</strong></span> <span class='ocrx_word' id='word_1_471' title='bbox 3612 4900 3892 4964; x_wconf 86' lang='lat' dir='ltr'><strong>deseruit</strong></span> 
     </span>
     <span class='ocr_line' id='line_1_39' title="bbox 806 4997 3888 5090; baseline -0.003 -18"><span class='ocrx_word' id='word_1_472' title='bbox 806 5025 998 5090; x_wconf 90' lang='lat' dir='ltr'><strong>opere</strong></span> <span class='ocrx_word' id='word_1_473' title='bbox 1045 5015 1237 5087; x_wconf 91' lang='lat' dir='ltr'><strong>atque</strong></span> <span class='ocrx_word' id='word_1_474' title='bbox 1281 5003 1523 5085; x_wconf 87' lang='lat' dir='ltr'><strong>judicio</strong></span> <span class='ocrx_word' id='word_1_475' title='bbox 1571 5001 1679 5064; x_wconf 89' lang='lat' dir='ltr'><strong>Dei</strong></span> <span class='ocrx_word' id='word_1_476' title='bbox 1724 4999 2164 5063; x_wconf 90' lang='lat' dir='ltr'><strong>misericordia</strong></span> <span class='ocrx_word' id='word_1_477' title='bbox 2214 4999 2300 5061; x_wconf 88' lang='lat' dir='ltr'><strong>sit</strong></span> <span class='ocrx_word' id='word_1_478' title='bbox 2327 5002 2378 5064; x_wconf 91' lang='lat' dir='ltr'>D</span> <span class='ocrx_word' id='word_1_479' title='bbox 2408 5019 2539 5077; x_wconf 77' lang='lat' dir='ltr'><strong>eOS,</strong></span> <span class='ocrx_word' id='word_1_480' title='bbox 2580 4998 2732 5081; x_wconf 89' lang='lat' dir='ltr'><strong>quia</strong></span> <span class='ocrx_word' id='word_1_481' title='bbox 2761 4999 2894 5082; x_wconf 88' lang='lat' dir='ltr'><strong>jam</strong></span> <span class='ocrx_word' id='word_1_482' title='bbox 2930 5006 3078 5061; x_wconf 89' lang='lat' dir='ltr'><strong>ante</strong></span> <span class='ocrx_word' id='word_1_483' title='bbox 3123 4997 3361 5061; x_wconf 91' lang='lat' dir='ltr'><strong>similia</strong></span> <span class='ocrx_word' id='word_1_484' title='bbox 3403 5008 3664 5078; x_wconf 87' lang='lat' dir='ltr'><strong>egerant</strong></span> <span class='ocrx_word' id='word_1_485' title='bbox 3699 5000 3888 5062; x_wconf 89' lang='lat' dir='ltr'><strong>mala.</strong></span> 
     </span>
     <span class='ocr_line' id='line_1_40' title="bbox 804 5096 4073 5183; baseline -0.004 -15"><span class='ocrx_word' id='word_1_486' title='bbox 804 5103 1188 5181; x_wconf 86' lang='lat' dir='ltr'><strong>admixta,in</strong></span> <span class='ocrx_word' id='word_1_487' title='bbox 1210 5102 1532 5183; x_wconf 87' lang='lat' dir='ltr'><strong>aliquibus</strong></span> <span class='ocrx_word' id='word_1_488' title='bbox 1553 5108 1766 5162; x_wconf 87' lang='lat' dir='ltr'><strong>tamen</strong></span> <span class='ocrx_word' id='word_1_489' title='bbox 1784 5098 2017 5162; x_wconf 88' lang='lat' dir='ltr'><strong>dicitur</strong></span> <span class='ocrx_word' id='word_1_490' title='bbox 2044 5116 2174 5162; x_wconf 91' lang='lat' dir='ltr'><strong>non</strong></span> <span class='ocrx_word' id='word_1_491' title='bbox 2195 5099 2300 5161; x_wconf 90' lang='lat' dir='ltr'><strong>ad·</strong></span> <span class='ocrx_word' id='word_1_492' title='bbox 2490 5098 2810 5167; x_wconf 78' lang='lat' dir='ltr'><strong>Quoniam</strong></span> <span class='ocrx_word' id='word_1_493' title='bbox 2848 5116 3053 5177; x_wconf 81' lang='lat' dir='ltr'><strong>quum</strong></span> <span class='ocrx_word' id='word_1_494' title='bbox 3099 5097 3229 5175; x_wconf 80' lang='lat' dir='ltr'><strong>ipsi</strong></span> <span class='ocrx_word' id='word_1_495' title='bbox 3271 5098 3513 5156; x_wconf 80' lang='lat' dir='ltr'><strong>reversi</strong></span> <span class='ocrx_word' id='word_1_496' title='bbox 3555 5106 3782 5170; x_wconf 77' lang='lat' dir='ltr'><strong>essent,</strong></span> <span class='ocrx_word' id='word_1_497' title='bbox 3825 5096 3888 5160; x_wconf 92' lang='lat' dir='ltr'><strong>id</strong></span> <span class='ocrx_word' id='word_1_498' title='bbox 4035 5102 4073 5155; x_wconf 80' lang='lat'><em>2</em></span> 
     </span>
     <span class='ocr_line' id='line_1_41' title="bbox 804 5192 3894 5285; baseline -0.002 -20"><span class='ocrx_word' id='word_1_499' title='bbox 804 5204 1023 5281; x_wconf 86' lang='lat' dir='ltr'><strong>mixta,</strong></span> <span class='ocrx_word' id='word_1_500' title='bbox 1057 5203 1212 5285; x_wconf 89' lang='lat' dir='ltr'><strong>quia</strong></span> <span class='ocrx_word' id='word_1_501' title='bbox 1239 5202 1306 5263; x_wconf 92' lang='lat' dir='ltr'><strong>in</strong></span> <span class='ocrx_word' id='word_1_502' title='bbox 1343 5200 1437 5264; x_wconf 92' lang='lat' dir='ltr'><strong>eis</strong></span> <span class='ocrx_word' id='word_1_503' title='bbox 1466 5199 1795 5264; x_wconf 88' lang='lat' dir='ltr'><strong>evidenter</strong></span> <span class='ocrx_word' id='word_1_504' title='bbox 1824 5216 1899 5259; x_wconf 92' lang='lat' dir='ltr'><strong>ac</strong></span> <span class='ocrx_word' id='word_1_505' title='bbox 1928 5196 2297 5279; x_wconf 89' lang='lat' dir='ltr'><strong>specialiter</strong></span> <span class='ocrx_word' id='word_1_506' title='bbox 2405 5204 2524 5273; x_wconf 90' lang='lat' dir='ltr'><strong>est,</strong></span> <span class='ocrx_word' id='word_1_507' title='bbox 2558 5213 2750 5277; x_wconf 90' lang='lat' dir='ltr'><strong>quum</strong></span> <span class='ocrx_word' id='word_1_508' title='bbox 2778 5193 3054 5276; x_wconf 77' lang='lat' dir='ltr'><strong>AEgyptii</strong></span> <span class='ocrx_word' id='word_1_509' title='bbox 3084 5212 3122 5257; x_wconf 89' lang='lat' dir='ltr'><strong>a</strong></span> <span class='ocrx_word' id='word_1_510' title='bbox 3158 5212 3276 5257; x_wconf 89' lang='lat' dir='ltr'><strong>sua</strong></span> <span class='ocrx_word' id='word_1_511' title='bbox 3315 5192 3646 5259; x_wconf 81' lang='lat' dir='ltr'><strong>ferocitate</strong></span> <span class='ocrx_word' id='word_1_512' title='bbox 3678 5195 3746 5257; x_wconf 89' lang='lat' dir='ltr'><strong>in</strong></span> <span class='ocrx_word' id='word_1_513' title='bbox 3777 5194 3894 5259; x_wconf 86' lang='lat' dir='ltr'><strong>He-</strong></span> 
     </span>
     <span class='ocr_line' id='line_1_42' title="bbox 804 5292 3892 5386; baseline -0.003 -23"><span class='ocrx_word' id='word_1_514' title='bbox 804 5302 1303 5386; x_wconf 79' lang='lat' dir='ltr'><strong>praedominatur</strong></span> <span class='ocrx_word' id='word_1_515' title='bbox 1359 5298 1530 5379; x_wconf 88' lang='lat' dir='ltr'><strong>rigor</strong></span> <span class='ocrx_word' id='word_1_516' title='bbox 1583 5296 1876 5378; x_wconf 85' lang='lat' dir='ltr'><strong>justitiae,</strong></span> <span class='ocrx_word' id='word_1_517' title='bbox 1939 5294 2295 5378; x_wconf 81' lang='lat' dir='ltr'><strong>praesertim</strong></span> <span class='ocrx_word' id='word_1_518' title='bbox 2406 5295 2608 5358; x_wconf 80' lang='lat' dir='ltr'><strong>braeos</strong></span> <span class='ocrx_word' id='word_1_519' title='bbox 2639 5300 2992 5357; x_wconf 89' lang='lat' dir='ltr'><strong>cessassent</strong></span> <span class='ocrx_word' id='word_1_520' title='bbox 3036 5293 3115 5355; x_wconf 92' lang='lat' dir='ltr'><strong>ad</strong></span> <span class='ocrx_word' id='word_1_521' title='bbox 3161 5292 3482 5357; x_wconf 91' lang='lat' dir='ltr'><strong>modicum</strong></span> <span class='ocrx_word' id='word_1_522' title='bbox 3526 5301 3799 5377; x_wconf 76' lang='lat' dir='ltr'><strong>tempuS,</strong></span> <span class='ocrx_word' id='word_1_523' title='bbox 3829 5302 3892 5355; x_wconf 75' lang='lat' dir='ltr'><strong>et</strong></span> 
     </span>
    </p>
   </div>
  </div>
 </body>
</html>
