4284 6267
1062 494 1412 542 RNARRATIO
1456 495 1519 541 m
1560 495 1697 542 CAP.
1743 496 1786 541 Χ
1826 494 1985 541 unm
2028 496 2386 541 SAPIENTOE.
2434 516 2513 526 —-
2554 496 2694 543 Am.
2739 498 2782 543 Χ

3339 480 3459 544 513

356 663 601 725 donum
637 664 911 747 Spiritus
944 665 1180 742 Sancti,
1214 667 1383 746 quod
1418 674 1571 728 tunc
1602 674 1860 728 auctum
1893 666 1943 728 A
1974 666 2092 727 tuli
2128 668 2209 728 de
2248 685 2439 729 manu
2471 665 2822 731 Amorrhaei
2859 667 2923 729 in
2962 666 3175 747 gladio
3215 675 3277 730 et
3306 685 3456 729 arcu

362 760 488 824 fuit
521 763 585 823 in
619 782 717 827 eo.
752 764 934 827 Dedit
963 783 1221 846 quoque
1252 765 1308 827 ei
1350 772 1500 827 tune
1531 764 1861 827 scientiam

360 869 755 939 sanctorum,
790 862 852 925 id
904 872 1001 925 est
1040 862 1333 926 notitiam
1373 863 1561 925 solito
1601 863 1863 945 amplio-

102 973 327 1024 cmmm.
358 978 497 1022 rem
547 960 923 1041 angelorum
973 962 1327 1039 beatorum,
1363 980 1525 1043 quos
1576 960 1643 1022 in
1694 961 1883 1024 scala·

360 1057 527 1120 vidit
568 1060 985 1122 ascendentes
1028 1080 1102 1123 ac
1144 1060 1629 1123 descendentes,

444 1158 828 1219 Honestavit
872 1160 1067 1220 illum
1111 1160 1185 1220 in
1235 1162 1559 1221 laboribus
1604 1157 1760 1235 suiS,
1798 1158 1862 1220 id

360 1261 479 1328 est,
520 1255 803 1318 ostendit
844 1257 1013 1337 quod
1046 1255 1185 1339 ipse
1221 1256 1412 1319 Jacob
1449 1256 1621 1338 juste
1658 1274 1726 1318 se
1754 1256 1863 1317 ha-

361 1353 525 1428 buit,
562 1356 881 1433 pascendo
926 1363 990 1417 et
1032 1356 1449 1418 custodiendo
1487 1373 1717 1437 pecora
1755 1354 1866 1416 La—

100 1462 329 1510 maxm.
362 1450 488 1512 ban
518 1452 705 1515 valde
736 1452 1073 1517 laboriose.
1106 1453 1366 1535 Propter
1396 1454 1564 1533 quod
1598 1453 1723 1515 ait:
1752 1452 1862 1515 Die

88 1526 223 1574 ⁴⁰'⁴¹'
363 1558 688 1631 noctuque
746 1551 977 1614 urebar
1031 1560 1190 1615 aestu
1245 1562 1308 1614 et
1362 1552 1531 1633 gelu,
1580 1551 1863 1632 fugiebat

362 1666 630 1711 somnus
661 1649 743 1712 ab
771 1650 975 1713 oculis
1006 1649 1201 1731 meis;
1234 1651 1325 1713 sic
1355 1670 1470 1733 per
1499 1649 1729 1731 viginti
1758 1668 1863 1711 an·

362 1764 481 1809 nos
512 1747 749 1810 servivi
782 1748 921 1810 tibi.
940 1752 1024 1811 Εἰ
1042 1751 1380 1826 complevit
1405 1752 1640 1809 labores
1660 1750 1860 1817 illius,

1971 783 2136 827 meo.
2185 765 2270 827 De
2327 766 2446 829 hoc
2495 766 2698 829 sancti
2744 765 2935 829 Jacob
2981 765 3329 829 certamine
3384 784 3458 827 ac

1971 863 2319 946 triumph0‚
2357 864 2420 926 in
2451 864 2608 927 Osee
2647 864 2956 947 scriptum
2987 873 3083 928 est
3117 882 3131 927 :
3176 865 3244 927 In
3286 863 3460 927 forti·
3503 864 3751 933 cmm.

1972 962 2194 1025 tudine
2253 980 2366 1024 sua
2423 962 2704 1026 directus
2742 972 2838 1025 est
2881 983 3024 1026 cum
3073 962 3348 1045 angelo:
3397 970 3462 1025 et
3485 947 3530 987 ⁴·

1970 1059 2245 1123 invaluit
2286 1060 2365 1124 ad
2413 1061 2734 1141 angelum,
2777 1071 2841 1125 et
2885 1061 3281 1125 confortatus
3325 1068 3456 1139 est3

1972 1157 2178 1235 flevit,
2215 1166 2278 1221 et
2305 1158 2551 1239 rogavit
2581 1180 2752 1223 eum.
2788 1162 2873 1222 Et
2899 1164 3113 1231 sciret,
3143 1160 3206 1222 id
3239 1167 3355 1235 est,
3392 1158 3458 1221 in

1971 1274 2039 1318 se
2072 1256 2212 1337 ipso
2245 1276 2358 1339 per
2389 1256 2624 1320 auxilia
2669 1257 2792 1320 sibi
2835 1258 3144 1322 divinitus
3175 1255 3459 1321 exhibita

1968 1354 2388 1436 experiretur,
2419 1364 2611 1437 atque
2639 1375 2715 1420 ex
2745 1356 2963 1421 divina
2989 1355 3460 1419 illuminatione

1969 1452 2264 1534 ampliori
2296 1452 2528 1515 clarius
2560 1462 2982 1535 cognosceret,
2999 1456 3310 1535 quoniam
3335 1473 3461 1514 om-

1969 1553 2160 1611 nium
2179 1554 2504 1629 potentior
2521 1562 2610 1612 est
2638 1554 2963 1629 sapientia
2995 1552 3292 1629 increata,
3318 1570 3459 1634 quae

1970 1668 2117 1712 vere
2165 1650 2570 1733 omnipotens
2619 1660 2736 1727 est,
2797 1658 2862 1713 et
2917 1650 3050 1714 suis
3105 1650 3458 1715 cultoribus

1971 1748 2302 1811 victoriam
2345 1749 2421 1811 ad
2469 1748 2722 1811 libitum
2769 1749 3076 1812 tribuens,

170 1848 229 1901 11
360 1845 574 1908 dando
604 1846 665 1908 ei
694 1847 1237 1928 perseverantiam
1268 1866 1341 1910 ac
1370 1848 1857 1932 mercedemJn
1898 1846 1943 1909 B
2064 1850 2218 1908 Hoec
2273 1846 2589 1928 sapientia
2637 1851 2974 1908 venditum
3018 1850 3278 1926 justum
3325 1870 3454 1911 non
3587 1858 3654 1914 13

356 1944 605 2019 fraude
661 1947 1315 2008 circumvenientium
1369 1948 1563 2006 illum
1609 1947 1856 2022 adfuit,

358 2040 423 2103 id
455 2050 574 2118 est,
610 2043 927 2126 sapientia
969 2046 1073 2128 pie
1118 2045 1365 2109 adstitit
1404 2044 1527 2127 ipsi
1555 2044 1745 2107 Jacob
1792 2045 1859 2106 in

356 2141 871 2223 deceptionibuS,
908 2144 1143 2224 quibus
1186 2144 1395 2207 Laban
1446 2152 1508 2206 et
1552 2141 1675 2204 lilii
1720 2144 1859 2223 ejus

357 2239 730 2303 nitebantur
757 2240 967 2323 ipsum
997 2242 1190 2305 Jacob
1214 2244 1529 2325 decipere,
1567 2240 1862 2323 frequen-

356 2346 455 2401 ter
513 2340 823 2403 mutando
880 2340 1021 2421 ejus
1072 2343 1454 2415 mercedem,
1508 2340 1858 2404 secundum

102 2456 299 2501 masi.
358 2438 533 2518 quod
562 2438 755 2501 Jacob
789 2457 803 2500 :
840 2439 1213 2517 lmmutasti,
1238 2440 1469 2521 inquit,
1504 2439 1857 2501 mercedem

360 2555 571 2599 meam
621 2538 843 2602 decem
892 2538 1167 2601 vicibuS.
1203 2541 1287 2599 Et
1326 2542 1657 2598 honestum
1707 2539 1861 2615 fecit

80 2638 587 2707 statuminum,
637 2636 699 2698 id
750 2645 867 2713 est,
910 2636 1289 2714 virtuosum,
1334 2644 1398 2699 et
1440 2654 1584 2699 cum
1635 2635 1857 2715 grandi

80 2711 115 2757 ⁵⁹
137 2711 199 2752 ¹⁰·
360 2734 695 2817 opulentia
724 2734 977 2797 reduxit
1006 2753 1152 2798 eum
1184 2736 1260 2797 ad
1295 2733 1573 2817 propria,
1593 2734 1860 2814 ejusque

170 2845 235 2899 12
362 2834 747 2916 probitatem
788 2834 854 2895 in
885 2834 1186 2897 omnibus
1226 2833 1705 2897 demonstravit.
1743 2835 1862 2893 Cu-

359 2934 629 2995 stodivit
660 2936 855 2994 illum
881 2936 963 2994 ab
993 2934 1287 2995 inimicis
1326 2932 1483 3009 suiS‚
1530 2930 1777 2994 scilicet
1824 2950 1861 2993 a

86 3048 325 3103 msam„
364 3030 573 3093 Laban
606 3037 670 3093 et
702 3030 1004 3094 fratribus
1036 3029 1327 3112 ejus‚qui
1361 3029 1860 3111 insequebantur

76 3114 135 3156 ²³·
360 3148 509 3193 eum
541 3129 759 3192 animo
790 3129 1214 3211 persequendi
1258 3147 1328 3191 ac
1360 3127 1701 3209 spoliandi.
1738 3127 1861 3189 Un-

360 3228 439 3290 de
476 3228 639 3290 dixit
673 3229 752 3291 ad
792 3227 1005 3290 Laban
1042 3244 1056 3289 ε
1089 3227 1221 3289 Nisi
1267 3226 1433 3289 Deus
1485 3226 1682 3308 patris
1730 3225 1855 3289 mei

361 3326 682 3389 Abraham
740 3325 1056 3390 adfuisset
1103 3325 1286 3403 mihi,
1343 3324 1613 3389 forsitan
1670 3326 1857 3389 modo

360 3445 465 3489 me
516 3427 759 3489 nudum
809 3426 1185 3490 dimisisses,
1220 3428 1306 3488 Et
1349 3447 1388 3486 α
1423 3427 1857 3485 seductoribus

362 3527 632 3595 tutavit,
661 3524 724 3586 id
756 3532 871 3599 est,
907 3544 1199 3587 securum
1242 3522 1415 3601 fecit,
1452 3526 1665 3584 illum.
1702 3523 1854 3585 Nam

359 3622 523 3686 dixit
550 3624 631 3686 ad
662 3622 875 3687 Laban
912 3640 926 3685 :
958 3623 1121 3687 Cave
1150 3642 1231 3687 ne
1256 3622 1606 3704 quidquam
1636 3640 1859 3704 aspere

360 3720 647 3803 loquaris
691 3730 913 3785 contra
953 3722 1165 3786 Jacob.

98 3246 215 3292 laid.
233 3250 301 3291 ⁴2.

96 3636 213 3683 md.
232 3641 301 3683 2⁴.

444 3824 531 3882 Ec
566 3832 889 3883 certamen
930 3822 1100 3899 forte
1154 3822 1334 3882 dedit
1380 3821 1509 3891 illi,
1556 3818 1858 3881 videlicet

76 3934 330 3984 manna,
362 3918 599 3981 luctam
640 3939 786 3982 cum
822 3919 1075 4001 angele,
1109 3930 1180 3981 ut
1215 3921 1495 3980 vinceret
1531 3916 1633 3981 vel
1674 3934 1859 3996 ange-

68 3998 91 4023 ⁰
362 4016 497 4079 lum
530 4026 842 4095 sanctum,
880 4035 1008 4080 non
1054 4016 1451 4093 fortitudine,
1484 4018 1593 4081 sed
1623 4012 1859 4082 devoti-

358 4134 505 4191 one,
539 4113 604 4176 id
634 4121 753 4193 est,
785 4133 899 4197 per
942 4114 1203 4177 modum
1237 4114 1551 4177 vincentis
1594 4116 1858 4179 haberet

358 4232 449 4290 se,
513 4214 785 4295 quadam
853 4213 1034 4294 quasi
1105 4212 1587 4295 importunitate
1654 4224 1857 4278 extor-

356 4312 615 4393 quendo
666 4311 746 4374 ab
793 4312 1020 4392 angelo
1074 4310 1608 4376 benedictionem.
1652 4312 1853 4388 Quum

358 4409 532 4473 enim
597 4409 861 4473 dixisset
904 4410 1191 4490 angeluS,
1244 4410 1506 4474 Dimitte
1556 4431 1678 4490 me,
1725 4413 1855 4492 jam

357 4508 535 4571 enim
563 4508 849 4571 ascendit
890 4526 1153 4588 aurora3
1187 4510 1514 4591 respondit
1549 4528 1563 4573 ε
1599 4511 1733 4574 Non
1764 4510 1859 4573 di-

356 4606 609 4669 mittam
648 4614 732 4682 te,
774 4605 896 4667 nisi
942 4606 1343 4669 benedixeris
1388 4605 1571 4669 mihi.
1609 4607 1745 4683 Vel,
1777 4607 1857 4670 Ut

360 4704 645 4769 vinceret
700 4705 1095 4769 adversarios
1156 4722 1327 4781 suOS,
1381 4704 1679 4769 homines
1729 4706 1854 4769 sibi

358 4803 765 4867 inimicantes
800 4820 813 4865 ε
854 4810 917 4865 et
963 4803 1339 4885 praesertim‚
1375 4812 1446 4865 ut
1490 4803 1855 4867 invisibiles

356 4920 489 4965 suae
520 4902 743 4964 salutis
782 4902 1067 4967 vinceret
1106 4900 1425 4964 inimicos
1474 4900 1630 4965 Hinc
1674 4921 1856 4983 ange-

82 5016 295 5062 umma.
358 4999 459 5062 lus
491 5000 652 5062 dixit
679 4999 738 5063 ei
774 5016 789 5062 t
825 4999 888 5063 Si
932 5008 1153 5063 contra
1184 5000 1383 5063 Deum
1417 4999 1601 5063 fortis
1644 4999 1849 5077 suisti,

354 5106 596 5180 quanto
624 5098 827 5183 magis
859 5105 1079 5162 contra
1107 5096 1399 5161 homines
1431 5098 1852 5179 praeyalebist

52 5213 319 5269 manna.
352 5196 421 5259 ln
450 5196 679 5261 Genesi
709 5214 965 5279 quoque
992 5196 1185 5259 Jacob
1213 5195 1305 5258 ait
1332 5196 1412 5258 ad
1438 5195 1670 5279 Joseph
1706 5217 1720 5262 ε
1756 5198 1846 5261 Do

52 5279 120 5322 ²²·
354 5296 473 5359 tibi
506 5302 753 5379 partem
775 5314 969 5359 unam
996 5302 1171 5359 extra
1203 5293 1431 5357 fratres
1462 5304 1626 5373 tuost,
1651 5315 1845 5378 quam

607 5428 677 5482 T.
711 5430 762 5482 7.

86 4427 207 4471 leid.
230 4430 299 4471 26.

106 4526 297 4571 Ibidem.

1966 1947 2340 2025 dereliquit,
2371 1946 2612 2008 scilicet
2645 1956 2931 2009 sanctum
2975 1946 3229 2029 Joseph,
3261 1965 3452 2027 quem
3486 1962 3752 2017 Gemmas,

1970 2042 2196 2106 fratres
2239 2044 2336 2105 sui
2386 2044 2813 2109 vendiderunt
2854 2044 3224 2124 Ismaelitis3
3270 2050 3380 2107 sed
3414 2066 3456 2106 a
3485 2028 3553 2071 ²⁸·

1960 2144 2398 2221 peccatoribus
2429 2145 2730 2205 liberavit
2757 2164 2929 2214 eum,
2962 2143 3028 2204 id
3057 2151 3153 2205 est
3180 2162 3218 2206 a
3249 2141 3460 2206 fratri-

1968 2241 2087 2302 bus
2118 2249 2270 2303 tunc
2300 2240 2580 2322 injustia,
2612 2258 2886 2323 quorum
2935 2240 3132 2322 aliqui
3165 2241 3462 2305 volebant
3515 2259 3724 2305 11n·‹1.2o.

1968 2358 2111 2402 eum
2147 2339 2468 2419 occidere3
2501 2360 2537 2401 a
2567 2340 2908 2422 Putiphare
2945 2358 3202 2421 quoque
3239 2348 3305 2404 et
3343 2341 3460 2403 im-

1967 2438 2073 2519 pia
2104 2439 2376 2519 conjuge
2419 2438 2582 2519 ejuS,
2616 2440 2872 2519 quando
2910 2438 2991 2501 ab
3035 2438 3126 2501 eis
3165 2439 3243 2501 de
3285 2440 3463 2502 adul-
3485 2455 3752 2509 mamm.

1968 2534 2111 2599 terii
2155 2536 2572 2599 attentatione
2615 2537 3052 2599 accusabatur.
3093 2540 3462 2600 Descendit·
3489 2522 3626 2562 ¹⁷⁴⁹·

1968 2655 2091 2713 que
2129 2655 2278 2695 cum
2311 2638 2423 2695 illo
2455 2637 2530 2695 in
2556 2637 2838 2712 foveam,
2872 2635 2934 2697 id
2965 2644 3062 2699 est
3091 2634 3156 2697 in
3187 2638 3458 2699 carceris

1970 2733 2199 2810 lacum,
2231 2734 2508 2813 gratiose
2538 2734 2854 2797 adsistens
2886 2734 2944 2796 ei
2976 2734 3237 2811 ibidem,
3279 2736 3458 2817 juxta

1970 2830 2127 2894 illud
2167 2850 2180 2893 :
2223 2831 2367 2894 Fuit
2411 2840 2624 2894 autem
2663 2831 2968 2895 Dominus
3014 2852 3159 2895 cum
3197 2833 3452 2916 Joseph,
3513 2850 3726 2896 mmai.

1968 2928 2396 3011 misertusque
2457 2930 2655 3006 illius,
2718 2930 2892 2993 dedit
2949 2932 3008 2993 ei
3060 2931 3329 3010 gratiam
3387 2934 3454 2995 in

1893 3031 1939 3095 C
1968 3036 2312 3110 conspectu
2344 3028 2656 3111 principis
2688 3029 2984 3091 carceris.
3018 3031 3104 3090 Et
3133 3032 3205 3091 in
3241 3032 3460 3091 vincu-
3588 3040 3656 3095 u

1971 3130 2050 3187 lis
2086 3147 2216 3187 mm
2256 3129 2605 3206 dereliquit
2632 3148 2780 3188 eum
2809 3147 2832 3187 .·
2871 3126 3042 3190 unde
3080 3127 3146 3188 in
3183 3127 3452 3205 PsalmO,

1968 3225 2474 3289 humiliaverunt
2505 3225 2570 3286 in
2602 3225 3016 3308 compedibus
3059 3226 3250 3308 pedes
3280 3226 3455 3308 eJus;
3489 3247 3749 3300 P=.0·v.¹a.

1964 3328 2164 3385 donec
2204 3327 2460 3403 afferret
2495 3326 2605 3384 illi
2635 3334 2953 3401 sceptrum
3001 3327 3204 3403 requi,
3239 3325 3302 3387 id
3338 3334 3453 3402 est,

1966 3425 2044 3486 ad
2102 3423 2339 3503 regiam
2401 3423 2775 3505 dignitatem
2839 3442 2985 3487 eum
3053 3424 3454 3507 proveheret,

1966 3522 2177 3585 dando
2215 3521 2273 3584 ei
2302 3521 2570 3602 gratiam
2617 3522 2974 3604 exponendi
3016 3523 3266 3586 somnia
3306 3524 3460 3586 Pha·
3536 3544 3749 3596 comm.

1966 3620 2179 3683 raonis
2215 3637 2230 3681 :
2261 3619 2375 3700 qui
2415 3620 2576 3682 dixit
2617 3621 2697 3683 ad
2744 3620 2997 3702 Joseph,
3033 3621 3170 3684 Uno
3206 3630 3456 3684 tantum
3486 3608 3722 3715 ²2:123·

1966 3718 2143 3799 regni
2175 3717 2339 3782 solio
2369 3726 2430 3782 te
2460 3719 2809 3800 praecedam
2829 3727 2923 3799 3et
2943 3738 3184 3797 rursuS,
3203 3719 3458 3802 Absque
3511 3742 3632 3788 nia.
3653 3748 3722 3791 44.

1966 3826 2074 3879 tuo
2132 3817 2402 3899 imperio
2450 3816 2665 3879 nullus
2712 3815 3298 3881 movebit'manum
3346 3827 3457 3881 aut

1965 3916 2192 3997 pedem
2224 3916 2289 3977 in
2325 3923 2453 3979 tota
2497 3925 2664 3978 terra
2693 3915 2974 3998 AEgypti3
3005 3927 3067 3978 et
3086 3919 3454 3994 potentiam

1964 4018 2274 4075 adversus
2303 4034 2403 4075 eos
2433 4017 2551 4096 qui
2585 4035 2735 4075 eum
2764 4016 3230 4094 deprimebant.
3265 4016 3453 4080 Tune

1964 4112 2137 4176 enim
2181 4111 2384 4175 lactus
2429 4122 2526 4175 est
2573 4113 2863 4195 superior
2897 4122 3090 4195 atque
3132 4115 3455 4195 potentior

1888 4217 1937 4278 D
1966 4211 2304 4293 Putiphare
2347 4220 2409 4273 et
2446 4211 2718 4292 conjuge
2755 4210 2917 4293 ejuS,
2961 4230 2996 4272 a
3040 4210 3278 4291 quibus
3329 4211 3456 4275 fuit
3486 4241 3744 4293 mamm,

1966 4312 2414 4373 incarceratus.
2467 4309 2918 4373 Verumtamen
2971 4309 3116 4391 pius
3165 4318 3230 4373 et
3277 4310 3456 4373 mitis
3488 4307 3638 4357 ¹⁹³⁰·

1961 4408 2196 4492 Joseph
2238 4426 2365 4471 non
2408 4426 2474 4471 se
2507 4407 2858 4471 vindicavit
2890 4408 2969 4471 de
3005 4408 3098 4471 eis
3137 4424 3152 4468 :
3194 4407 3323 4471 imo
3355 4426 3456 4471 eo-

1966 4528 2107 4572 rum
2140 4507 2342 4571 filiam
2383 4507 2564 4570 duxit
2594 4526 2876 4583 uxorem,
2905 4516 2974 4569 ut
3015 4516 3189 4590 patet
3233 4507 3298 4570 in
3340 4506 3456 4570 Ge·
3527 4535 3745 4589 mam,

1966 4607 2126 4671 nesi.
2164 4611 2248 4669 Et
2285 4610 2617 4668 mendaces
2647 4609 2920 4668 ostendit
2953 4624 3062 4669 eos
3092 4608 3210 4687 qui
3238 4628 3456 4668 macu-
3483 4601 3549 4641 ⁵⁰·

1966 4710 2265 4767 laverunt
2295 4708 2510 4774 illum,
2529 4704 2594 4767 id
2623 4712 2740 4779 est,
2775 4704 2853 4767 de
2883 4703 3149 4786 praefato
3179 4704 3454 4768 crimine

1962 4822 2109 4866 eum
2149 4803 2537 4867 mendaciter
2574 4811 3030 4867 accusaverunt
3067 4820 3082 4865 t
3119 4802 3272 4884 quia
3300 4811 3452 4867 tunc

1962 4903 2198 4967 veritas
2244 4902 2335 4965 rei
2382 4901 2628 4965 cunctis
2668 4901 2968 4965 innotuit.
3004 4904 3091 4963 Et
3129 4904 3310 4963 dedit
3343 4904 3454 4964 illi

1961 5002 2330 5062 claritatem
2369 5011 2698 5063 aeternam.

2063 5102 2216 5161 Haec
2259 5104 2577 5177 populum
2620 5101 2885 5176 justum
2940 5109 3002 5160 et
3045 5121 3258 5163 semen
3311 5102 3453 5164 sine
3581 5111 3650 5168 15

1959 5201 2221 5280 querela
2252 5197 2554 5257 liberavit
2581 5218 2623 5257 a
2651 5198 3042 5270 nationibus,
3076 5218 3220 5277 quoe
3248 5201 3446 5263 illum

1959 5297 2454 5375 opprimebant:
2492 5292 2557 5356 id
2605 5301 2720 5370 est,
2773 5294 3087 5376 sapientia
3143 5295 3443 5361 liberavit

3140 5430 3203 5483 33
