4284 6267
591 1771 701 1815 Gen.
712 1785 770 1823 ιιι,
787 1774 827 1827 1,

561 1836 604 1885 4,
622 1837 688 1885 ¹3,
709 1835 774 1878 ¹4.

562 1899 698 1941 Amos
709 1911 750 1950 v,
761 1900 828 1942 19.

553 2852 567 2894 l
582 2852 706 2898 Petr.
723 2868 765 2905 ιι,
780 2857 816 2896 5.

561 3351 626 3395 Ιε,
645 3362 724 3403 nv,
747 3353 812 3392 Η.

559 3742 727 3787 Manli.
742 3757 812 3794 ιιι,

547 3811 616 3851 33.

857 482 978 548 274

1611 498 1959 547 ENARRA‘rlo
2002 498 2066 546 IN
2107 498 2248 545 cAP.
2291 498 2332 544 X
2372 495 2810 545 EchzstAsTAE.
2857 517 2937 528 —·
2978 497 3121 545 ΛΒΤ.
3167 498 3209 545 X

858 693 1003 736 rum
1061 673 1426 737 occasiones
1485 691 1615 737 non
1679 670 1904 750 vitant,
1957 671 2068 735 sed
2125 677 2355 754 sponte
2384 672 2433 734 A
2465 670 2575 733 sed
2610 669 3040 752 metaphorice
3072 669 3150 733 de
3180 668 3439 733 bomine
3480 667 3839 750 negligente
3874 689 3949 734 ac

858 779 1213 848 assumunt,
1249 771 1371 834 sibi
1416 770 1573 853 ipsis
1617 768 1868 834 foveam
1911 778 2161 853 parant,
2194 769 2353 831 etin

858 889 998 934 eam
1042 870 1366 947 labuntur,
1399 870 1549 932 dum
1601 888 1675 933 ex
1724 869 2171 933 occasionibus
2224 867 2356 930 tali-

859 969 978 1032 bus
1027 978 1335 1032 corruunt
1377 969 1442 1030 in
1488 976 1749 1051 peccata
1789 984 1802 1029 :
1848 967 2014 1031 sicut
2057 968 2169 1049 qui
2221 984 2355 1049 per-

856 1076 1016 1149 gunt
1047 1068 1124 1130 ad
1155 1068 1293 1131 loca
1331 1074 1644 1149 suspecta,
1678 1075 1743 1129 et
1781 1085 1975 1148 prava
2003 1066 2354 1128 admittunt

857 1166 1198 1229 consortia.
1217 1168 1304 1228 E't
1333 1168 1450 1244 qui
1474 1166 1750 1242 dissipat
1780 1184 2009 1241 sepem,
2043 1166 2355 1226 mordebit

855 1285 1002 1326 eum
1029 1268 1305 1326 coluber.
1338 1264 1469 1327 Hoc
1506 1263 1925 1345 corporaliter
1962 1264 2353 1344 quandoque

857 1364 951 1426 sic
990 1363 1244 1426 accidit.
1283 1362 1401 1425 Sed
1447 1381 1676 1425 sensus
1720 1369 1838 1438 est,
1872 1362 2043 1442 quod
2092 1361 2204 1443 qui
2251 1381 2354 1424 ca-

857 1462 1119 1525 nonicas
1161 1461 1411 1524 Patrum
1466 1460 1826 1523 sanctiones
1873 1467 1936 1524 et
1973 1459 2353 1523 ecclesiasti-

855 1579 995 1625 cam
1026 1559 1455 1642 disciplinam,
1489 1558 1723 1641 quibus
1766 1559 2145 1621 muniuntur
2194 1558 2352 1621 fide—

858 1660 973 1735 leS,
1023 1658 1507 1739 transgreditur,
1557 1678 1596 1719 a
1646 1658 1934 1721 daemone
1984 1657 2288 1740 punietur
2330 1676 2345 1719 t

857 1758 969 1840 qui
1025 1757 1088 1819 in
1138 1756 1364 1820 Genesi
1416 1774 1680 1838 serpens
1732 1764 2014 1820 vocatur.
2061 1755 2239 1819 Unde
2286 1764 2348 1819 et

2464 768 2646 844 duro,
2681 776 2930 832 constat
2959 788 3036 832 ex
3064 788 3139 832 eo
3168 769 3337 849 quod
3370 767 3664 831 subditur
3689 785 3704 829 :
3726 779 3787 831 ec
3808 780 3955 847 post

2464 868 2865 929 industriam
2902 876 3202 947 sequetur
3243 868 3589 943 sapientia.
3624 867 3950 948 Tanquam

2465 966 2633 1028 dicat
2666 984 2681 1027 ε
2718 965 2779 1029 Si
2831 964 3023 1029 homo
3063 965 3232 1028 acuti
3286 964 3549 1045 ingenii,
3584 974 3647 1027 et
3686 965 3751 1029 in
3796 964 3957 1028 Scri-

2464 1064 2669 1146 pturis
2709 1072 3149 1147 competenter
3196 1064 3567 1139 instructuS,
3599 1064 3955 1146 postposito

2463 1180 2538 1226 eo
2568 1163 2738 1245 quod
2770 1162 2967 1239 novit,
2990 1162 3053 1224 in
3088 1162 3455 1244 superbiam
3494 1170 3607 1224 aut
3635 1162 3953 1225 luxuriam

2465 1269 2740 1338 corruat,
2784 1269 2848 1324 et
2896 1270 3111 1324 mente
3152 1260 3590 1337 obtenebrata,
3635 1260 3829 1324 hebes
3878 1280 3955 1325 ac

2460 1360 2643 1423 deses
2676 1359 2789 1421 fiat
2820 1360 2899 1421 ad
2924 1378 2997 1422 ea
3025 1378 3169 1441 quae
3201 1359 3311 1421 Dei
3338 1368 3489 1421 sunt
3514 1377 3590 1421 ac
3618 1378 3747 1423 suae
3786 1359 3955 1422 salu-

2460 1458 2580 1538 tis;
2614 1476 2742 1521 non
2779 1456 3055 1521 faciliter
3084 1458 3161 1520 ad
3194 1476 3408 1521 veram
3450 1458 3767 1540 pertinget
3804 1477 3953 1521 eon-

2460 1556 2809 1631 tritionem‚
2845 1574 2962 1618 nec
3008 1555 3493 1639 recuperabitur
3542 1555 3666 1620 levi
3708 1555 3949 1635 labore,

2460 1655 2570 1717 sed
2614 1672 2690 1717 ex
2734 1654 2964 1718 intimo
3006 1654 3196 1718 corde
3240 1662 3491 1736 oportet
3532 1654 3955 1735 ingemiscere

2459 1771 2629 1829 eum,
2652 1759 2718 1816 et
2758 1770 3014 1816 omnem
3060 1752 3497 1815 carnalitatem
3543 1752 3953 1815 hebetantem

857 1855 1013 1919 alibi
1053 1854 1358 1937 scriptum
1397 1863 1495 1917 est
1533 1873 1546 1917 :
1581 1855 1854 1918 Mordeat
1883 1874 2030 1918 eum
2059 1855 2343 1917 coluber.
2386 1850 2431 1911 B
2459 1850 2761 1932 abjicere,
2798 1859 2991 1931 atque
3020 1852 3101 1913 ad
3136 1850 3532 1933 spiritualem
3567 1868 3955 1931 consurgere

939 1957 1068 2025 Qui
1115 1955 1427 2032 transfert
1479 1956 1726 2031 lapides
1774 1953 1853 2016 de
1905 1952 2045 2017 loco
2102 1972 2220 2017 suo
2268 1955 2347 2016 ad

854 2052 1067 2117 locum
1101 2052 1480 2129 indebitum,
1513 2054 1838 2130 affliqetur
1858 2055 1929 2113 in
1959 2055 2050 2113 eis
2071 2074 2094 2112 :
2125 2053 2191 2115 id
2225 2062 2343 2131 est,

854 2150 964 2233 qui
1000 2150 1226 2215 fideles
1253 2150 1395 2232 (qui
1429 2159 1578 2212 sunt
1618 2150 1863 2233 lapides
1904 2151 2060 2228 vivi,
2094 2170 2169 2213 ex
2209 2152 2349 2233 qui-

852 2250 971 2313 bus
1001 2249 1362 2313 aedificatur
1395 2248 1706 2329 Ecclesia)
1727 2248 1914 2325 fallit,
1933 2257 1999 2311 et
2027 2250 2106 2313 de
2135 2249 2347 2314 Eccle-

850 2350 945 2411 sia
991 2350 1068 2411 ad
1113 2346 1579 2422 haereticorum,
1614 2354 1724 2410 aut
1767 2347 2342 2426 schismaticorum,

847 2455 950 2509 aut
977 2464 1412 2530 perversorum
1439 2445 1758 2508 consortia
1783 2446 2346 2523 trahit,enormiter

849 2552 1068 2627 peccat
1113 2552 1178 2607 et
1231 2551 1547 2608 tormenta
1607 2543 1949 2606 sustinebit
2006 2554 2337 2627 perpetua,

847 2640 1297 2706 ecclesiasticis
1330 2660 1587 2723 quoque
1616 2641 2007 2724 percutietur
2029 2644 2332 2706 censuris.

845 2741 932 2803 De
966 2740 1200 2804 talibus
1240 2739 1563 2821 lapidibus
1604 2740 1888 2821 loquitur
1933 2740 2339 2804 beatissimus

844 2839 1064 2904 Petrus
1113 2839 1177 2901 in
1228 2838 1436 2921 prima
1483 2858 1595 2900 sua
1645 2838 1937 2921 epistola,
1962 2839 2181 2902 dicens
2218 2840 2339 2901 :Et

847 2955 958 3001 vos
989 2945 1293 3018 tanquam
1329 2935 1570 3018 lapides
1602 2936 1732 2999 vivi
1783 2936 2340 3016 superaedificami-

2462 1948 2880 2025 intellectum,
2898 1948 3363 2013 considerando
3392 1949 3503 2012 Dei
3529 1949 3867 2031 justitiam,
3888 1959 3954 2014 et

2458 2066 2573 2111 sua
2622 2047 3020 2113 novissima:
3066 2046 3287 2130 sicque
3335 2056 3479 2130 post
3524 2048 3716 2111 talem
3765 2048 3955 2112 indu-

2458 2146 2679 2208 striam
2724 2154 2787 2209 et
2833 2146 3114 2210 laborem
3166 2155 3469 2227 sequetur
3516 2147 3851 2229 sapientia,
3888 2156 3953 2211 et

2456 2242 2594 2326 ipse
2650 2244 3028 2326 sapientiam
3090 2253 3485 2325 assequetur.
3538 2244 3679 2309 Ideo
3732 2255 3953 2309 monet

2454 2342 2793 2425 Apostolus
2830 2360 2845 2404 t
2876 2342 3098 2424 Surge,
3127 2342 3245 2425 qui
3284 2342 3545 2421 dormiS,
3578 2352 3641 2406 et
3678 2362 3949 2427 exsurge

2452 2460 2489 2503 a
2520 2441 2811 2504 mortuis,
2853 2441 3028 2504 Unde
3059 2460 3172 2524 per
3208 2440 3600 2505 Ezechielem
3640 2443 3947 2506 Dominus

2454 2548 2844 2603 contestatur
2877 2560 2891 2604 :
2924 2539 3117 2603 Multo
3151 2540 3369 2603 labore
3398 2540 3693 2609 sudatum
3726 2551 3844 2619 est,
3874 2551 3948 2604 ut

2454 2635 2815 2700 auferretur
2862 2638 2943 2700 ab
2990 2656 3066 2701 ea
3114 2636 3317 2699 nimia
3366 2637 3592 2718 rubigo
3648 2640 3832 2720 eJus3
3882 2649 3947 2703 et

2452 2736 2857 2812 iterum‚Non
2890 2735 3299 2799 mundaberis
3329 2736 3699 2818 priusquam
3730 2738 3949 2820 requi-

2450 2854 2664 2898 escere
2694 2835 2761 2897 in
2794 2845 2855 2899 te
2888 2835 3117 2899 faciam
3160 2835 3664 2915 indignationem
3705 2856 3941 2901 meam.

2537 2934 2967 3001 Periculosum
3018 2942 3114 2998 est
3160 2951 3313 3015 ergo
3360 2953 3652 3017 peccare3
3696 2938 3948 3019 pericu-

4018 2368 4173 2424 aptes.
4181 2384 4214 2420 ι,

3982 2434 4045 2475 14.

4028 2564 4185 2608 Buca.

3976 2641 4085 2679 xxiv,
4105 2630 4163 2671 ti.

4005 2761 4118 2806 leid.
4136 2764 4191 2805 ¹3.

847 3035 936 3111 ni,
991 3036 1217 3098 domus
1275 3034 1651 3117 spiritualiS,
1706 3035 2132 3098 sacerdotium
2194 3055 2337 3098 san—
2373 3034 2417 3097 C
2450 3031 2669 3109 losiuS,
2725 3032 2789 3094 in
2838 3032 3115 3113 peccatis
3152 3050 3441 3111 manere3
3483 3033 3949 3116 periculosissi-

845 3142 1042 3211 mum,
1076 3132 1314 3197 offerre
1352 3133 1592 3195 hostias
1635 3134 2022 3216 spiritualeS,
2057 3144 2337 3217 accepta·

845 3232 1009 3295 biles
1054 3232 1175 3295 Deo
1225 3250 1338 3315 per
1373 3231 1585 3294 Jesum
1623 3231 1965 3295 Christum.
1996 3232 2175 3296 Unde
2223 3253 2336 3317 per

845 3330 1067 3394 lsaiam
1111 3329 1416 3393 Dominus
1457 3330 1750 3412 promisit
1781 3330 2080 3396 Ecclesiae
2125 3349 2138 3393 :
2173 3331 2337 3395 Fun-

843 3428 1010 3491 dabo
1044 3435 1106 3491 te
1135 3427 1202 3489 in
1235 3426 1578 3510 sapphiris,
1603 3430 1688 3489 Et
1717 3430 1834 3508 qui
1859 3430 2101 3490 scindit
2131 3432 2334 3507 liyna,

845 3528 1297 3588 vulnerabitur
1333 3528 1412 3587 ab
1451 3527 1565 3587 eis,
1595 3525 1708 3587 Per
1750 3526 1924 3606 ligna
1966 3544 2225 3609 quoque
2271 3536 2335 3590 et

842 3623 1124 3701 arboreS,
1150 3622 1385 3705 passim
1419 3624 1756 3705 signantur
1785 3625 2136 3691 credentes.
2156 3625 2333 3689 Unde

841 3723 931 3788 ait
971 3722 1257 3785 Salvator
1293 3739 1306 3784 :
1340 3722 1462 3784 Aut
1504 3721 1694 3785 facite
1733 3722 2024 3786 arborem
2071 3724 2327 3801 bonam,

843 3829 954 3883 aut
995 3819 1188 3887 facite
1222 3819 1512 3883 arborem
1552 3820 1809 3881 malam.
1842 3818 1958 3893 Qui
1998 3821 2215 3902 itaque
2258 3821 2335 3883 li-

839 3938 967 3999 gna
1004 3918 1260 3995 scindit,
1295 3918 1360 3980 id
1395 3925 1512 3994 est,
1546 3919 1877 3981 credentes
1926 3920 2327 3998 scandalizat,

841 4026 906 4079 et
937 4016 1204 4098 pusillos
1235 4034 1273 4077 a
1302 4015 1472 4079 bono
1503 4015 1757 4098 incepto
1787 4017 2039 4093 avertit,
2073 4026 2267 4099 atque
2297 4038 2334 4081 a

841 4114 1092 4178 Christo
1131 4113 1536 4195 praescindit3
1577 4132 1746 4177 nunc
1798 4115 2062 4178 vulnera
2108 4116 2335 4179 incidit

2448 3149 2646 3207 mum,
2680 3150 2881 3211 usque
2918 3132 2997 3193 ad
3028 3139 3321 3207 mortem,
3354 3140 3461 3194 aut
3492 3130 3943 3197 infirmitatem

2446 3228 2547 3292 vel
2582 3229 2855 3306 senium,
2892 3228 3336 3311 poenitentiam
3376 3228 3578 3312 ipsam
3620 3229 3893 3296 differre
3926 3250 3941 3295 ε

2448 3326 2599 3407 quia
2645 3336 2801 3391 tunc
2847 3328 2953 3395 vix
3009 3327 3244 3408 aliquis
3290 3328 3601 3395 veraciter
3648 3330 3943 3411 poenitet,

2448 3426 2799 3489 inveterata
2828 3426 3292 3507 consuetudine
3332 3445 3589 3509 pressus
3616 3434 3681 3491 et
3708 3428 3942 3507 victuS,

2445 3526 2523 3587 de
2562 3544 2691 3607 qua
2744 3544 2819 3588 ex
2872 3525 3075 3589 fundo
3120 3524 3329 3589 cordis
3375 3525 3769 3608 resipiscere,
3817 3528 3947 3593 dif-

2448 3622 2704 3686 ficulter
2762 3623 2955 3686 nimis
3012 3624 3349 3705 contingit,
3411 3623 3538 3687 nisi
3595 3626 3768 3706 quod
3826 3646 3947 3709 per

2446 3722 2903 3804 omnipotentis
2959 3722 3071 3785 Dei
3118 3721 3389 3803 gratiam
3446 3724 3941 3803 praevenientem

2447 3819 2720 3883 faciliter
2748 3820 2775 3882 s
2778 3820 2889 3883 ieri
2923 3829 3151 3902 potest,
3171 3822 3341 3902 quod
3374 3840 3487 3904 per
3515 3830 3805 3885 naturam
3838 3824 3945 3887 vix

2444 3916 2623 3981 effici
2673 3918 2861 3982 valet.
2914 3919 2990 3980 Et
3048 3928 3259 3981 tamen
3317 3918 3456 4001 ipse
3499 3919 3937 4003 Omnipotens,

2443 4016 2611 4098 apud
2657 4036 2849 4097 quem
2895 4035 3021 4080 non
3064 4025 3156 4079 est
3198 4016 3617 4099 impossibile,
3652 4019 3782 4082 imo
3820 4039 3942 4084 nec
3998 4045 4199 4092 rnatu:
4255 4024 4256 4029 ’

2444 4112 2741 4191 difficile,
2774 4133 2964 4178 omne
2999 4114 3287 4191 verbum,
3323 4114 3387 4177 in
3427 4113 3548 4179 hoc
3580 4115 3719 4199 ipso
3760 4116 3942 4181 diffi-
3968 4108 4199 4219 ζξὲπξω·
4255 4164 4256 4167 =

838 4212 1160 4287 vitiorum,
1178 4230 1480 4293 passurus
1512 4211 1812 4294 deinceps
1843 4213 2108 4276 vulnera
2140 4214 2335 4277 infer·
2358 4221 2415 4281 'D
2444 4213 2742 4276 cultatem
2784 4215 3123 4296 quamdam
3165 4215 3463 4291 ostendit,
3495 4234 3785 4280 asserens
3824 4237 3943 4299 per

842 4310 1084 4373 nalium
1128 4310 1610 4392 suppliciorum.
1645 4310 1904 4393 Nempe,
1939 4311 2047 4375 Vae
2084 4313 2331 4375 homini

840 4428 956 4491 per
993 4427 1180 4491 quem
1223 4408 1591 4471 scandalum
1623 4410 1820 4471 venit.
1857 4409 1932 4471 Et
1975 4410 2040 4471 in
2076 4411 2334 4475 Prover-

608 4534 632 4563 ν
689 4534 808 4573 mx,
840 4506 966 4569 biis
1008 4507 1249 4569 dictum
1290 4514 1430 4571 est:
1465 4506 1668 4570 Mallei
1711 4508 2141 4589 percutientes
2180 4529 2334 4591 prae-

841 4605 1046 4689 parati
1089 4604 1460 4688 corporibus
1505 4605 1868 4668 stultorum.

933 4707 1014 4767 Si
1057 4714 1348 4765 retusum
1393 4705 1602 4782 fuerit
1648 4705 1932 4782 ferrum,
1981 4704 2042 4766 id
2103 4714 2221 4783 est,
2274 4706 2329 4771 si

837 4821 1106 4865 acumen
1139 4822 1324 4865 suum
1365 4802 1652 4865 amiserit
1686 4802 1926 4865 securis
1965 4812 2078 4865 aut
2109 4804 2329 4867 clavus

838 4920 914 4965 ex
959 4901 1369 4984 percussione
1422 4920 1614 4983 super
1664 4920 1908 4978 saxum,
1939 4912 1998 4962 et
2041 4905 2158 4963 hoc
2200 4924 2329 4965 non

839 5002 1147 5078 ueprius,
1181 5001 1245 5062 id
1287 5009 1407 5078 est,
1446 5019 1573 5064 non
1609 5018 1833 5082 parum
1877 4999 1966 5063 ita
2000 4999 2325 5080 acciderit,

833 5101 945 5166 sed
979 5100 1337 5166 hebetatum
1367 5099 1599 5176 fuerit,
1625 5098 1689 5159 id
1728 5105 1825 5161 est
1855 5098 2117 5161 omnino
2154 5100 2330 5162 obtu-

837 5215 1002 5272 sum,
1040 5200 1239 5259 multo
1272 5200 1484 5257 labore
1509 5206 1881 5257 exacuetur.
1909 5195 2085 5271 Quod
2113 5206 2327 5261 autem

833 5292 1004 5359 istud
1055 5312 1182 5361 non
1237 5294 1484 5357 dicatur
1535 5294 1614 5357 ad
1664 5293 1943 5359 litteram
1989 5294 2070 5357 de
2126 5293 2323 5373 ferro,

2443 4312 2817 4395 Prophetam
2864 4330 2878 4373 :
2924 4312 3390 4377 Abominabilis
3437 4311 3598 4375 facta
3642 4332 3733 4391 es,
3782 4316 3941 4397 quia
4014 4338 4166 4383 8:001..

2443 4411 2753 4477 mundare
2793 4418 2853 4473 te
2889 4410 3085 4488 volui,
3130 4418 3193 4473 et
3233 4430 3361 4475 non
3400 4430 3467 4475 es
3506 4414 3839 4493 mundata3
3872 4424 3940 4478 et
3966 4414 4073 4450 ω’·
4108 4404 4163 4443 ¹²

2443 4527 2556 4591 per
2606 4507 2827 4570 isaiam
2875 4508 3129 4586 iterum,
3176 4509 3504 4573 Praebuisti
3544 4510 3703 4573 mihi
3762 4512 3939 4579 labo-
3962 4526 4200 4579 namet.

2443 4625 2575 4669 rem
2622 4606 2690 4668 in
2734 4606 3181 4687 iniquitatibus
3226 4610 3374 4671 tuis.
3408 4608 3485 4671 Et
3523 4609 3591 4672 in
3634 4609 3937 4677 Malachia

2443 4704 2709 4773 habetur
2758 4722 2773 4767 :
2830 4705 3144 4770 Laborare
3189 4705 3431 4769 fecistis
3480 4708 3815 4773 Dominum
3864 4711 3931 4773 in
3972 4723 4197 4771 uoluta.

2442 4802 2841 4867 sermonibus
2884 4804 3135 4867 vestris.
3964 4790 4027 4830 ¹⁷·

2520 4904 2600 4964 Si
2630 4906 2919 4963 mordeat
2946 4904 3245 4967 mordens
3274 4924 3531 4983 serpens
3554 4907 3627 4966 in
3654 4909 3930 4982 silentio,
4058 4912 4111 4967 ss

2440 5001 2617 5060 nihil
2646 5020 2713 5060 eo
2746 5002 2965 5061 minus
3004 5004 3189 5063 habet
3226 5005 3345 5082 qui
3378 5008 3617 5065 occulte
3648 5008 3936 5068 detrahit

2443 5097 2621 5159 fratri
2678 5117 2793 5161 suo
2842 5117 2856 5162 :
2911 5098 2975 5161 id
3036 5107 3152 5176 est,
3212 5099 3376 5163 sicut
3423 5100 3694 5169 letaliter
3750 5112 3936 5167 nocet

2440 5196 2690 5279 corpori
2739 5216 2999 5279 serpens
3042 5200 3152 5280 qui
3196 5218 3413 5263 morsu
3452 5201 3702 5265 occulto
3738 5202 3796 5265 ei
3842 5203 3934 5265 in-

2443 5295 2657 5359 fundit
2712 5314 3056 5374 venenum,
3106 5297 3197 5361 ita
3245 5300 3561 5365 detractor
3606 5302 3933 5385 propriam
