4284 6267
837 480 958 547 274

1591 496 1940 545 ENARRA'rlo
1983 495 2044 543 m
2085 495 2227 544 GAP.
2270 496 2311 542 X
2352 494 2789 543 EchEstAsTAE.
2836 516 2916 525 —
2957 494 3101 543 ΛΒΤ.
3148 496 3189 543 X

839 692 982 735 r-um
1041 672 1406 736 occasiones
1464 689 1593 735 non
1657 670 1884 748 vitant,
1936 670 2046 733 sed
2105 676 2335 751 sponte
2366 669 2415 731 A
2444 668 2554 731 sed
2590 667 3019 751 metaphorice
3051 668 3131 731 de
3159 665 3421 730 homine
3460 664 3821 747 negligente
3854 687 3929 731 ae

837 777 1192 847 assumunt,
1228 769 1351 832 sibi
1394 768 1552 851 ipsis
1597 768 1848 833 foveam
1889 776 2140 850 parant,
2172 767 2333 830 etin

838 887 978 932 eam
1023 869 1345 946 labuntur,
1379 870 1528 931 dum
1580 887 1656 931 ex
1703 867 2150 931 occasionibus
2201 865 2335 927 tali-

837 967 958 1031 bus
1007 975 1314 1031 corruunt
1357 967 1422 1028 in
1467 975 1728 1048 peccata
1768 983 1782 1029 :
1827 965 1993 1029 sicut
2035 965 2151 1048 qui
2201 982 2333 1047 per-

836 1074 997 1147 gunt
1027 1066 1104 1129 ad
1135 1066 1274 1130 loca
1310 1074 1624 1147 suspecta,
1657 1072 1723 1127 et
1761 1084 1956 1147 prava
1983 1064 2333 1127 admittunt

837 1164 1178 1228 consortia.
1197 1167 1284 1226 Et
1311 1166 1430 1243 qui
1453 1165 1730 1241 dissipat
1759 1182 1988 1241 sepem,
2021 1164 2334 1224 mordebit

834 1284 981 1324 eum
1009 1265 1284 1324 coluber.
1318 1262 1447 1325 Hoc
1483 1262 1904 1343 corporaliter
1942 1263 2332 1343 quandoque

838 1362 930 1425 sic
970 1361 1223 1425 accidit.
1263 1360 1380 1424 Sed
1426 1380 1655 1423 sensus
1699 1367 1818 1437 est,
1850 1361 2022 1442 quod
2071 1360 2184 1441 qui
2230 1379 2333 1423 ca-

836 1460 1099 1523 nonicas
1141 1460 1393 1522 Patrum
1446 1458 1805 1522 sanctiones
1853 1468 1915 1523 et
1952 1458 2332 1522 ecclesiasti-

835 1578 974 1623 cam
1007 1558 1436 1640 disciplinam,
1469 1557 1702 1639 quibus
1746 1558 2124 1620 muniuntur
2174 1556 2331 1620 fide·

838 1658 952 1734 les,
1001 1656 1486 1738 transgreditur,
1538 1676 1575 1719 a
1626 1657 1912 1720 daemone
1961 1655 2266 1739 punietur
2310 1674 2323 1718 :

542 1770 806 1875 ⁴⁰1⁶?'ffl'¹'
837 1757 949 1838 qui
1003 1755 1066 1818 in
1117 1754 1342 1818 Genesi
1395 1773 1660 1836 serpens
1710 1764 1994 1819 vocatur.
2041 1754 2218 1818 Unde
2265 1764 2327 1819 et

543 1865 807 1947 Amneni&

656 1970 693 2025 9
919 1955 1046 2023 Qui
1095 1954 1407 2030 transfert
1457 1954 1706 2030 lapides
1753 1952 1833 2015 de
1884 1952 2024 2016 loeo
2083 1970 2199 2016 suo
2247 1954 2325 2016 ad

835 2052 1048 2118 locum
1080 2050 1458 2127 indebitum,
1493 2052 1818 2129 affliyetur
1838 2053 1908 2111 in
1938 2052 2030 2111 eis
2050 2072 2074 2111 .·
2105 2051 2171 2113 id
2205 2060 2323 2130 est,

832 2150 946 2232 qui
978 2149 1206 2213 fideles
1233 2148 1374 2231 (qui
1408 2158 1557 2211 sunt
1600 2148 1842 2231 lapides
1883 2148 2038 2227 vivi,
2075 2169 2150 2211 ex
2187 2150 2328 2232 qui-

829 2248 951 2312 bus
981 2247 1342 2313 aedificatur
1373 2247 1684 2328 Ecclesia)
1707 2245 1893 2323 fallit,
1913 2255 1978 2310 et
2006 2248 2085 2312 de
2115 2248 2326 2313 Eccle-

829 2347 925 2410 sia
969 2346 1048 2411 ad
1092 2346 1558 2421 haereticorum,
1594 2353 1704 2408 aut
1746 2345 2320 2425 schismaticorum,

827 2452 930 2509 aut
959 2463 1392 2528 perversorum
1419 2443 1737 2508 consortia
1764 2444 1971 2521 trahit,
1985 2446 2325 2509 enormiter

829 2550 1049 2625 peccat
1095 2550 1157 2605 et
1211 2549 1528 2606 tormenta
1585 2541 1929 2605 sustinebit
1985 2553 2316 2627 perpetua,

827 2639 1277 2705 ecclesiasticis
1310 2658 1567 2721 quoque
1598 2640 1986 2722 percutietur
2009 2642 2311 2705 censuris.

825 2739 912 2803 De
947 2738 1180 2801 talibus
1221 2737 1543 2820 lapidibus
1586 2738 1868 2820 loquitur
1910 2739 2318 2803 beatissimus

532 2848 685 2896 11³etr.
702 2856 797 2903 ms.
826 2837 1044 2900 Petrus
1091 2837 1158 2899 in
1207 2836 1415 2918 prima
1463 2856 1575 2899 sua
1625 2836 1915 2920 epistola,
1940 2838 2161 2901 dicens
2196 2856 2211 2900 ε
2244 2838 2320 2901 Et

828 2955 938 3001 vos
971 2944 1272 3017 tanquam
1308 2934 1552 3017 lapides
1581 2934 1712 2999 vivi
1761 2935 2319 3015 superaedificami-

2444 767 2625 841 duro,
2660 774 2909 830 constat
2938 785 3015 829 ex
3044 785 3119 830 eo
3148 766 3319 847 quod
3351 764 3645 829 subditur
3670 782 3684 827 ε
3707 776 3767 827 ει
3789 776 3932 844 post

2444 866 2843 927 industriam
2882 874 3181 946 sequetur
3222 866 3570 942 sapientia.
3604 864 3929 946 Tanquam

2444 964 2613 1027 dicat
2646 981 2660 1024 :
2698 963 2759 1027 Si
2811 962 3002 1027 homo
3042 964 3213 1026 acuti
3264 962 3529 1044 ingenii,
3564 973 3629 1025 et
3664 962 3733 1025 in
3777 962 3934 1026 Scri-

2444 1062 2649 1144 pturis
2688 1070 3128 1144 competenter
3176 1062 3547 1137 instructuS,
3579 1062 3933 1144 postposito

2442 1178 2517 1223 eo
2548 1161 2719 1241 quod
2750 1160 2947 1238 novit,
2968 1160 3034 1221 in
3067 1159 3435 1243 superbiam
3474 1168 3587 1222 aut
3616 1159 3930 1223 luxuriam

2444 1268 2720 1337 corruat,
2764 1266 2827 1321 et
2875 1267 3089 1322 mente
3132 1257 3570 1336 obtenebrata,
3616 1257 3809 1321 hebes
3857 1278 3931 1322 ac

2440 1358 2622 1421 deses
2656 1356 2768 1420 fiat
2799 1358 2879 1421 ad
2903 1376 2975 1421 ea
3005 1376 3149 1439 quae
3178 1357 3289 1420 Dei
3320 1365 3469 1419 sunt
3495 1376 3570 1419 ac
3598 1376 3729 1421 suae
3766 1357 3933 1419 salu-

2440 1456 2559 1536 tis3
2594 1474 2720 1519 non
2761 1454 3033 1519 faciliter
3062 1456 3141 1519 ad
3172 1474 3389 1520 veram
3430 1456 3748 1538 pertinget
3783 1474 3931 1519 eon-

2440 1554 2789 1629 tritionem,
2826 1574 2941 1617 nec
2985 1553 3474 1636 recuperabitur
3518 1553 3647 1619 levi
3688 1553 3926 1631 labore,

2440 1654 2549 1715 sed
2592 1672 2669 1715 ex
2714 1652 2943 1716 intimo
2985 1653 3175 1716 corde
3218 1659 3471 1735 oportet
3512 1652 3933 1733 ingemiscere

2438 1770 2607 1828 eum,
2633 1758 2697 1813 et
2738 1770 2993 1815 omnem
3039 1749 3477 1814 carnalitatem
3522 1749 3929 1815 hebetantem

838 1854 992 1918 alibi
1031 1853 1339 1936 scriptum
1378 1862 1473 1916 est
1512 1872 1526 1915 ε
1559 1853 1833 1916 Mordeat
1862 1872 2008 1915 eum
2039 1853 2322 1916 coluber.
2364 1849 2410 1911 B
2438 1848 2741 1931 abjicere,
2776 1858 2969 1931 atquc
3000 1849 3081 1911 ad
3116 1848 3513 1931 spiritualem
3548 1866 3931 1928 consurgere

2439 1947 2860 2023 intellectum,
2878 1947 3343 2011 considerando
3373 1946 3482 2010 Dei
3508 1946 3845 2029 justitiam,
3866 1956 3932 2011 et

2438 2064 2552 2111 sua
2602 2046 3000 2109 novissima:
3046 2046 3267 2127 sicque
3314 2054 3459 2127 post
3504 2045 3694 2109 talem
3743 2046 3933 2109 indu-

2438 2144 2659 2206 striam
2704 2153 2766 2207 et
2812 2144 3093 2207 laborem
3146 2153 3449 2225 sequetur
3494 2145 3831 2227 sapientia,
3864 2154 3930 2209 et

2436 2241 2573 2324 ipse
2628 2242 3009 2325 sapientiam
3070 2250 3465 2323 assequetur.
3516 2242 3660 2306 ldeo
3710 2252 3929 2307 monet

2432 2341 2773 2424 Apostolus
2810 2358 2824 2403 τ
2856 2341 3077 2423 Surge,
3109 2340 3225 2423 qui
3264 2340 3525 2419 dormiS‚
3557 2350 3623 2404 et
3657 2361 3925 2425 exsurge
3994 2366 4221 2423 Ephem.

2430 2459 2469 2502 a
2498 2440 2790 2503 mortuis.
2833 2439 3007 2503 Unde
3039 2458 3151 2523 per
3188 2439 3580 2503 Ezechielem
3620 2440 3923 2504 Dominus
3956 2431 4025 2473 ¹⁴·

2432 2546 2823 2602 contestatur
2856 2558 2871 2602 ε
2903 2537 3097 2601 Multo
3132 2537 3349 2601 labore
3376 2537 3672 2609 sudatum
3706 2548 3823 2616 est,
3852 2548 3923 2602 ut
4006 2562 4187 2607 Emi.

2433 2635 2794 2699 auferretur
2839 2636 2921 2699 ab
2970 2654 3045 2698 ea
3093 2635 3296 2698 nimia
3346 2635 3572 2717 rubigo
3630 2637 3811 2719 eJ'us3
3858 2646 3923 2701 et
3950 2629 4161 2677 ¹¹⁸'·¹²·

2432 2734 2837 2811 iterum‚Non
2868 2733 3278 2797 mundaberis
3308 2733 3680 2816 priusquam
3708 2736 3924 2818 requi·
3982 2760 4109 2804 tara.
4132 2764 4195 2805 ιε.

2429 2852 2643 2897 escere
2675 2834 2739 2895 in
2770 2842 2833 2897 te
2866 2834 3097 2897 faciam
3138 2833 3645 2914 indignationem
3685 2855 3917 2899 meam.

2517 2932 2948 2997 Periculosum
2998 2941 3095 2996 est
3140 2950 3291 3013 ergo
3340 2952 3633 3015 peccare3
3676 2935 3924 3017 pericu-

827 3033 916 3111 ni,
969 3034 1198 3097 domus
1255 3032 1631 3114 spiritualiS,
1686 3034 2112 3097 sacerdotium
2174 3053 2317 3097 san·
2352 3033 2396 3095 C
2430 3030 2649 3109 losiuS,
2704 3030 2771 3093 in
2818 3030 3095 3111 peccatis
3132 3049 3421 3111 manere3
3463 3031 3925 3114 periculosissi-

825 3141 1023 3209 ctum‚
1056 3131 1294 3195 offerre
1331 3131 1572 3195 hostias
1615 3131 2002 3213 spirituales,
2036 3143 2316 3216 accepta-

825 3230 990 3294 biles
1033 3230 1155 3293 Deo
1204 3248 1317 3312 per
1353 3229 1566 3291 Jesum
1602 3229 1944 3294 Christum.
1975 3231 2156 3295 Unde
2202 3251 2315 3314 per

542 3347 792 3401 numu.
825 3328 1048 3394 lsaiam
1092 3328 1395 3390 Dominus
1437 3328 1730 3409 promisit
1760 3328 2058 3395 Ecclesiae
2104 3348 2117 3392 ε
2152 3330 2315 3393 Fun-

824 3426 990 3489 dabo
1026 3433 1085 3489 te
1116 3425 1182 3488 in
1216 3424 1558 3507 sapphiriS.
1583 3428 1667 3487 E'c
1697 3429 1814 3506 qui
1839 3430 2081 3489 scindit
2111 3432 2314 3506 liqna,

825 3526 1277 3586 vulnerabitur
1313 3525 1393 3585 ab
1431 3526 1544 3585 eis,
1573 3524 1687 3586 Per
1731 3523 1904 3605 ligna
1943 3544 2204 3608 quoque
2250 3537 2313 3589 et

823 3621 1103 3699 arboreS,
1129 3621 1364 3703 passim
1399 3622 1735 3703 signantur
1763 3624 2116 3689 credentes,
2135 3624 2313 3688 Unde

541 3740 793 3791 uanam,
822 3720 912 3784 ait
952 3720 1238 3783 Salvator
1273 3737 1286 3781 :
1320 3719 1441 3781 Aut
1483 3721 1674 3784 facite
1713 3723 2002 3786 arborem
2050 3723 2307 3802 bonam,

529 3808 598 3848 ³³·
825 3826 935 3879 aut
976 3817 1168 3885 facite
1203 3817 1493 3881 arborem
1533 3820 1788 3882 malam.
1821 3818 1937 3893 Qui
1979 3820 2194 3901 itaque
2240 3822 2314 3883 li-

822 3934 951 3997 gna·
985 3916 1241 3993 scindit,
1276 3916 1340 3979 id
1375 3926 1492 3993 est,
1526 3918 1856 3981 credentes
1905 3919 2306 3998 scandalizat,

823 4024 888 4077 et
917 4014 1186 4096 pusillos
1216 4033 1253 4075 a
1282 4014 1452 4078 bono
1481 4013 1736 4096 incepto
1766 4016 2018 4093 avertit,
2053 4025 2245 4099 atque
2275 4037 2313 4081 a

822 4111 1073 4176 Christo
1112 4111 1515 4194 praescindit;
1557 4132 1726 4175 nunc
1775 4113 2039 4178 vulnera
2087 4116 2313 4179 incidit

2427 3148 2625 3206 mum,
2661 3148 2861 3211 usque
2896 3129 2976 3192 ad
3008 3137 3299 3206 mortem,
3332 3139 3440 3192 aut
3473 3128 3919 3195 infirmitatem

2426 3227 2527 3292 vel
2561 3227 2834 3305 senium,
2873 3226 3315 3310 poenitentiam
3355 3226 3558 3310 ipsam
3600 3227 3869 3292 differre
3900 3248 3917 3293 ε

2427 3325 2578 3407 quia
2626 3334 2779 3389 tunc
2826 3326 2933 3395 vix
2988 3325 3224 3407 aliquis
3270 3326 3581 3393 veraciter
3627 3327 3917 3409 poenitet,

2426 3425 2779 3489 inveterata
2808 3424 3271 3488 consuetudine
3310 3443 3569 3507 pressus
3596 3432 3660 3487 et
3687 3426 3917 3505 victuS,

2425 3524 2503 3586 de
2543 3543 2671 3604 qua
2724 3543 2799 3586 ex
2851 3522 3054 3587 fundo
3100 3523 3308 3588 cordis
3355 3524 3749 3606 resipiscere,
3796 3525 3921 3590 dif-

2428 3620 2684 3685 ficulter
2742 3622 2935 3683 nimis
2990 3622 3329 3703 contingit,
3393 3622 3519 3685 nisi
3574 3624 3748 3704 quod
3807 3642 3921 3707 per

2424 3720 2882 3801 omnipotentis
2939 3720 3049 3783 Dei
3098 3721 3367 3801 gratiam
3424 3721 3915 3801 praevenientem

2426 3817 2701 3883 faciliter
2726 3817 2869 3882 fieri
2904 3827 3130 3901 potest,
3151 3820 3319 3901 quod
3353 3838 3467 3901 per
3496 3828 3785 3884 naturam
3816 3821 3919 3886 vix

2423 3915 2603 3979 effici
2654 3916 2841 3983 valet.
2893 3918 2970 3979 Et
3029 3926 3237 3980 tamen
3295 3916 3434 3999 ipse
3478 3916 3914 4001 Omnipotens,

2422 4016 2591 4097 apud
2636 4034 2828 4096 quem
2873 4034 3001 4079 non
3042 4024 3134 4077 est
3178 4014 3597 4097 impossibile,
3631 4016 3761 4080 imo
3798 4037 3919 4081 nec
3974 4044 4204 4093 Luam:
4281 4024 4282 4037 ³

2424 4112 2721 4190 difficile,
2754 4132 2944 4177 omne
2980 4112 3266 4191 verbum,
3301 4114 3368 4175 in
3409 4114 3528 4177 hoc
3560 4113 3698 4197 ipso
3740 4114 3918 4179 diffi-
3946 4105 4045 4149 ‘“·
4084 4120 4205 4155 ¹¹¹⁰-
4281 4174 4282 4199 χ

3948 4170 4016 4217 ¹¹1.
4036 4171 4105 4213 27.

821 4210 1141 4287 vitiorum,
1159 4228 1460 4291 passurus
1491 4210 1792 4293 deinceps
1823 4212 2086 4276 vulnera
2118 4214 2315 4277 infer'-
2336 4220 2394 4281 ’D
2424 4212 2723 4275 cultatem
2762 4214 3103 4294 quamdam
3145 4213 3442 4289 ostendit,
3476 4233 3764 4278 asserens
3804 4234 3919 4297 per

2422 4311 2797 4393 Prophetam
2844 4328 2858 4372 :
2908 4311 3371 4381 Abominabilis
3414 4310 3579 4375 facta
3621 4332 3711 4389 63,
3760 4314 3917 4395 quia
3994 4338 4165 4383 ezeeh.
4281 4368 4282 4371 η

543 4318 790 4373 mid-xm.
823 4308 1065 4371 nalium
1109 4308 1589 4391 suppliciorum.
1624 4309 1882 4392 Nempe,
1919 4311 2026 4374 Vae
2063 4312 2311 4375 homini

821 4426 936 4489 per
974 4425 1161 4488 quem
1203 4406 1570 4470 scandalum
1603 4408 1800 4471 venit.
1834 4409 1910 4471 Et
1955 4409 2020 4471 in
2056 4411 2313 4475 Prover-

546 4517 789 4572 Ρνοωιι,
821 4505 946 4569 biis
987 4506 1230 4569 dictum
1271 4512 1411 4570 est:
1445 4505 1649 4569 Mallei
1691 4507 2120 4587 percutientes
2160 4529 2313 4592 prae-

525 4586 599 4673 ²⁹⁶,
821 4603 1024 4687 parati
1069 4602 1441 4685 corporibus
1485 4604 1848 4667 stultorum.

585 4711 693 4767 ·10
914 4704 995 4765 Si
1039 4713 1329 4764 retusum
1374 4704 1582 4781 fuerit
1628 4704 1911 4780 ferrum,
1960 4704 2023 4767 id
2081 4714 2201 4783 est,
2255 4706 2309 4769 si

818 4820 1086 4864 acumen
1121 4820 1308 4863 suum
1345 4801 1632 4863 amiserit
1663 4802 1906 4865 securis
1944 4812 2057 4865 aut
2088 4804 2308 4868 clavus

818 4918 894 4963 ex
941 4900 1351 4984 percussione
1402 4919 1594 4982 super
1643 4920 1888 4978 saxum,
1919 4911 1977 4962 et
2021 4905 2135 4963 hoc
2180 4924 2309 4965 non

819 5010 892 5061 uc
917 5001 1129 5077 prius,
1163 4999 1228 5061 id
1269 5007 1388 5076 est,
1428 5018 1556 5063 non
1588 5018 1812 5081 parum
1857 5000 1945 5062 ita
1980 5000 2305 5081 acciderit,

814 5101 925 5163 sed
959 5100 1318 5159 hebetatum
1347 5098 1580 5174 fuerit,
1605 5097 1667 5159 id
1707 5106 1804 5162 est
1835 5098 2098 5161 omnino
2131 5099 2310 5162 obtu-

817 5214 982 5272 sum,
1021 5200 1220 5257 multo
1251 5198 1463 5257 labore
1489 5206 1860 5258 exacuetur.
1889 5196 2063 5269 Quod
2092 5205 2305 5261 autem

814 5292 986 5357 istud
1035 5312 1164 5360 non
1218 5293 1464 5357 dicatur
1515 5294 1593 5356 ad
1644 5293 1922 5358 litteram
1969 5294 2049 5357 de
2108 5293 2303 5374 ferro,

2423 4409 2731 4481 mundare
2773 4419 2833 4471 te
2869 4408 3063 4486 volui,
3108 4418 3173 4471 et
3213 4428 3340 4473 non
3380 4428 3447 4472 es
3486 4411 3818 4491 mundata3
3850 4420 3917 4475 et
3944 4412 4059 4453 “¹¹'‘
4096 4404 4162 4443 ¹²·

2422 4527 2536 4589 per
2584 4506 2807 4570 lsaiam
2855 4506 3109 4583 iterum,
3156 4507 3483 4572 Praebuisti
3522 4508 3682 4571 mihi
3742 4510 3917 4576 labo-
3941 4524 4205 4579 Iamna*-

2422 4625 2554 4668 rem
2602 4606 2669 4667 in
2715 4604 3161 4687 iniquitatibus
3208 4608 3353 4669 tuiS.
3387 4608 3465 4669 Et
3504 4608 3569 4670 in
3612 4608 3915 4673 Malachia

2422 4703 2690 4773 habetur
2739 4722 2753 4767 ε

2421 4802 2821 4867 sermonibus
2863 4802 3115 4865 vestris,

2500 4902 2580 4963 Si
2610 4905 2899 4963 mordeat
2926 4902 3225 4965 mordens
3254 4923 3509 4981 serpens
3533 4905 3607 4965 in
3632 4906 3908 4978 silentia,
4042 4912 4105 4967 ss

2420 5000 2598 5059 nihil
2626 5020 2693 5060 eo
2726 5002 2945 5061 minus
2982 5002 3169 5061 habet
3206 5003 3324 5081 qui
3358 5006 3595 5063 occulte
3628 5005 3913 5066 detrahit

2421 5097 2599 5160 fratri
2658 5116 2773 5160 suo
2822 5117 2836 5162 :
2891 5097 2956 5160 id
3015 5106 3131 5176 est,
3191 5098 3355 5162 sicut
3402 5098 3672 5165 letaliter
3730 5108 3915 5165 nocet

2418 5196 2671 5279 corpori
2719 5215 2979 5279 serpens
3022 5198 3133 5278 qui
3176 5216 3391 5261 morsu
3430 5198 3680 5263 occulto
3718 5199 3774 5263 ei
3820 5200 3913 5262 in-

2423 5295 2637 5359 fundit
2692 5314 3035 5373 venenum,
3078 5296 3177 5361 ita
3226 5299 3540 5361 detractor
3586 5300 3911 5381 propriam

3944 4788 4009 4828 te.

2809 4703 3123 4768 Laborare
3170 4703 3412 4767 fecistis
3460 4706 3795 4771 Dominum
3844 4708 3909 4771 in
3949 4723 4203 4801 ganan.
4281 4746 4282 4751 κ
