4284 6267
547 972 685 1028 Apoe.
707 985 765 1022 ιιι,

502 1036 569 1080 20.

797 472 916 536 306

1415 492 1768 540 ENARRA‘rto
1812 494 1875 540 IN
1924 492 2062 539 CAP.
2111 491 2132 536 1
2176 490 2416 537 cAN'rlct
2457 492 2859 541 CANthoRmt.
2905 517 2986 526 —
3027 498 3169 544 ΛΒΤ.
3216 498 3281 544 111

793 661 1202 746 pasciturque
1241 664 1321 726 ab
1352 663 1443 727 eis
1478 665 1544 726 in
1586 665 1892 728 membris
1927 664 2059 727 suis
2089 664 2189 728 vel
2221 664 2286 727 in
2323 664 2373 726 A
2401 684 2507 729 eos
2556 667 2785 749 perire,
2836 677 2903 731 tu
2947 678 3156 733 tamen
3212 669 3425 733 fructu
3466 678 3717 734 tuorum
3767 690 3899 735 non

793 780 862 824 se
890 761 1051 843 ipsc,
1084 764 1237 826 dum
1271 765 1349 827 de
1390 783 1610 828 eorum
1651 764 1837 827 bonis
1875 766 2107 845 gaudet
2142 783 2292 847 ope-

794 859 996 936 ribuS‚
1064 871 1256 944 atque
1321 882 1540 926 eorum
1602 864 2080 944 congratulatur
2149 883 2293 945 pro-

797 957 1013 1023 fectui.
1051 961 1228 1024 Unde
1268 962 1332 1023 in
1375 963 1755 1046 Apocalypsi
1798 971 2060 1027 testatur
2103 980 2116 1024 :
2166 963 2292 1043 Ego

795 1067 894 1122 sto
921 1060 999 1121 ad
1045 1061 1278 1125 ostium
1320 1071 1381 1125 et
1421 1063 1606 1143 pulso
1642 1080 1655 1123 :
1693 1062 1745 1125 si
1786 1062 1929 1144 quis
1969 1062 2292 1143 aperuerit

793 1158 975 1231 mihi,
1030 1157 1282 1224 intrabo
1322 1161 1402 1223 ad
1455 1160 1660 1237 illum,
1713 1171 1776 1222 et
1824 1161 2092 1224 coenabo
2143 1181 2288 1224 cum

793 1274 890 1330 ee,
925 1266 986 1319 et
1031 1258 1166 1339 ipse
1213 1278 1485 1322 mecum.
1519 1260 1586 1321 ln
1629 1259 2143 1342 contemplativis
2187 1278 2293 1322 au-

793 1362 922 1418 tem
966 1355 1176 1431 cubat,
1212 1357 1275 1419 id
1321 1366 1414 1419 est
1458 1358 1756 1439 quiescit,
1791 1358 2095 1440 quoniam
2141 1377 2294 1421 con-

795 1454 1152 1535 templativi
1183 1455 1475 1517 stabilius
1508 1454 2036 1538 frequentiusque
2066 1465 2293 1520 vacant

796 1552 1016 1634 sponsi
1045 1552 1465 1635 amplexibus,
1487 1563 1550 1617 et
1580 1554 2126 1636 pulchritudinem
2160 1554 2293 1619 vul-

796 1658 901 1712 tus
949 1652 1088 1734 ejus
1133 1652 1553 1734 prospiciunt.

873 1748 1173 1833 Sequitur
1216 1751 1434 1833 sponsi
1478 1752 1808 1834 responsio
1851 1752 1931 1813 ad
1974 1751 2291 1833 praeindu-

2398 766 2645 827 carebis
2694 765 3005 830 laborum.
3046 768 3227 830 Juxta
3275 768 3699 851 praehabitum
3750 788 3898 832 sen-

2401 882 2540 924 sum
2566 865 2655 927 ait
2680 865 3054 948 Apostolus:
3076 866 3169 928 An
3205 867 3512 948 ignoratis
3541 886 3654 931 vos
3687 868 3897 951 ipsos?
3942 884 3977 927 11
3997 886 4251 936 emam,

2402 962 2526 1023 nisi
2585 962 2747 1027 forte
2797 963 3049 1046 reprobi
3102 965 3263 1027 sitis.
3316 966 3395 1027 Et
3439 966 3649 1028 denuo
3695 964 3899 1029 fassus
3928 951 3971 989 ⁵·

2402 1069 2495 1121 est
2550 1079 2563 1122 :
2616 1062 2923 1125 Omnibus
2983 1064 3230 1127 debitor
3278 1084 3441 1141 sum,
3500 1064 3898 1147 sapientibus
3944 1082 4251 1131 Roman.

2401 1166 2463 1220 et
2496 1159 2973 1242 insipientibus
3007 1162 3455 1225 Verumtamen
3502 1162 3687 1225 multi
3727 1163 3900 1226 hunc

2401 1276 2659 1338 passum
2708 1260 2893 1323 aliter
2952 1279 3025 1322 ac
3074 1260 3320 1342 prolixe
3378 1270 3736 1343 exponunt3
3788 1261 3901 1323 sed

2402 1356 2761 1437 explanatio
2802 1358 2919 1420 ista
2964 1357 3215 1421 facilior
3250 1358 3587 1440 aptiorque
3621 1359 3895 1421 videtur.

2482 1458 2834 1534 Equitatui
2882 1477 3019 1517 meo
3066 1460 3138 1518 in
3185 1460 3486 1518 curribus
3532 1458 3901 1519 Pharaonis
4062 1470 4107 1523 8

2401 1556 2768 1615 assimilavi
2802 1566 2877 1627 le,
2912 1558 3127 1617 amica
3159 1577 3298 1617 mea
3329 1578 3352 1616 .·
3384 1556 3449 1618 id
3490 1565 3607 1632 est,
3640 1574 3679 1619 ο
3716 1574 3902 1637 spon-

2402 1669 2473 1713 sa
2513 1652 2863 1731 carissima,
2909 1672 3025 1735 ego
3071 1654 3467 1719 conformavi
3517 1663 3578 1717 et
3623 1654 3897 1717 similem

2404 1749 2527 1813 feci
2562 1760 2621 1813 te
2660 1752 2965 1814 exercitui
2998 1750 3287 1816 filiorum
3318 1754 3505 1816 Israel
3546 1753 3610 1815 in
3640 1752 3903 1835 dejecti-

795 1856 958 1909 ctam
1019 1868 1269 1931 sponsae
1326 1850 1721 1932 petitionem.
1785 1853 1866 1911 Si
1903 1852 2169 1927 iquoras
2209 1862 2288 1921 te,
2324 1849 2373 1912 B
2402 1867 2525 1911 one
2560 1857 2623 1911 et
2663 1850 3103 1913 submersione
3148 1869 3447 1912 curruum
3494 1870 3569 1914 ac
3608 1852 3895 1933 equitum

794 1967 828 2008 o
883 1952 1160 2026 pulchra
1215 1952 1386 2009 inter
1444 1952 1765 2019 maliet-ec,
1828 1949 1892 2011 id
1960 1957 2075 2025 est,
2136 1948 2293 2030 quia

795 2044 1088 2127 ignorare
1123 2055 1182 2109 te
1219 2047 1421 2129 ipsam
1463 2066 1591 2111 non
1632 2048 1848 2123 debe8‚
1884 2066 1999 2110 nec
2043 2048 2109 2110 in
2159 2056 2290 2111 toto

795 2152 856 2205 tc
885 2144 1114 2222 nesciS,
1148 2163 1186 2208 o
1213 2146 1516 2221 Ecclesia,
1553 2165 1682 2228 prae
1721 2146 1948 2208 ceteris
1985 2146 2288 2225 gentibus

791 2242 994 2322 gratia
1041 2261 1114 2306 ac
1169 2244 1514 2307 virtutibus
1565 2244 1873 2326 speciosa.
1927 2244 2289 2326 Saepissime

795 2340 1093 2421 equidem
1151 2342 1218 2404 in
1275 2342 1618 2424 Scripturis
1679 2342 1990 2423 accipitur
2041 2344 2124 2412 si,
2173 2362 2289 2424 pro

502 2460 763 2513 Jobxxx1,9.
795 2459 942 2509 non,
994 2448 1063 2501 ut
1112 2459 1310 2521 quum
1359 2450 1616 2503 sanctus
1660 2440 1777 2504 Job
1827 2440 2112 2522 loquitur
2162 2458 2175 2502 :
2224 2440 2288 2503 Si

791 2538 1128 2619 deceptum
1161 2546 1259 2601 est
1293 2556 1403 2602 cor
1431 2558 1640 2602 meum
1684 2558 1874 2620 super
1905 2539 2193 2616 muliere,
2228 2547 2291 2601 et

792 2635 847 2697 si
895 2637 973 2698 ad
1023 2638 1256 2701 ostium
1319 2638 1508 2700 amici
1555 2637 1678 2700 mei
1733 2636 2069 2700 insidiatus
2119 2656 2284 2699 sum.

791 2732 1042 2797 Certum
1077 2744 1173 2798 est
1199 2745 1433 2813 autem,
1454 2736 1624 2817 quod
1654 2736 1932 2799 Ecclesia
1960 2755 2104 2818 quae
2131 2744 2291 2799 teste

785 2851 1021 2914 sponso
1063 2844 1359 2899 censetur
1402 2834 1690 2917 pulchra,
1728 2854 1856 2898 non
1909 2835 2166 2915 ignoret
2218 2854 2285 2897 se

787 2930 991 3013 ipsam
1028 2950 1041 2995 :
1079 2933 1208 2997 imo
1258 2934 1378 2997 scit
1420 2934 1574 3015 quid
1624 2953 1739 3016 per
1784 2941 2074 2995 naturam
2124 2933 2287 2995 exsi-

2402 1946 2568 2027 regis
2618 1947 2866 2029 AEgypti
2921 1964 2934 2009 :
2982 1966 3170 2029 quem
3230 1967 3377 2011 cum
3428 1948 3561 2011 suis
3612 1950 3679 2011 in
3734 1948 3897 2010 mari
3942 1966 4125 2011 Em
4144 1984 4249 2019 nv,

2400 2044 2613 2108 Rubro
2660 2045 2999 2123 submersi,
3042 2055 3104 2109 et
3145 2046 3493 2110 exercitum
3545 2046 3735 2110 Israel
3782 2066 3895 2129 per
3924 2033 4094 2075 ²³³⁰·

2402 2143 2679 2206 medium
2715 2145 2909 2207 maris
2940 2144 3114 2206 illius
3144 2145 3332 2207 eduxi
3365 2165 3439 2208 ac
3474 2145 3763 2209 liberavi.
3789 2145 3893 2208 Sic

2402 2250 2461 2304 te
2487 2243 2567 2305 de
2596 2251 2907 2324 potestate
2941 2242 3182 2305 diaboli
3212 2244 3710 2326 angelorumque
3750 2244 3891 2325 ejus

2402 2342 2662 2403 redemi.
2697 2342 2771 2403 Et
2814 2342 2981 2404 sicut
3025 2341 3200 2404 filios
3241 2343 3429 2406 Israel
3466 2344 3611 2425 pavi
3654 2363 3891 2406 manna
3968 2370 4118 2414 1⁶22,
4146 2388 4243 2419 n..

2398 2457 2471 2500 ac
2502 2458 2669 2520 aqua
2700 2441 2779 2503 de
2812 2448 2991 2523 petra
3028 2441 3301 2521 educta3
3342 2442 3435 2504 sic
3473 2450 3535 2504 te
3571 2460 3735 2524 pane
3765 2458 3892 2504 coe-
3916 2434 4242 2541 {animis

2402 2537 2566 2616 lesti,
2620 2558 2885 2621 corpore
2934 2548 2997 2603 et
3044 2540 3353 2621 sanguine
3402 2560 3560 2617 mee,
3612 2542 3885 2619 enutrio,
3921 2559 3999 2601 ιι.
4206 2532 4219 2546 ’

2400 2656 2566 2719 aqua
2604 2638 2931 2721 sapientire
2962 2647 3134 2721 poto.
3171 2639 3247 2701 Et
3278 2640 3445 2703 sicut
3472 2640 3617 2704 illos
3648 2660 3760 2723 per
3790 2660 3893 2704 so-

2400 2736 2735 2798 litudinem
2775 2738 2851 2799 ad
2885 2745 3114 2799 terram
3154 2738 3599 2819 promissionis
3642 2740 3761 2802 sub
3790 2756 3893 2803 ve-

2400 2834 2676 2897 lamento
2707 2835 2893 2897 nubis
2927 2835 2994 2897 in
3027 2835 3227 2913 die,et
3257 2836 3323 2897 in
3354 2836 3693 2920 splendore
3722 2837 3889 2918 ignis
3940 2862 4239 2915 geroam.

2399 2934 2463 2995 in
2498 2941 2683 2996 nocte
2722 2934 2993 3013 deduxi3
3038 2934 3128 2996 sic
3170 2941 3232 2997 te
3271 2954 3384 3016 per
3420 2936 3737 2999 desertum
3776 2954 3891 2999 sae-
3918 2927 4001 2977 ²¹·
4030 2930 4121 2971 ²²·

785 3039 930 3106 stat,
965 3032 1133 3112 quod
1163 3051 1201 3094 a
1231 3050 1465 3114 sponso
1499 3033 1824 3115 redempta
1857 3032 1961 3109 sit,
1988 3041 2050 3093 ct
2086 3032 2287 3113 Bapti-
2320 3033 2363 3095 C
2396 3032 2525 3095 culi
2556 3032 2749 3113 hujus
2788 3032 3022 3108 exsilii,
3061 3033 3138 3095 ad
3178 3033 3499 3096 coelestem
3543 3034 3750 3116 dirigo
3782 3054 3891 3117 pa·-

786 3138 986 3192 smate
1027 3140 1347 3207 renovata,
1391 3131 1716 3212 variisque
1752 3131 2101 3210 gratiarum
2141 3132 2286 3194 cha-

786 3228 1155 3291 rismatibus
1187 3211 1527 3311 redempta.
1561 3230 1798 3312 Itaque,
1819 3230 2120 3311 quoniam
2153 3249 2280 3293 non

787 3328 1041 3409 ignoras
1070 3336 1150 3403 te,
1183 3332 1502 3405 eqo-edere,
1535 3328 1599 3390 id
1644 3335 1760 3405 est,
1797 3329 1862 3389 in
1903 3337 2113 3391 actum
2156 3329 2283 3392 vir-

787 3435 992 3488 tutum
1023 3435 1086 3489 et
1119 3426 1183 3487 in
1223 3425 1523 3489 officium
1563 3426 2032 3509 praedicationis
2066 3446 2283 3508 proce·-

785 3524 897 3603 de3
927 3536 986 3585 et
1005 3545 1196 3603 pasce
1222 3528 1435 3586 ltoedos
1467 3534 1628 3593 tuos,
1661 3525 1724 3587 id
1755 3534 1872 3601 est,
1913 3544 2040 3588 non
2073 3526 2280 3588 solum

782 3622 988 3703 justos
1017 3632 1079 3687 et
1109 3623 1454 3706 simpliceS,
1487 3624 1598 3705 qui
1628 3642 1776 3687 oves
1807 3632 2135 3701 vocantur,
2172 3624 2281 3686 sed

785 3720 976 3783 etiam
1010 3731 1370 3803 peccatores
1404 3731 1466 3784 et
1505 3722 1734 3803 impios
1777 3722 2042 3799 instrue,
2076 3723 2276 3796 nutri,

781 3817 1090 3899 guberna,
1119 3822 1327 3897 juxta
1374 3823 1787 3881 tabernacula
1825 3830 2187 3898 pastorum,
2219 3821 2278 3882 id

784 3925 882 3980 est
911 3918 990 3979 ad
1023 3917 1442 3981 imitationem
1475 3918 1966 3999 praecedentium
2001 3928 2276 3997 patrum,

781 4023 848 4077 et
879 4016 1056 4096 juxta
1092 4017 1476 4079 documenta
1518 4015 1989 4098 Apostolorum,
2027 4017 2138 4097 qui
2192 4018 2283 4078 in—

781 4113 1160 4177 differenter
1210 4114 1525 4177 universis
1575 4115 2077 4197 praedicaverunt
2111 4134 2125 4179 :
2164 4117 2280 4179 sic-

2397 3130 2700 3207 radisum,
2748 3131 2866 3192 sub
2912 3130 3307 3212 protectione
3351 3132 3568 3195 auxilii
3620 3152 3694 3195 ac
3746 3150 3891 3197 rore

2394 3228 2709 3309 refrigerii
2750 3229 2897 3305 mei,
2936 3238 2999 3291 et
3037 3228 3102 3291 in
3134 3229 3275 3292 luce
3312 3228 3475 3293 fidei
3498 3248 3571 3292 ac
3602 3230 3891 3294 claritate

2394 3326 2836 3390 illustrationis
2876 3346 3165 3409 supernae
3202 3347 3277 3391 ac
3312 3328 3591 3391 caritatis
3636 3328 3889 3393 fervore

2395 3425 2560 3489 inter
2588 3444 2893 3509 prospera
2924 3434 2987 3489 ct
3020 3428 3306 3489 adversa.
3341 3426 3883 3501 Quemadmodum

2392 3526 2579 3587 etiam
2620 3524 2775 3586 filiis
2815 3525 2999 3587 Israel
3034 3526 3101 3587 in
3130 3534 3348 3588 monte
3380 3526 3553 3588 Sinai
3585 3545 3696 3607 per
3728 3526 3887 3608 Moy·
3958 3550 4111 3595 lasa.
4132 3568 4223 3603 m,

2392 3643 2506 3686 sen
2545 3622 2747 3703 legem
2791 3624 2981 3703 dedi;
3024 3624 3117 3687 sic
3168 3624 3280 3686 tibi
3326 3625 3391 3686 in
3435 3634 3653 3688 monte
3700 3633 3885 3689 terrae
3912 3624 3995 3655 ¹⁸·

2392 3722 2837 3803 promissionis
2882 3741 2995 3805 per
3034 3742 3135 3785 me
3175 3722 3385 3805 ipsum
3430 3724 3881 3803 Evangelicam

2391 3820 2635 3882 contuli
2666 3820 2891 3901 legem.
2924 3820 3083 3884 Hinc
3116 3821 3182 3883 in
3213 3821 3369 3883 lsaia
3398 3822 3740 3884 asseritur:
3774 3821 3887 3885 Su·
3914 3845 3989 3889 18.
4016 3861 4083 3899 w,
4106 3853 4154 3900 s,
4174 3854 4217 3893 ⁶.

2392 3937 2505 4000 per
2533 3937 2787 3981 omnem
2817 3918 3084 3998 gloriam
3120 3919 3467 4001 protecti03
3500 3927 3564 3981 et
3595 3919 3889 3982 taberna-

2390 4016 2607 4078 culum
2648 4016 2767 4079 erit
2810 4016 2873 4077 in
2924 4016 3369 4079 umbraculum
3413 4017 3538 4079 diei
3576 4017 3658 4079 ab
3699 4026 3884 4097 aestu,

2390 4123 2452 4177 et
2498 4115 2563 4176 in
2615 4114 3041 4190 securitatem,
3086 4123 3149 4177 et
3195 4114 3261 4177 in
3311 4115 3793 4179 absconsionem
3848 4137 3891 4179 a

783 4231 906 4294 que
936 4222 994 4272 ec
1015 4215 1122 4273 abi
1141 4224 1285 4290 post
1318 4216 1582 4290 vestiyia
1607 4233 1879 4292 yrequm
1913 4225 2193 4286 cuorum,
2216 4215 2280 4277 id
2308 4215 2358 4277 D
2395 4213 2647 4275 turbine
2683 4221 2747 4275 et
2789 4231 2826 4274 a
2867 4213 3103 4294 pluvia.

781 4320 899 4388 est,
933 4310 1199 4374 virtutes
1231 4320 1291 4373 et
1333 4330 1524 4394 opera
1555 4310 1896 4375 electarum
1939 4332 2282 4395 congrega-

785 4409 1032 4471 tionum
1065 4417 1329 4486 sectare,
1364 4428 1442 4471 ne
1474 4410 1786 4473 inutiliter
1815 4412 2123 4490 evageris,
2160 4411 2281 4493 Op-

782 4507 1009 4569 timum
1050 4508 1222 4570 enim
1255 4516 1351 4570 est
1389 4517 1452 4570 et
1491 4508 1673 4573 valde
1713 4528 2028 4585 securum,
2065 4509 2279 4572 tritam

783 4604 1154 4669 Sanctorum
1189 4606 1484 4669 incedere
1516 4606 1705 4683 viam,
1739 4615 1804 4669 et
1833 4626 2052 4669 eorum
2084 4607 2281 4669 inhae-

779 4724 918 4767 rere
963 4706 1271 4785 vestigiiS‚
1317 4706 1427 4787 qui
1471 4725 1726 4768 cursum
1773 4724 1954 4767 suum
2006 4705 2280 4769 feliciter

778 4802 1279 4886 compleverunt.
1332 4804 1470 4867 Noli
1520 4821 1669 4882 ergo
1718 4804 2133 4866 immoderate
2186 4804 2281 4866 di-

779 4912 1027 4965 scutere
1077 4911 1185 4965 aut
1237 4902 1402 4965 velle
1453 4920 1859 4983 cognoscere,
1919 4902 1985 4963 in
2039 4903 2279 4984 quibus

781 5020 902 5082 ego
947 5020 1060 5084 per
1101 5002 1368 5082 gratiam
1417 5000 1724 5077 habitem,
1771 5010 1882 5062 aut
1929 5001 2042 5083 qui
2092 5001 2278 5064 electi

783 5100 914 5161 sint
951 5109 1012 5162 et
1050 5100 1227 5180 digni
1269 5108 1338 5161 ut
1384 5099 1475 5162 eis
1520 5100 1886 5181 praedicatio
1935 5100 2050 5161 fiat
2091 5120 2104 5162 :
2153 5100 2280 5162 imo

781 5216 911 5277 quo
958 5197 1159 5279 aliqui
1210 5198 1410 5278 magis
1455 5197 1742 5279 corrupti
1791 5206 1962 5277 sunt,
2015 5216 2088 5261 eo
2135 5198 2281 5281 plus

783 5296 966 5364 stude
1000 5296 1092 5359 eis
1135 5314 1503 5358 succurrere
1535 5313 1548 5357 ε
1591 5295 1743 5377 quia
1783 5296 1903 5357 etsi
1943 5297 2281 5377 contigerit

2470 4312 2753 4392 Insuper,
2788 4330 2903 4393 per
2931 4311 3283 4393 equitatum
3318 4312 3451 4388 Dei,
3490 4320 3761 4394 possunt
3790 4312 3887 4375 in—

2390 4408 2591 4488 telligi
2638 4409 2942 4489 angelicae
2990 4417 3333 4491 potestates
3372 4417 3435 4472 et
3481 4410 3691 4493 angeli
3742 4429 3886 4473 san-

2389 4506 2474 4569 cti
2512 4523 2525 4567 ε
2560 4507 2673 4588 qui
2706 4507 2770 4568 in
2792 4507 3135 4589 Scripturis
3164 4507 3445 4570 ubertim
3475 4508 3883 4590 appellantur

2388 4605 2702 4668 exercitus
2732 4614 2795 4668 et
2824 4614 3029 4668 castra
3054 4614 3247 4687 atque
3282 4606 3515 4668 militia
3547 4606 3677 4683 Dei,
3701 4607 3883 4687 juxta

2390 4703 2551 4765 illud
2588 4704 2819 4766 Psalmi
2858 4722 2871 4765 :
2906 4703 3139 4766 Currus
3182 4704 3290 4767 Dei
3328 4706 3543 4767 decem
3590 4705 3877 4769 millibus
3940 4733 4031 4777 p„
4060 4750 4209 4785 um,

2390 4801 2747 4885 multiplex.
2782 4803 2851 4864 ln
2879 4802 3107 4865 Genesi
3140 4822 3397 4885 quoque
3430 4810 3723 4866 narratur
3752 4804 3879 4866 :Ja-
3907 4797 4027 4901 ’ὲκ
4056 4876 4191 4905 um

2390 4901 2507 4963 cob
2550 4900 2709 4963 abiit
2748 4900 2853 4963 via
2888 4920 3016 4981 qua
3052 4910 3353 4983 coeperat,
3388 4900 3780 4982 fueruntque
3817 4904 3878 4965 ei
3908 4923 3948 4971 ι,
3970 4893 4047 4963 ss
4196 4898 4207 4913 '

2390 4998 2643 5062 obviam
2685 4999 2893 5078 angeli
2944 5000 3075 5061 Dei.
3126 4998 3290 5073 Quos
3341 5019 3536 5081 quum
3587 4999 3875 5079 vidisset,

2393 5099 2550 5161 dixit
2594 5116 2608 5159 t
2642 5099 2861 5161 Castra
2888 5098 2997 5160 Dei
3028 5108 3177 5160 sunt
3206 5099 3365 5162 haec.
3411 5098 3589 5162 Unde
3622 5106 3685 5161 et
3720 5098 3877 5162 alibi

2391 5197 2665 5277 legitur:
2699 5196 2889 5258 Multa
2926 5204 3074 5257 sunt
3119 5196 3311 5257 nimis
3355 5204 3561 5259 castra
3600 5196 3707 5259 Dei
3751 5195 3877 5259 for·
3913 5214 4025 5257 :oet
4048 5232 4103 5269 n,
4126 5224 4199 5263 ιι.

2392 5296 2501 5374 tia,
2547 5304 2611 5358 et
2659 5294 2961 5358 facientia
3006 5295 3271 5357 verbum
3318 5294 3481 5376 ejus.
3525 5294 3715 5358 Porro
3764 5313 3875 5377 per
