4284 6267
576 983 643 1038 13

486 1386 623 1429 Prov.
636 1399 681 1437 n,
698 1388 739 1429 7.

475 2176 582 2219 Luc.
602 2190 683 2226 xvi,
700 2178 741 2219 9.

584 3557 653 3613 14

512 3960 674 4005 Ioann.
690 3976 748 4013 vi,

482 4026 552 4075 u,
574 4026 641 4067 45.

484 4348 749 4399 Rom.1x,18.

541 4652 690 4697 Exod.

487 4729 628 4768 xxxin,
655 4718 719 4761 19.

766 487 885 553 252

1484 504 1835 561 ENARRATIO
1876 514 1941 559 m
1982 513 2120 562 GAP.
2158 515 2244 561 vn
2283 514 2718 565 memstasmt.
2763 539 2844 549 —
2883 520 3025 566 ΛΒΤ.
3061 520 3146 566 vn

770 679 893 742 tiae.
928 680 1089 743 Illud
1134 700 1284 745 vero
1321 682 1827 761 Proverbiorum,
1872 685 1940 747 in
1988 704 2261 768 persona
2291 685 2340 746 A
2372 694 2436 749 et
2465 706 2596 750 suae
2624 689 2880 772 pietatis
2909 690 3474 773 perfectionem,in
3502 694 3647 755 aliis
3675 713 3858 757 suam

770 797 987 842 eorum
1021 780 1132 862 qui
1168 781 1245 844 de
1275 781 1598 844 communi
1650 792 1801 845 sunt
1830 792 2020 859 statu,
2054 792 2263 866 potest

770 879 974 961 accipi
1016 879 1279 942 dictum.

850 980 937 1039 Ec
966 981 1173 1056 magis
1193 982 1455 1056 prodest
1495 982 1859 1042 videntibus
1885 986 2102 1043 solem.
2128 983 2265 1043 Sic-

772 1087 845 1137 ut
875 1080 1049 1139 enim
1070 1081 1351 1156 protegit
1369 1081 1694 1155 sapientia
1724 1080 2097 1161 sapientem,
2119 1098 2265 1143 con-

770 1184 864 1237 tra
904 1175 1171 1239 insidias
1203 1177 1556 1241 visibilium
1587 1197 1659 1240 ac
1692 1178 2116 1242 invisibilium
2157 1179 2265 1241 ad-

769 1275 1218 1338 versariorum.
1262 1276 1523 1358 Propter
1570 1278 1742 1358 quod
1790 1278 1857 1339 in
1904 1276 2263 1343 Proverbiis

768 1373 1009 1436 dictum
1043 1382 1138 1435 est
1173 1394 1187 1438 :
1221 1374 1544 1457 Sapientia
1586 1378 1865 1458 protegit
1901 1377 2261 1456 gradientes

770 1472 1172 1554 simpliciter.
1206 1472 1527 1554 Sapientia
1580 1474 1817 1537 etenim
1863 1473 2018 1537 facit
2056 1474 2263 1537 homi-

770 1588 917 1632 nem
957 1569 1302 1646 oculatum,
1336 1572 1746 1649 custoditum,
1781 1573 2035 1654 Deoque
2065 1572 2262 1635 inhae-

772 1678 1015 1731 rent-em
1070 1689 1084 1733 :
1137 1678 1200 1732 et
1246 1670 1333 1732 ita
1380 1679 1661 1733 meretur
1712 1671 2003 1736 divinum
2056 1671 2262 1734 subsi-

769 1767 967 1831 dium.
988 1771 1101 1831 Sic
1111 1772 1393 1847 protegit
1420 1780 1479 1831 et
1500 1772 1811 1848 pecunia,
1834 1772 1899 1833 id
1925 1780 2023 1833 est
2052 1770 2260 1834 bonus

2369 784 2708 866 justitiam,
2744 798 2935 871 prout
2980 791 3057 853 ad
3101 791 3414 856 Romanos
3459 792 3711 875 plenius
3750 796 3862 857 do-

2370 894 2474 947 cet
2505 886 2866 969 Apostolus,
2900 889 3134 953 Tamen
3167 890 3234 953 in
3274 892 3556 973 speciali,
3589 910 3702 955 cur
3737 893 3864 955 sci·

2371 983 2522 1048 licet
2552 986 2744 1048 istum
2786 988 2987 1067 magis
3019 1008 3210 1070 quam
3243 990 3426 1052 illum
3456 990 3716 1071 elegerit
3743 1010 3860 1053 seu

2372 1085 2938 1165 praedestinaverit,
2993 1087 3154 1150 ratio
3211 1106 3250 1150 a
3306 1088 3494 1152 nobis
3550 1090 3862 1169 assignari

2373 1200 2501 1244 non
2548 1182 2737 1257 valet,
2773 1185 2826 1246 si
2873 1194 3042 1248 totus
3083 1186 3658 1268 praedestinationis
3696 1186 3863 1250 effe-

2371 1290 2510 1344 ctus
2556 1282 2747 1344 simul
2797 1292 3104 1359 sumatur,
3151 1292 3338 1366 prout
3384 1284 3730 1348 Richardus
3777 1286 3862 1349 de

2371 1379 2726 1443 Mediavilla
2793 1400 2984 1464 super
3045 1384 3318 1464 primum
3388 1382 3858 1447 Sententiarum

2371 1478 2671 1541 declarat.
2724 1478 2977 1542 Certum
3028 1489 3126 1542 est
3183 1488 3418 1559 tamen,
3468 1483 3637 1563 quod
3693 1484 3860 1545 Deus

2370 1577 2721 1639 altissimus
2752 1578 3177 1642 essentialiter
3206 1580 3436 1657 bonus,
3461 1582 3734 1663 sapienS,
3758 1582 3862 1663 ju·

2372 1683 2529 1753 stus,
2555 1675 2648 1737 nil
2678 1676 3198 1741 irrationabiliter
3226 1678 3544 1760 injusteve
3571 1689 3724 1760 agat,
3744 1681 3862 1743 sed

2375 1775 2684 1838 rationem
2724 1774 3167 1855 dignissimam
3207 1778 3306 1840 sui
3335 1778 3547 1861 operis
3585 1776 3752 1841 intra
3787 1799 3860 1843 se

767 1886 841 1931 ac
886 1868 1163 1949 prudens
1203 1887 1355 1930 usus
1400 1870 1706 1951 pecuniae,
1752 1878 1971 1951 utpote
2013 1870 2261 1932 miseri·
2298 1876 2343 1937 B
2374 1873 2679 1937 intuetur.

770 1965 1001 2029 cordiae
1045 1985 1273 2048 opera3
1306 1976 1369 2029 et
1408 1986 1521 2049 per
1561 1986 1699 2029 eam
1739 1968 2158 2050 acquiruntur
2189 1988 2261 2031 ac

774 2066 1149 2127 nutriuntur
1190 2064 1507 2127 auxiliarii
1551 2075 1773 2129 contra
1814 2066 2049 2130 hostes,
2086 2066 2261 2130 Unde

774 2164 839 2226 in
889 2163 1233 2243 Evangelio
1294 2163 1578 2245 loquitur
1630 2165 1934 2227 Dominus
1987 2186 2001 2230 :
2052 2166 2262 2229 Facite

772 2262 954 2328 vobis
993 2262 1230 2325 amicos
1261 2262 1340 2326 de
1378 2282 1740 2326 mammona
1781 2262 2158 2345 iniquitatiS,
2195 2272 2265 2327 ut

775 2381 975 2444 quum
1017 2359 1402 2437 defeceritiS,
1438 2362 1749 2445 recipiant
1780 2381 1891 2427 vos
1923 2363 1990 2425 in
2028 2370 2263 2426 aeterna

774 2460 1199 2523 tabernacula.
1226 2464 1361 2521 Hoc
1390 2471 1609 2522 autem
1640 2465 1794 2538 plus
1830 2464 2015 2523 habet
2040 2465 2263 2523 erudi-

774 2562 887 2630 tio,
919 2578 1061 2641 quae
1090 2568 1183 2621 est
1223 2566 1399 2622 actus
1440 2558 1789 2641 sapientiae,
1824 2572 1883 2621 et
1909 2562 2258 2640 sapientia,

771 2677 914 2740 quae
962 2665 1059 2721 est
1108 2658 1346 2721 donum
1399 2657 1673 2738 Spiritus
1712 2658 1946 2737 Sancti,
1971 2663 2143 2739 quod
2173 2663 2263 2720 vi-

774 2768 907 2819 tam
940 2759 1236 2819 tribuunt
1259 2761 1600 2836 possessori
1624 2780 1763 2831 suo,
1810 2759 1875 2821 id
1920 2766 2036 2835 est,
2070 2776 2262 2821 causa

773 2857 1099 2919 meritoria
1128 2863 1277 2917 sunt
1307 2856 1452 2919 vitae
1490 2856 1728 2935 gratiae,
1766 2858 2034 2940 ejusque
2068 2858 2264 2920 incre—

772 2956 993 3033 menti,
1030 2964 1092 3017 et
1122 2955 1268 3018 vitae
1296 2953 1535 3035 gloriae.
1569 2954 1743 3029 Quod
1785 2956 2076 3038 quamvis
2108 2976 2263 3018 usus

2465 1972 2703 2053 ltaque,
2753 1971 3095 2037 Considera
3155 1992 3345 2056 opera
3405 1975 3533 2051 Dei,
3585 1985 3647 2038 et
3703 1976 3863 2039 scito

2372 2074 2543 2149 quod
2571 2092 2755 2133 nemo
2775 2073 2978 2149 possit
3007 2075 3349 2150 corriyere,
3371 2073 3436 2135 id
3466 2082 3559 2136 est
3591 2093 3703 2156 per
3728 2093 3866 2137 ver-

2374 2168 2455 2231 ba
2493 2178 2600 2232 aut
2640 2169 3016 2251 disciplinas
3061 2189 3171 2234 seu
3209 2171 3338 2234 alio
3376 2173 3565 2235 modo
3602 2192 3866 2237 conver-

2375 2276 2526 2345 tere,
2575 2267 2662 2331 ita
2703 2277 2772 2331 ut
2812 2267 3099 2331 finaliter
3140 2278 3506 2352 perseveret
3545 2271 3610 2333 in
3649 2270 3859 2350 boniS,

2371 2387 2562 2447 quem
2605 2369 2739 2436 ille,
2775 2375 2993 2449 utpote
3038 2368 3222 2443 DeuS,
3257 2372 3636 2445 despexerit.
3671 2369 3864 2434 Porro

2374 2466 2718 2546 dupliciter
2750 2465 3024 2548 despicit
3053 2474 3470 2548 peccatorem.
3502 2468 3730 2545 Primo,
3767 2488 3865 2531 sc-

2374 2566 2657 2626 cundum
2700 2574 3074 2646 praesentem
3120 2565 3456 2646 justitiam.
3486 2566 3714 2648 Sicque
3755 2568 3865 2629 dc-

2375 2662 2563 2744 spicit
2609 2681 2830 2725 omnes
2877 2663 2988 2744 qui
3043 2662 3106 2724 in
3156 2663 3406 2726 mortali
3451 2673 3600 2728 sunt
3645 2665 3856 2747 culpa,

2373 2762 2552 2844 juxta
2601 2760 2760 2824 illud
2807 2761 3036 2824 Psalmi
3086 2782 3099 2826 :
3145 2762 3453 2844 Sprevisti
3501 2782 3720 2827 omnes
3759 2764 3858 2827 di·
3927 2790 4214 2841 smum,

2375 2860 2704 2923 scedentes
2766 2880 2802 2922 a
2852 2860 3124 2942 justitiis
3181 2860 3331 2923 tuis,
3387 2860 3695 2938 SecundO,
3745 2882 3860 2945 per
3893 2856 4015 2897 ¹¹⁸·

2374 2959 2840 3043 praescientiam
2871 2960 3232 3022 aeternalem
3261 2968 3324 3022 et
3357 2960 3862 3043 reprobationem

772 3054 1075 3137 praefatus
1106 3055 1391 3137 pecuniae
1421 3056 1613 3117 etiam
1646 3053 1857 3131 faciat,
1892 3076 2019 3119 non
2050 3066 2262 3120 tamen
2298 3060 2340 3123 C
2377 3056 2640 3121 finalem
2679 3078 2693 3122 :
2730 3058 2808 3121 de
2837 3077 2964 3139 qua
2992 3058 3437 3140 aspernatione
3470 3060 3600 3140 jam
3631 3078 3862 3123 sermo.

774 3155 861 3216 ita
898 3152 1338 3236 principaliter
1376 3162 1437 3216 ct
1482 3153 1742 3217 directe.
1776 3154 2049 3217 Pecunia
2091 3156 2262 3217 enim

776 3270 902 3314 non
948 3260 1044 3315 est
1084 3252 1310 3317 virtuS.
1352 3251 1671 3333 Sapientia
1715 3271 1866 3316 vero
1906 3272 2034 3317 uno
2077 3255 2267 3317 modo

776 3360 873 3414 est
914 3351 1114 3415 virtus
1161 3351 1632 3430 intellectualiS,
1665 3361 1727 3415 et
1769 3352 1897 3417 alio
1942 3355 2132 3417 modo
2174 3353 2269 3417 di-

777 3451 942 3513 citur
984 3451 1243 3513 donum.

862 3551 1207 3610 Considera
1248 3569 1440 3627 opera
1480 3552 1624 3619 Dei,
1660 3550 1723 3613 id
1774 3560 1869 3614 est
1916 3559 2162 3614 secreta
2206 3558 2270 3614 et

779 3646 1455 3728 incomprehensibilia
1504 3650 1643 3730 ejus
1685 3648 1949 3731 judicia,
2002 3658 2063 3711 et
2106 3647 2269 3711 effe-

777 3755 915 3807 ctus
946 3746 1113 3808 circa
1142 3743 1455 3823 homineS,
1490 3747 1764 3828 qualiter
1794 3740 1992 3809 unum
2023 3746 2266 3810 miseri-

777 3844 1051 3909 corditer
1108 3853 1289 3909 vocet
1336 3845 1638 3927 intusque
1694 3846 1901 3908 trahat
1946 3847 2141 3927 (sicut
2201 3847 2266 3908 in

778 3942 1123 4023 Evangelio
1148 3942 1408 4005 Ioannis
1448 3942 1673 4005 asserit
1702 3942 1988 4007 Christus
2022 3962 2036 4006 ε
2072 3944 2268 4008 Nemo

780 4049 987 4124 potest
1029 4040 1247 4105 venire
1285 4041 1364 4103 ad
1402 4060 1526 4119 me,
1554 4040 1678 4104 nisi
1711 4042 1890 4105 Pater
1929 4063 2110 4106 meus
2150 4053 2270 4108 tra-

780 4139 943 4201 xerit
985 4158 1168 4219 eum3
1202 4138 1413 4201 omnis
1457 4138 1569 4221 qui
1611 4140 1854 4203 audivit
1900 4160 1937 4203 a
1980 4142 2162 4205 Patre
2207 4151 2270 4206 et

2377 3157 2454 3219 Et
2490 3176 2683 3238 quem
2725 3157 2816 3219 sic
2861 3156 3125 3239 spernit,
3160 3156 3376 3219 nullus
3420 3156 3702 3221 finaliter
3731 3176 3872 3221 cor·

2378 3256 2585 3335 rigere
2627 3264 2857 3339 potest,
2891 3256 3188 3337 quamvis
3230 3256 3306 3318 ad
3343 3264 3590 3338 tempus
3618 3258 3698 3320 ad
3737 3274 3873 3339 poe·

2379 3355 2714 3417 nitentiam
2754 3353 3140 3417 emolliatur.
3165 3354 3358 3435 Cujus
3409 3354 3872 3437 reprobationis

2377 3461 2443 3516 et
2470 3453 2936 3535 aspernationis
2969 3453 3301 3535 probabile
3333 3453 3608 3536 signum,
3637 3462 3733 3517 est
3760 3454 3876 3517 ob-

2381 3552 2631 3614 duratio
2679 3552 2959 3614 hominis
3019 3552 3087 3613 in
3143 3562 3422 3634 peccato.
3473 3551 3669 3626 Quem
3717 3553 3874 3616 dum

2383 3648 2526 3732 quis
2560 3650 2750 3713 talem
2783 3652 3128 3733 experitur,
3173 3650 3362 3713 debet
3391 3649 3471 3713 ab
3499 3651 3554 3732 ej
3566 3671 3638 3713 us
3667 3669 3877 3714 corre·

2382 3750 2602 3832 ptione
2632 3768 2899 3823 cessare,
2936 3748 3160 3812 saltem
3191 3750 3269 3812 ad
3302 3758 3574 3831 tempuS,
3605 3759 3667 3813 et
3694 3768 3874 3813 orare

2381 3867 2498 3931 pro
2538 3849 2679 3930 ipso
2713 3866 2726 3911 :
2761 3847 2812 3909 si
2857 3854 3070 3910 tamen
3115 3848 3197 3909 sit
3237 3846 3528 3910 subditus
3565 3867 3740 3923 suus,
3763 3848 3876 3911 de·

2380 3945 2491 4009 bet
2520 3946 2579 4008 ei
2609 3952 2971 4027 opportuno
3002 3954 3310 4027 tempore,
3345 3946 3514 4027 quod
3543 3964 3620 4008 ex
3648 3944 3874 4010 officio

2381 4044 2722 4124 obligatur,
2768 4043 3160 4126 impendere,
3205 4051 3268 4107 et
3315 4052 3572 4127 propter
3618 4062 3872 4109 conser-

2380 4143 2700 4207 vationem
2742 4141 2897 4206 boni
2941 4142 3322 4220 communiS,
3356 4150 3724 4226 peccantem
3769 4161 3870 4206 ar-

780 4237 1026 4315 didicit,
1078 4237 1255 4299 venit
1302 4238 1379 4300 ad
1426 4238 1605 4319 me);
1655 4238 1852 4301 alium
1902 4258 2051 4304 vero
2097 4240 2270 4321 juste
2302 4250 2350 4311 D
2378 4259 2573 4322 guere
2615 4260 2728 4304 seu
2771 4239 3024 4323 punire.

780 4336 1123 4416 relinquat.
1148 4335 1327 4398 Unde
1365 4335 1454 4397 ait
1483 4336 1821 4418 Apostolus
1856 4354 1870 4399 ε
1904 4335 2099 4419 Cujus
2131 4338 2269 4401 vult

780 4434 1135 4510 miseretur,
1170 4442 1233 4497 et
1259 4453 1452 4516 quem
1476 4435 1614 4500 vult
1643 4435 1919 4498 indurat.
1947 4436 2101 4498 Hinc
2131 4457 2270 4499 rur-

780 4553 919 4596 sum
953 4532 1254 4597 Dominus
1286 4534 1352 4595 in
1382 4534 1595 4597 Exodo
1625 4543 1841 4616 aperte
1872 4554 1946 4598 ac
1978 4535 2271 4599 terribili-

778 4644 872 4698 ter
909 4641 1294 4717 protestatur
1328 4650 1341 4695 :
1373 4632 1713 4697 Miserebor
1751 4634 1855 4697 cui
1886 4634 2173 4711 voluero,
2205 4643 2270 4698 et

776 4735 1056 4797 clemens
1086 4752 1193 4797 ero
1236 4732 1302 4794 in
1343 4752 1534 4814 quem
1576 4732 1736 4795 mihi
1776 4733 2269 4815 placuerit.Haec

774 4840 985 4895 autem
1044 4830 1505 4894 consideranda
1565 4838 1715 4893 sunt
1773 4838 2138 4895 reverenter
2195 4852 2269 4896 ac

778 4931 1071 4992 timorate
1120 4936 1184 4991 et
1239 4927 1470 5002 sobrie,
1520 4928 1584 4989 in
1635 4929 1912 5010 quodam
1959 4931 2264 5009 generali,

2447 4343 2533 4401 In
2561 4341 2670 4400 die
2695 4341 2858 4400 bona
2884 4340 3106 4416 fruere
3135 4340 3333 4413 bonis,
3354 4338 3418 4401 id
3447 4347 3565 4416 est,
3585 4347 3870 4421 tempore

2381 4436 2821 4521 prosperitatis
2851 4444 2915 4499 et
2940 4436 3180 4517 gratiae,
3214 4444 3392 4500 utere
3419 4437 3606 4500 donis
3634 4436 3741 4502 Dei
3769 4438 3874 4519 ju-

2379 4536 2588 4601 cunde
2630 4544 2694 4599 et
2737 4537 3093 4616 moderate;
3125 4544 3186 4595 et
3225 4540 3468 4598 malam
3503 4538 3676 4597 diem
3705 4558 3874 4616 prae-

2380 4656 2554 4703 cave,
2588 4634 2650 4696 id
2683 4642 2799 4710 est,
2834 4634 3003 4696 diem
3043 4632 3328 4711 ultioniS,
3361 4633 3728 4698 tentationis
3759 4653 3869 4697 seu

2380 4732 2780 4798 adversitatis
2811 4733 2993 4795 stude
3021 4730 3329 4813 effugere,
3356 4732 3445 4796 ita
3469 4740 3542 4795 ut
3570 4752 3695 4796 non
3724 4751 3874 4796 con-

2381 4830 2722 4905 demneriS‚
2757 4850 2873 4895 nec
2913 4830 3372 4895 tentationibus
3410 4830 3720 4910 obruariS,
3753 4850 3872 4895 nec

2379 4931 2668 4995 adversis
2697 4930 3014 5011 frangaris
3045 4930 3112 4991 in
3145 4948 3239 4994 ea.
3272 4930 3450 4993 Unde
3480 4930 3546 4992 in
3575 4928 3870 4994 Oratione

4019 4358 4104 4413 15

773 5027 1017 5109 absque
1065 5025 1375 5090 scrutinio
1423 5025 1739 5089 rationum
1786 5030 2156 5091 eorumdem
2202 5030 2269 5091 in

776 5125 1062 5209 speciali.
1100 5126 1165 5188 ln
1209 5124 1535 5188 communi
1574 5124 1811 5188 etenim
1856 5134 2066 5208 potest
2106 5127 2269 5190 ratio

492 5242 746 5295 Romanas.
775 5224 1112 5304 assignari,
1136 5222 1285 5305 quia
1315 5222 1451 5286 vult
1479 5222 1733 5288 Creator
1761 5226 2166 5307 omnipotens
2202 5226 2269 5287 in

482 5304 551 5347 ²²·
778 5322 1165 5404 quibusdam
1195 5321 1515 5385 declarare
1545 5341 1724 5385 suam
1756 5322 2268 5411 ‘misericordiam

2382 5028 2704 5093 dominica
2744 5028 3016 5093 dicimus
3053 5046 3067 5090 ε
3105 5028 3184 5092 Et
3223 5046 3304 5091 ne
3346 5047 3462 5092 nos
3499 5028 3760 5092 inducas
3801 5029 3870 5092 in
3927 5057 4204 5111 umam,

2385 5127 2822 5203 tentationem,
2857 5128 2966 5189 sed
3007 5126 3210 5189 libera
3240 5145 3354 5190 nos
3384 5146 3421 5188 a
3449 5126 3649 5207 malo;
3677 5136 3870 5209 atque
3905 5123 3974 5165 ¹³·

2383 5227 2449 5289 in
2479 5225 2728 5289 Psalmo
2757 5244 2770 5287 ε
2798 5227 3023 5288 Beatus
3054 5224 3167 5306 qui
3197 5224 3496 5305 intelligit
3523 5244 3715 5307 super
3741 5245 3876 5308 ege-
3929 5254 4016 5299 1³⁸,
4039 5271 4116 5310 n„
4137 5261 4180 5302 2,

2383 5344 2536 5387 num
2578 5332 2643 5387 et
2686 5341 3071 5407 pauperem3
3114 5323 3180 5385 in
3221 5321 3540 5402 diesmala
3579 5323 3878 5388 liberabit
