4284 6267
1009 524 1362 572 amnnmo
1404 525 1466 571 m
1509 524 1648 571 car.
1685 522 1794 569 vm
1833 521 2317 570 rnovanmoium.
2364 542 2440 551 --
2484 522 2626 568 Aar.
2662 519 2769 565 vm
3354 496 3437 560 59

320 705 424 760 est
457 717 588 760 una
619 705 848 760 natura
879 706 942 761 et
970 716 1099 760 una
1126 704 1422 780 potestas
1440 695 1526 759 ita
1555 694 1839 777 operatio
1865 692 1918 755 A
1950 711 2070 755 nus
2112 691 2487 757 humanum.
2519 690 2803 773 Denique
2842 691 2908 754 in
2944 692 3135 755 rebus
3172 699 3237 756 et
3264 710 3437 756 crea-

323 814 464 858 una
495 797 577 860 ad
607 805 807 871 extra,
833 796 1105 878 ejusque
1133 814 1330 879 opera
1359 804 1504 858 sunt
1534 794 1832 858 indivisa.

92 914 294 963 soma,
323 895 480 959 Ideo
519 896 834 978 scriptum
883 904 980 958 est
1015 914 1030 957 z
1062 895 1489 978 Quaecumque
1534 892 1681 957 facit
1731 893 1838 955 Pa-

65 979 116 1019 ¹⁹·
327 1002 450 1067 ter,
489 994 626 1057 haec
670 1003 736 1056 et
777 993 978 1057 Filius
1023 994 1320 1058 similiter
1360 993 1536 1057 facit..
1562 996 1645 1055 Et
1673 996 1839 1053 dele-

325 1096 558 1154 ctabar
589 1112 712 1171 per
735 1096 1031 1171 sinyulos
1062 1095 1222 1155 dies.
1247 1092 1508 1156 Infinita
1539 1101 1637 1157 est
1663 1092 1837 1155 enim

331 1190 667 1256 beatitudo
715 1201 778 1255 et
825 1192 1132 1273 gaudium
1188 1192 1698 1275 uniuscujusque
1744 1192 1840 1253 in-

329 1299 566 1354 creatae
619 1300 684 1354 et
730 1292 1072 1355 adorandae
1108 1292 1420 1368 Personae,
1455 1300 1517 1355 et
1557 1310 1702 1353 cum
1740 1289 1840 1372 ju-

330 1390 666 1453 cunditate
698 1389 1017 1454 intensive
1047 1390 1360 1454 immensa
1391 1388 1842 1465 intuentur,di-

333 1490 546 1571 ligunt
579 1499 644 1552 et
676 1489 984 1553 fruuntur
1013 1510 1082 1554 se
1110 1490 1412 1554 invicem.
1446 1493 1734 1558 Ludens,
1776 1488 1838 1550 id

333 1597 430 1652 est
469 1588 944 1653 delectabiliter
970 1608 1165 1669 agens
1193 1609 1266 1652 ac
1304 1607 1598 1671 operanS,
1623 1608 1840 1648 coram

333 1708 402 1747 eo
434 1690 620 1748 omni
661 1698 940 1764 tempore
972 1688 1202 1770 :juxta
1249 1687 1410 1749 illud
1455 1687 1524 1748 in
1566 1686 1834 1761 PsalmO,

63 1802 305 1851 stauai.
335 1785 686 1849 Laetabitur
715 1786 1022 1850 Dominus
1053 1787 1120 1849 in
1153 1786 1454 1868 operibus
1485 1784 1638 1847 suis,
1661 1784 1838 1846 Unde

69 1968 124 2005 ¹“
148 2020 206 2075 3¹
338 1991 667 2063 operatur,
721 1992 784 2047 et
839 2002 956 2064 ego
995 2002 1245 2065 operor.
1279 1986 1541 2045 Ludens
1583 1985 1657 2043 in
1696 1984 1839 2041 orbe

342 2092 697 2150 terrarum,
731 2082 795 2144 id
834 2090 932 2146 est
974 2081 1277 2145 deliciose
1313 2080 1661 2162 disponens
1699 2097 1840 2161 quae

341 2179 509 2243 fiunt
546 2182 614 2243 in
645 2200 724 2243 eo
757 2200 834 2244 ex
869 2180 1042 2245 fonte
1073 2179 1493 2264 providentiae
1522 2198 1700 2242 meae.
1725 2177 1839 2240 Vel

340 2280 482 2342 ideo
531 2280 646 2353 ait,
683 2280 935 2343 Ludens
985 2280 1051 2342 in
1101 2279 1256 2343 orbe
1303 2290 1638 2355 terrarum,
1685 2295 1841 2359 quo-

339 2380 508 2441 niam
544 2397 622 2441 ea
654 2397 798 2459 quai
829 2387 1131 2461 operatur
1161 2378 1227 2441 in
1260 2387 1448 2455 terra,
1481 2385 1628 2440 sunt
1655 2376 1840 2458 quasi

341 2478 528 2540 ludus
591 2485 890 2558 respectu
939 2476 1544 2559 supernaturalium,
1596 2475 1841 2539 divino-

339 2595 504 2650 rum,
561 2576 1053 2657 coelestiumque
1110 2594 1370 2639 suorum
1429 2573 1781 2637 effectuum
1823 2594 1838 2654 3

335 2675 462 2753 vel,
496 2674 810 2757 quoniam
843 2674 1009 2737 sicut
1047 2676 1102 2737 is
1143 2674 1257 2756 qui
1299 2673 1461 2735 ludit
1500 2692 1642 2735 cum
1684 2672 1838 2754 pila,

337 2773 618 2857 percutit
651 2791 791 2835 eam
821 2773 1062 2837 deloco
1092 2774 1170 2835 ad
1201 2773 1531 2849 locum‚sic
1562 2772 1842 2835 increata

339 2872 672 2955 Sapientia
718 2871 924 2935 variat
971 2870 1196 2933 mundi
1243 2880 1499 2948 statum,
1531 2879 1593 2935 et
1640 2879 1842 2934 trans-

345 2971 467 3034 fert
508 2988 709 3051 regna
739 2971 818 3033 de
855 2978 1044 3050 gente
1082 2970 1146 3032 in
1187 2979 1465 3051 gentem,
1503 2979 1566 3034 ct
1603 2970 1843 3034 excutit

1948 792 2110 855 turis
2142 793 2687 857 irrationabilibus
2720 813 2791 857 ac
2821 793 3131 869 animatis
3146 801 3243 855 est
3271 795 3435 859 Deus

1949 912 2064 975 per
2110 893 2474 969 essentiam,
2510 891 2913 975 praesentiam
2957 901 3017 955 et
3060 893 3433 975 potentiam,

1950 1012 2078 1057 non
2110 1001 2319 1055 autem
2361 1010 2474 1074 per
2502 992 2828 1054 caritatem
2868 999 2931 1054 et
2959 990 3249 1069 gratiam.
3292 991 3435 1057 ldeo

1953 1100 2247 1174 respectu
2276 1090 2661 1153 exsistentiae
2691 1109 2817 1171 qua
2855 1090 2921 1151 in
2960 1088 3091 1151 illis
3128 1098 3247 1165 est,
3278 1091 3437 1154 deli-

1950 1192 2195 1255 ciosum
2236 1189 2357 1253 sibi
2400 1197 2665 1252 estesse
2706 1208 2849 1251 cum
2888 1185 3047 1250 filiis
3075 1188 3431 1264 hominum,

1951 1292 2016 1353 in
2060 1289 2300 1372 quibus
2342 1308 2453 1370 per
2494 1289 2763 1369 gratiam
2806 1295 2863 1349 et
2906 1286 3231 1350 caritatem
3276 1288 3438 1351 exsi-

1950 1390 2081 1452 stit.
2106 1387 2553 1452 Verumtamen
2588 1404 2715 1447 non
2744 1393 2839 1448 est
2870 1386 3245 1467 putandum,
3265 1388 3435 1468 quod

1950 1487 2196 1570 aliquid
2226 1484 2665 1549 delectationis
2694 1492 3011 1547 accrescat
3040 1484 3166 1547 Deo
3204 1504 3280 1547 ex
3309 1504 3439 1549 cre-

1949 1586 2177 1664 aturiS,
2212 1585 2314 1649 vel
2346 1602 2421 1647 ex
2447 1582 2863 1646 consistentia
2892 1582 3031 1664 ejus
3060 1602 3203 1646 cum
3238 1583 3440 1647 homi-

1951 1685 2175 1763 nibus;
2203 1682 2312 1745 sed
2343 1681 2645 1765 quoniam
2678 1680 2745 1743 in
2774 1700 2843 1744 se
2873 1682 3015 1762 ipso
3047 1690 3171 1744 tam
3206 1683 3433 1759 bonuS,

1949 1802 2279 1848 amorosus
2314 1791 2377 1846 et
2406 1781 2549 1865 pius
2582 1790 2699 1858 est,
2734 1781 2877 1844 ideo
2908 1780 3278 1845 deliciosum
3312 1781 3436 1845 sibi

89 1902 307 1977 jonam.
337 1883 720 1965 Unigenitus
763 1885 852 1947 ait
900 1905 914 1949 :
959 1884 1140 1947 Pater
1187 1902 1366 1947 meus
1407 1902 1612 1965 usque
1649 1883 1837 1946 modo
1877 1888 1922 1947 B
1951 1893 2046 1949 est
2086 1894 2215 1947 tam
2260 1883 2597 1963 dignanter
2632 1882 2711 1945 ad
2750 1881 3043 1944 homines
3082 1901 3149 1945 se
3176 1881 3433 1945 habere.

1950 1984 2088 2048 Sint
2123 1999 2272 2062 ergo
2304 1990 2366 2045 et
2396 1988 2629 2045 nostrae
2658 1980 2905 2043 deliciae
2927 1999 3067 2044 esse
3095 2000 3239 2045 cum
3270 1981 3433 2063 ipSO,

1950 2083 2513 2162 adhaereamusque
2552 2080 2609 2143 ei
2654 2079 3112 2157 indesinenter,
3142 2079 3434 2156 amando,

1951 2180 2461 2262 contemplando,
2491 2178 2830 2253 laudando,
2855 2178 3115 2255 orand0,
3140 2177 3442 2260 omnique

1952 2279 2142 2343 modo
2184 2276 2370 2341 nobis
2411 2277 2704 2360 possibili
2738 2277 2943 2340 vicem
2976 2295 3107 2339 suae
3134 2276 3443 2359 dignatio-

1953 2380 2016 2441 ni
2051 2378 2359 2461 piissimae
2386 2376 2857 2440 exhibendo.Et
2886 2385 3054 2439 certe
3084 2395 3180 2440 vae
3205 2376 3299 2438 eis
3328 2376 3438 2458 qui

1951 2478 2008 2540 ei
2061 2476 2293 2557 ingrati
2343 2484 2513 2550 sunt,
2565 2483 2629 2537 et
2677 2483 2954 2537 mentem
3003 2495 3182 2538 suam
3238 2473 3319 2537 ab
3366 2493 3442 2538 co

1953 2583 2271 2651 avertunt,
2304 2574 2414 2656 qui
2457 2574 2523 2635 in
2564 2580 2811 2635 tantum
2852 2591 2967 2636 nos
2997 2573 3231 2653 diligit,
3272 2573 3443 2655 quod

1951 2674 2142 2737 etiam
2174 2674 2241 2736 in
2266 2673 2667 2737 Sacramento
2690 2690 2940 2754 semper
2970 2673 3295 2737 nobiscum
3327 2678 3439 2749 est,

1951 2781 2012 2837 et
2047 2774 2112 2835 in
2143 2773 2258 2837 illo
2290 2791 2355 2835 se
2386 2779 2642 2854 praestat
2673 2771 2881 2835 nobis,

2053 2873 2214 2934 Hinc
2274 2871 2553 2933 increata
2598 2870 2925 2953 Sapientia
2982 2881 3442 2954 consequenter

1955 2975 2264 3037 hortatur.
2300 2972 2495 3033 Nunc
2521 2990 2692 3046 erqo,
2723 2972 2881 3047 filii,
2915 2973 3140 3031 audite
3158 2992 3258 3032 me
3278 2992 3300 3034 .·
3320 2976 3441 3035 Be·
3566 2980 3637 3035 32

342 3068 604 3150 iniquos
641 3069 721 3132 de
751 3067 892 3131 loco
923 3087 1039 3132 suo
1069 3070 1144 3131 ad
1179 3068 1400 3148 alium,
1435 3077 1625 3151 prout
1659 3069 1844 3131 indu·
1873 3073 1917 3135 C
1953 3075 2052 3136 aci
2080 3070 2345 3133 nuncin
2377 3088 2489 3152 spe
2529 3076 2595 3132 et
2631 3068 2884 3146 merito,
2916 3071 3035 3149 qui
3070 3073 3441 3133 custodiunt

92 3180 312 3231 sobam.
342 3167 510 3230 citur
561 3188 577 3231 ε
630 3166 805 3249 Opus
853 3186 1158 3230 manuum
1209 3169 1350 3250 ejus
1393 3176 1543 3230 sunt
1590 3168 1843 3231 univer-

73 3247 132 3348 ζξζ
159 3247 226 3294 ²⁰’
253 3247 314 3295 ²⁴⁹
341 3266 434 3344 εἰς
481 3266 700 3329 subito
743 3266 1122 3345 morientur.
1168 3266 1465 3330 Conteret
1507 3266 1742 3329 multos
1781 3275 1842 3330 et

341 3364 874 3441 innumerabileS,
925 3374 989 3429 et
1047 3374 1214 3429 stare
1271 3365 1465 3429 faciet
1519 3364 1678 3428 alios
1727 3384 1842 3448 pro

341 3464 466 3541 eis;
501 3462 686 3545 quasi
721 3462 954 3546 impios
987 3464 1305 3547 percussit
1335 3484 1442 3527 eos
1473 3464 1540 3526 in
1581 3462 1720 3527 loco
1753 3464 1843 3527 vi-

339 3562 656 3626 dentium.

420 3660 508 3719 Et
556 3658 812 3719 deliciae
863 3677 1041 3728 meoe,
1088 3678 1216 3717 esse
1259 3678 1396 3718 cum
1433 3660 1597 3735 filiis
1644 3658 1842 3719 homi·

341 3776 526 3817 num.
561 3756 724 3819 Ecce
764 3774 959 3837 quam
1009 3755 1196 3819 dulce
1243 3755 1506 3819 verbum
1559 3764 1656 3818 est
1695 3756 1836 3819 hoc.

83 3874 318 3929 mamm.
343 3854 596 3918 Etenim
627 3854 1104 3937 beneplacitum
1135 3863 1230 3917 est
1256 3854 1522 3918 Domino
1556 3855 1620 3917 in
1651 3873 1843 3937 popu·

102 3966 186 4011 ιη.
204 3983 318 4022 mu,
348 3952 407 4016 lo
435 3970 554 4014 suo
588 3972 603 4016 ε
646 3953 724 4016 de
753 3972 881 4034 quo
912 3954 1005 4015 ait
1031 3971 1146 4035 per
1174 3952 1534 4030 Jeremiam,
1559 3952 1844 4016 Laetabor

83 4031 142 4071 ⁴¹·
345 4070 537 4133 super
587 4050 684 4113 cis
721 4070 922 4132 quum
964 4050 1346 4115 benefecero
1391 4052 1572 4134 ipsis.
1606 4052 1838 4133 Itaque,

343 4149 598 4213 Deliciae
629 4167 808 4226 meae,
843 4168 984 4213 esse
1012 4169 1158 4213 cum
1193 4150 1350 4212 filiis
1381 4150 1736 4229 hominum,
1775 4152 1841 4213 id

1953 3176 2096 3233 v‘e'as
2126 3191 2318 3238 meas,
2351 3169 2415 3231 id
2455 3176 2550 3231 est
2581 3167 2799 3232 divina
2843 3176 3177 3250 praecepta.
3198 3173 3441 3232 Audite
3564 3174 3636 3229 33

1951 3270 2397 3347 disciplinam,
2440 3277 2499 3328 et
2538 3276 2727 3327 estote
2765 3269 3109 3344 sapiente-3,
3144 3278 3204 3328 ec
3242 3271 3441 3330 nolite

1951 3369 2228 3445 abjicere
2255 3388 2396 3427 eam
2425 3386 2447 3428 .·
2479 3364 2785 3447 quoniam
2818 3365 2959 3428 sine
2986 3365 3154 3429 dono
3186 3366 3438 3449 sapien-

1952 3466 2056 3529 tiae
2107 3483 2296 3528 nemo
2343 3471 2550 3547 potest
2608 3462 2858 3540 salvari,
2912 3463 3078 3526 sicut
3137 3483 3252 3527 nec
3300 3466 3439 3529 sine

1953 3564 2250 3643 caritate;
2278 3572 2341 3626 et
2372 3562 2694 3625 neminem
2726 3562 2937 3643 diligit
2964 3562 3149 3640 DeuS,
3172 3564 3294 3626 nisi
3326 3566 3437 3647 qui
3469 3586 3729 3642 Squama.

1951 3682 2094 3727 cum
2139 3661 2451 3744 sapientia
2481 3661 2817 3723 inhabitat.
2842 3666 3080 3723 Beatus
3110 3665 3295 3724 homo
3322 3667 3440 3744 qui
3566 3675 3637 3731 34

1952 3764 2142 3823 audit
2173 3782 2271 3821 me
2313 3778 2464 3821 aure
2508 3759 2911 3834 obeditionis,
2944 3764 3062 3841 qui
3092 3763 3327 3839 viqilat
3353 3767 3441 3824 ad

1950 3863 2120 3939 fores
2154 3879 2323 3919 meas
2355 3858 2668 3937 quotidie,
2700 3856 2762 3918 id
2805 3865 2922 3935 est,
2958 3878 3135 3921 sacra
3173 3859 3311 3923 loca
3354 3860 3443 3922 di-

1950 3957 2086 4022 vini
2128 3956 2339 4019 cultus
2378 3974 2452 4017 ac
2492 3954 2961 4036 praedicationis
2998 3957 3253 4021 assidue
3292 3958 3443 4021 visi-

1949 4064 2042 4120 tat
2085 4076 2233 4119 cum
2276 4052 2609 4134 vigilantia
2652 4053 2884 4115 mentis
2928 4055 3211 4135 devotae3
3252 4066 3311 4116 ec
3337 4060 3442 4117 ob·-

1949 4166 2162 4219 servac
2196 4158 2285 4215 ad
2315 4162 2521 4231 postes
2556 4153 2707 4213 ostii
2738 4154 2891 4223 mei,
2922 4152 2986 4214 id
3016 4160 3133 4230 est,
3171 4155 3442 4218 attendit

343 4257 459 4321 est,
493 4248 686 4311 valde
736 4247 1116 4312 delectabile
1165 4248 1325 4311 mihi
1373 4257 1490 4327 est,
1537 4250 1703 4313 inter
1743 4250 1842 4331 ju-
1872 4261 1922 4323 D
1950 4254 2142 4322 verba
2173 4254 2503 4316 doctorum
2535 4270 2609 4315 ac
2640 4250 3133 4333 Scripturarum‚
3158 4272 3270 4335 per
3297 4273 3441 4335 quae

343 4355 472 4409 stos
513 4354 581 4409 et
610 4346 932 4410 virtuosos
975 4365 1087 4428 per
1124 4347 1392 4427 gratiam
1436 4348 1834 4423 commorari,

343 4454 404 4508 et
435 4446 503 4508 in
548 4464 770 4508 eorum
814 4464 1031 4510 amore
1062 4446 1411 4527 quiescere,
1448 4466 1519 4509 ac
1557 4447 1840 4511 laudabi-

343 4542 429 4605 lia
475 4561 700 4607 eorum
759 4544 1060 4607 exercitia
1117 4544 1376 4608 intueri.
1426 4546 1666 4628 Nempe
1709 4565 1839 4628 quo

346 4640 714 4725 fragiliores
744 4651 894 4705 sunt
923 4662 1038 4725 per
1065 4651 1381 4721 naturam,
1415 4663 1492 4708 eo
1522 4646 1586 4706 in
1618 4664 1839 4709 eorum

344 4749 580 4804 conatu
618 4741 697 4802 ad
745 4739 1239 4823 perficiendum,
1273 4752 1334 4805 et
1375 4744 1438 4805 in
1480 4760 1695 4826 pugna
1741 4763 1841 4809 eo-

346 4858 482 4902 rum
545 4848 770 4903 contra
819 4840 1180 4905 invisibiles
1239 4842 1452 4905 hostes
1506 4862 1580 4907 ac
1637 4844 1838 4907 aciem

344 4938 671 5013 vitiorum,
706 4938 909 5018 magis
949 4938 1249 5003 delector.
1283 4940 1547 5004 Videtur
1585 4961 1839 5025 quoque

346 5034 628 5099 increata
680 5035 1008 5118 Sapientia
1053 5036 1223 5099 istud
1271 5038 1528 5117 dixisse,
1582 5050 1842 5124 propter

345 5132 808 5197 lucarnationis
851 5135 1243 5216 mysterium,
1278 5155 1408 5218 quo
1438 5148 1840 5221 assumptura

101 5241 319 5297 &net-u.
345 5240 478 5294 erat
508 5240 804 5294 naturam
847 5230 1214 5311 humanam,
1248 5242 1309 5296 et
1343 5234 1508 5297 inter
1547 5236 1838 5302 homines

87 5306 148 5345 ³⁸·
346 5338 800 5394 conversatum
832 5349 908 5396 ex
948 5330 1148 5395 nimia
1184 5351 1300 5395 sua
1327 5333 1589 5398 caritate
1626 5336 1704 5397 ad
1733 5354 1840 5419 ge-

1951 4356 2224 4418 intratur
2258 4353 2324 4414 in
2354 4352 2613 4415 domum
2646 4350 2779 4428 Dei,
2805 4350 2871 4413 in
2901 4351 3246 4414 Ecclesiam
3275 4354 3441 4416 mili-

1950 4462 2213 4527 tantem,
2249 4470 2321 4515 ac
2355 4450 2877 4533 triumphantem.

2032 4554 2161 4623 Qui
2194 4572 2289 4613 me
2318 4551 2663 4619 invenerit,
2698 4549 2761 4611 id
2790 4557 2907 4627 est,
2923 4567 3033 4612 cor
3062 4568 3248 4612 suum
3280 4550 3439 4613 mihi
3565 4561 3635 4616 35

1948 4651 2187 4715 unierit
2208 4670 2321 4734 per
2357 4648 2550 4712 fidem
2583 4656 2647 4711 et
2676 4647 3130 4721 obedientiam,
3158 4651 3441 4709 inveniet

1949 4756 2151 4813 vitam
2186 4768 2333 4813 vere
2363 4747 2734 4823 virtuosam,
2769 4766 2842 4810 ac
2879 4745 3145 4826 gloriam
3178 4754 3442 4809 aeterna-

1950 4850 2073 4911 lem
2103 4868 2116 4912 ε
2153 4865 2269 4928 ego
2302 4846 2474 4909 enim
2508 4864 2646 4907 sum
2681 4844 2807 4922 via,
2832 4843 3067 4907 veritas
3098 4852 3161 4906 et
3191 4842 3350 4921 vita3
3380 4854 3441 4905 ec
3482 4867 3731 4916 amam,

1949 4950 2208 5009 hauriet
2234 4950 2507 5007 salutem
2537 4965 2578 5004 a
2608 4946 2910 5012 Domino,
2937 4942 2999 5005 id
3030 4950 3141 5018 est,
3169 4941 3441 5005 felicita·
3468 4932 3508 4971 ⁶·

1949 5054 2074 5108 tem
2125 5052 2422 5107 aeternam
2473 5061 2508 5104 a
2556 5040 2733 5106 fonte
2783 5042 2975 5105 totius
3023 5039 3439 5103 beatitudinis

1949 5143 2270 5206 sortietur.
2296 5144 2423 5210 Qui
2452 5152 2667 5202 autem
2687 5142 3047 5218 peccaverit
3076 5142 3149 5200 in
3180 5160 3301 5208 me,
3325 5156 3440 5222 per
3566 5154 3637 5211 36

1951 5240 2517 5321 transgressionem
2562 5238 2882 5321 praecepti,
2927 5242 3109 5300 loedet
3142 5239 3439 5301 animam

1948 5360 2163 5413 suam,
2197 5338 2262 5401 id
2312 5346 2429 5415 est,
2480 5336 2606 5400 sibi
2655 5336 2802 5419 ipsi,
2848 5354 2978 5401 non
3026 5335 3209 5411 mihi,
3260 5355 3440 5402 noce·
