4284 6267
206 2368 257 2421 Η

196 3162 254 3217 {2

200 3746 259 3801 13

198 4825 254 4881 ss

1017 516 1375 564 mumulo
1416 518 1481 565 m
1524 518 1663 565 CAP.
1708 518 1837 565 XXX
1877 518 2359 568 Pnovmlonun.
2403 542 2486 551 —
2523 523 2667 569 ART-
2711 524 2840 569 m

3358 504 3474 573 187

369 687 675 769 perpauci
708 695 863 751 sunt
898 687 1015 770 qui
1054 707 1183 752 non
1225 688 1579 752 abutuntur
1608 688 1875 767 divitiis,
1907 689 1958 751 A
1986 690 2087 752 dis
2116 692 2513 757 documentis
2544 693 2847 756 inficiunt
2874 694 3056 773 alios,
3081 704 3142 759 et
3171 697 3481 760 detracto-

368 792 431 847 et
458 787 667 849 multa
706 787 867 851 vitia
896 786 990 851 eis
1022 788 1229 851 solent
1258 806 1397 850 esse
1425 806 1693 851 annexa.

447 888 553 949 Ne
581 906 835 947 accuses
872 908 1131 947 servum
1164 890 1253 947 ad
1284 889 1624 948 dominum
1660 908 1873 949 suum.

368 984 451 1047 Dc
476 983 654 1065 quali
685 985 1093 1049 accusatione
1117 984 1603 1066 intelligendum
1637 984 1717 1047 sit
1742 985 1878 1063 hoc,

366 1092 617 1145 constat
674 1102 755 1147 ex
809 1102 887 1147 eo
946 1084 1117 1167 quod
1176 1083 1471 1147 subditur
1518 1100 1533 1145 ε
1582 1104 1661 1145 ne
1712 1086 1880 1162 forte

368 1186 717 1244 maledicat
751 1185 888 1251 tibi,
910 1192 968 1243 et
996 1202 1281 1252 corruas,
1307 1182 1371 1245 id
1401 1190 1519 1261 est,
1548 1200 1627 1245 ne
1658 1201 1877 1247 servus

370 1278 461 1342 sic
506 1288 869 1357 accusatuS,
906 1281 1293 1363 imprecetur
1335 1280 1449 1343 tibi
1496 1282 1781 1359 adversa,
1815 1290 1876 1344 et

368 1380 749 1442 exaudiatur
778 1399 815 1443 a
844 1380 1135 1459 Domino,
1166 1382 1256 1443 ita
1280 1382 1453 1464 quod
1486 1400 1742 1463 pressus
1768 1382 1878 1443 ad-

368 1479 571 1541 vorsis
632 1479 893 1543 labaris.
946 1480 1163 1561 ltaque
1208 1481 1289 1543 de
1339 1479 1743 1544 accusatione
1800 1500 1877 1544 ex

370 1576 637 1654 invidia,
671 1587 782 1640 aut
816 1578 1215 1656 crudelitate,
1250 1598 1359 1642 seu
1400 1579 1528 1642 alia
1556 1599 1752 1661 prava
1782 1601 1877 1643 ra-

368 1676 509 1739 dice
562 1678 943 1759 prodeunte,
1011 1677 1393 1757 intelligitur
1444 1678 1635 1740 istud.
1695 1678 1875 1742 Com-

368 1776 743 1857 patiendum
801 1784 899 1839 est
952 1776 1192 1841 etenim
1245 1777 1467 1853 serviS,
1521 1776 1873 1859 praesertim

1988 808 2087 852 res
2126 809 2200 853 ac
2239 791 2652 856 seminatores
2693 794 3044 869 discordiae,
3073 802 3138 857 et
3173 794 3286 877 qui
3315 795 3483 859 bona

1986 888 2296 952 devorant
2336 890 2632 966 aliorum,
2678 892 3028 973 praesertim
3076 893 3484 976 impotentio-

1988 1006 2154 1049 rum.
2213 988 2389 1052 Unde
2446 990 2858 1071 subjungitur
2911 1009 2924 1053 :
2977 1002 3037 1053 ec
3083 996 3482 1055 commandit

1988 1089 2340 1147 molaribus
2367 1090 2526 1159 suis,
2560 1089 2622 1150 id
2653 1097 2770 1165 est,
2804 1089 3154 1171 maj0ribus
3181 1091 3483 1154 dentibus

1986 1184 2117 1247 suis
2150 1187 2510 1262 manducat,
2545 1192 2922 1249 accomodat
2943 1192 3159 1267 inopes
3179 1192 3258 1251 de
3283 1200 3479 1263 terra,

1986 1283 2050 1346 id
2096 1293 2213 1362 est,
2248 1304 2598 1367 pauperum
2643 1285 2812 1349 bona
2849 1296 3202 1364 consumat,
3235 1288 3335 1351 vel
3375 1308 3482 1351 eos

1985 1382 2252 1459 occidat,
2294 1394 2355 1445 ec
2373 1402 2691 1462 pauperes
2722 1405 2804 1444 coe
2839 1388 3228 1456 hominibusi,
3261 1386 3323 1449 id
3361 1395 3478 1463 est,

1984 1482 2063 1545 dc
2102 1481 2313 1545 medio
2352 1481 2684 1545 hominum
2728 1482 2928 1561 tollat,
2959 1483 3254 1565 expellat,
3292 1484 3483 1549 inter-

1986 1580 2244 1646 ficiatve
2283 1598 2538 1661 egenoS,
2575 1582 2675 1644 vel
2716 1581 3134 1665 spiritualiter
3171 1601 3480 1665 pauperes

1982 1689 2046 1743 et
2076 1698 2332 1759 egenOS,
2365 1688 2516 1763 puta
2548 1680 2837 1762 pusiHOS,
2873 1680 3218 1762 simpliceS,
3254 1680 3482 1764 imper-

1984 1778 2210 1855 fectOS‚
2265 1779 2666 1856 scandalizet,
2715 1778 3014 1862 decipiat,
3064 1800 3138 1843 ac
3187 1778 3357 1842 intus
3411 1782 3475 1844 in

368 1873 715 1956 empticiis‚
760 1884 825 1937 et
862 1875 973 1957 qui
1014 1875 1310 1939 dominos
1350 1874 1587 1939 habent
1628 1876 1819 1939 duros
1853 1896 1867 1939 :
1901 1874 1948 1936 B
1981 1876 2199 1939 anima
2256 1878 2546 1959 perimat.
2598 1877 2775 1941 Unde
2832 1878 3116 1959 loquitur
3173 1868 3477 1942 Dominus

368 1971 509 2035 ideo
540 1990 829 2035 seorsum
863 1981 1011 2035 sunt
1038 1974 1442 2037 admonendi.
1458 1973 1632 2049 Quod
1664 1975 1717 2037 si
1748 1993 1868 2037 non

368 2071 833 2152 acquieverint,
894 2070 996 2135 vel
1054 2070 1299 2153 aliquid
1356 2080 1576 2135 contra
1630 2072 1869 2136 bonum

368 2186 711 2232 commune
740 2177 1053 2233 attentare
1084 2170 1629 2252 praesumpserint,
1661 2179 1873 2234 essent

370 2265 591 2349 utique
623 2267 993 2332 accusandi.

466 2368 837 2438 GeneratiO,
896 2366 960 2429 id
1016 2374 1133 2445 est,
1189 2367 1479 2449 quaedam
1540 2366 1871 2430 hominum

370 2464 663 2527 collectio
703 2472 823 2541 est,
870 2486 1013 2543 quoe
1052 2468 1239 2545 patri
1292 2486 1407 2527 suo
1446 2464 1710 2542 carnali,
1759 2485 1869 2529 seu

370 2562 714 2645 spirituali,
747 2570 860 2625 aut
888 2563 1082 2626 etiam
1111 2565 1237 2627 Deo
1267 2564 1713 2646 omnipotenti,
1740 2587 1874 2627 ma-

370 2664 587 2722 ledicit
615 2682 638 2721 .·
672 2660 840 2723 sicut
878 2660 1259 2725 Marcionitae
1299 2671 1363 2726 et
1398 2664 1745 2742 Manichaei,
1779 2664 1873 2726 di-

367 2768 579 2823 centes
628 2760 828 2823 Deum
880 2758 1039 2841 legis
1086 2779 1159 2824 ac
1206 2760 1682 2843 Prophetarum,
1732 2782 1871 2826 esse

368 2858 647 2921 totaliter
698 2858 937 2920 malum
988 2866 1181 2941 atque
1230 2860 1591 2943 crudelem3
1631 2872 1690 2923 et
1728 2884 1873 2943 quoe

367 2960 567 3019 matri
594 2978 733 3019 suoe
760 2978 893 3019 non
926 2960 1268 3028 benedicit,
1299 2958 1361 3021 id
1408 2967 1505 3021 est
1546 2961 1871 3039 generatio

1982 1995 2095 2057 pcr
2134 1975 2509 2059 Prophetam
2545 1994 2560 2037 ε
2599 1975 2719 2039 Vos
2749 1976 2997 2057 depasti
3037 1976 3190 2039 estis
3222 1976 3478 2039 vineam
3543 2002 3607 2046 1„
3629 2016 3686 2055 m,
3709 2004 3774 2048 μ,

1982 2092 2212 2151 meam,
2247 2082 2311 2135 et
2339 2073 2560 2155 rapina
2589 2074 2886 2156 pauperis
2926 2074 2992 2136 in
3022 2075 3212 2139 domo
3241 2082 3473 2137 vestra.
3514 2067 3576 2107 ¹⁵·

1980 2172 2183 2247 Quare
2223 2171 2494 2235 atteritis
2540 2172 2846 2255 populum
2891 2192 3127 2251 meum,
3175 2181 3238 2237 et
3281 2172 3478 2237 facies

1980 2290 2334 2353 pauperum
2385 2271 2804 2335 commolitis?
2836 2272 2912 2335 Et
2955 2271 3287 2335 Malachias
3336 2290 3480 2355 pro-

1980 2370 2170 2452 pheta
2202 2368 2288 2431 ait
2325 2387 2339 2431 ε
2372 2370 2495 2432 Vos
2526 2377 2735 2434 autem
2770 2371 3118 2435 recessistis
3148 2372 3227 2434 de
3256 2370 3382 2449 via,
3417 2378 3481 2435 et
3519 2386 3775 2439 Malacha,

1980 2466 2458 2530 scandalizastis
2488 2467 2800 2550 plurimos
2833 2469 2898 2532 in
2932 2469 3090 2549 lege.

2064 2568 2498 2644 Sanquisuyoe
2537 2570 2684 2630 ἅμα»
2719 2578 2876 2629 sunt
2911 2570 3095 2647 filice,
3135 2570 3416 2631 dicentes
3455 2591 3477 2630 .·

1980 2666 2188 2743 Assem
2213 2670 2394 2743 affer.
2430 2664 2826 2748 Sanguisuga
2859 2666 3094 2729 dicitur
3121 2666 3302 2749 quasi
3335 2686 3516 2753 san--

1980 2762 2242 2843 guinem
2274 2782 2506 2843 sugens
2543 2782 2556 2826 ε
2593 2766 2775 2847 cujus
2815 2764 3116 2827 dicuntur
3152 2784 3292 2828 esse
3322 2764 3479 2828 filiae

1981 2863 2138 2939 duae,
2161 2862 2462 2943 quoniam
2492 2862 2616 2925 duo
2649 2872 2797 2925 suut
2824 2862 2996 2940 vitia,
3011 2863 3279 2926 bestiam
3311 2862 3478 2927 han'c

1980 2960 2344 3044 specialiter
2373 2959 2710 3037 imitantia,
2746 2968 2964 3043 utpote
2992 2962 3258 3025 avaritia
3287 2971 3478 3044 atquc

368 3074 493 3118 non
523 3056 917 3119 benedicens
948 3055 1269 3133 Ecclesiae,
1294 3065 1404 3120 aut
1434 3058 1621 3119 matri
1654 3078 1873 3121 carna·
1906 3064 1949 3127 C
1981 3058 2254 3121 luxuria.
2288 3056 2438 3119 Nam
2484 3056 2648 3119 sicut
2685 3059 3070 3141 sanguisuga
3107 3059 3283 3122 velut
3312 3060 3479 3123 insa-

370 3153 435 3227 li,
478 3162 588 3217 aut
638 3154 987 3238 spirituali.
1036 3158 1380 3216 Generacio
1418 3157 1709 3238 quaedam
1749 3166 1866 3235 est,

368 3274 508 3333 quoe
544 3254 673 3313 sibi
710 3256 961 3314 munda
996 3271 1137 3316 csse
1184 3256 1469 3324 videtur,
1512 3253 1575 3315 id
1616 3262 1710 3317 est
1755 3254 1871 3316 im-

366 3353 579 3415 munis
608 3370 647 3414 a
680 3350 879 3429 vitiis,
904 3359 973 3413 ut
1006 3370 1321 3435 pauperes
1351 3351 1430 3415 de
1463 3352 1785 3433 Lugduno,
1808 3364 1871 3418 et

364 3449 696 3513 Novatiani
734 3449 1039 3527 haeretici,
1072 3450 1357 3513 dicentes
1393 3468 1461 3513 se
1490 3450 1869 3532 poenitentia

368 3566 491 3610 uon
544 3566 754 3628 egere,
806 3556 872 3611 et
929 3548 1114 3612 liberi
1169 3548 1456 3630 spirituS,
1512 3559 1867 3613 asserentes

366 3666 433 3709 se
480 3664 749 3727 peccare
791 3665 919 3709 non
970 3666 1191 3729 posse3
1237 3658 1296 3708 et
1346 3658 1561 3709 tamen
1604 3668 1735 3709 non
1780 3659 1869 3709 esc

364 3747 495 3804 lota
532 3765 576 3804 a
617 3745 913 3803 sordibus
960 3748 1119 3805 suis.
1175 3748 1517 3806 Generatio
1570 3746 1868 3826 quaedam

364 3840 711 3924 est,cujus
748 3842 987 3900 eoecelsi
1020 3852 1173 3901 sunt
1210 3845 1409 3913 oculi,
1447 3852 1508 3903 ec
1540 3845 1869 3921 palpebroe

364 3940 502 4017 ejus
544 3941 620 3999 in
663 3942 877 3999 altum
916 3949 1219 4000 surrectoe
1258 3961 1280 4000 .·
1325 3939 1389 4003 id
1432 3948 1549 4017 est,
1599 3941 1861 4022 quidam

364 4045 507 4100 sunt
551 4036 640 4099 ita
680 4035 946 4120 superbi
984 4044 1045 4099 et
1086 4037 1381 4114 animosi,
1426 4040 1597 4120 quod
1639 4040 1861 4103 eadem

364 4135 767 4199 contumacia
795 4143 1063 4217 apparet
1094 4135 1160 4197 in
1191 4135 1632 4217 dispositione,
1668 4157 1865 4221 appa-

1980 3156 2288 3219 tiabiliter
2315 3156 2688 3235 sanguinem
2731 3156 2866 3218 sitit
2893 3177 2966 3219 ac
3006 3157 3231 3235 ebibit,
3267 3158 3358 3221 sic
3387 3159 3479 3221 vi-

1980 3252 2066 3315 tia
2095 3251 2219 3314 ista
2249 3270 2501 3334 semper
2529 3252 2605 3314 ad
2634 3251 2946 3334 ampliora
2976 3252 3299 3315 anhelant.
3336 3254 3479 3318 ldeo

1977 3351 2484 3434 unumquodque
2541 3368 2758 3413 eorum
2810 3349 3180 3432 perhibetur
3237 3352 3473 3430 dicere,

1978 3448 2178 3525 Affer,
2231 3447 2400 3511 affer
2449 3466 2463 3510 :
2511 3448 2664 3529 quia
2713 3447 2980 3512 inclinat
3029 3467 3214 3511 suum
3269 3450 3480 3532 subje-

1976 3555 2150 3611 ctum
2198 3549 2278 3611 ad
2343 3548 2706 3625 dicendum,
2762 3548 3003 3625 Adhuc,
3059 3548 3268 3612 adhuc
3317 3550 3475 3612 mihi

1978 3647 2162 3729 plura
2209 3647 2479 3730 obiecta,
2533 3646 2632 3710 vel
2683 3647 2902 3709 eadem
2957 3646 3192 3728 saepius
3249 3650 3480 3730 repeti-

1978 3754 2062 3807 ta.
2100 3745 2255 3809 Hinc
2284 3746 2373 3809 ait
2403 3746 2822 3828 Hieronymus
2857 3763 2871 3808 :
2908 3745 3131 3809 Libido
3165 3754 3482 3810 transacta

1977 3844 2442 3926 poenitudinem
2495 3863 2747 3926 semper
2797 3844 3138 3927 relinquit3
3197 3865 3315 3909 nec
3363 3865 3479 3909 un-

1976 3960 2170 4023 quam
2211 3942 2496 4019 satiatur,
2534 3943 2662 4006 imo
2693 3943 3005 4007 exstincta
3045 3944 3480 4008 reinflamma-

1977 4048 2093 4109 tur,
2112 4059 2232 4101 usu
2254 4039 2478 4103 crescit
2495 4060 2512 4121 3
2535 4059 2654 4103 nec
2673 4041 2905 4105 rationi
2925 4043 3158 4121 obedit,
3175 4043 3478 4126 quoniam

1978 4138 2221 4220 impetu
2271 4138 2549 4201 ducitur.
2603 4139 2687 4201 De
2737 4141 3004 4203 avaritia
3051 4160 3201 4207 vcro
3251 4142 3481 4205 asserit

364 4244 523 4311 ratu,
558 4235 886 4298 erectione
926 4232 1349 4315 corporalium
1393 4234 1723 4297 oculorum
1764 4256 1863 4299 eo·
1894 4240 1944 4302 D
1975 4234 2366 4315 Augustinus
2419 4252 2434 4297 t
2485 4236 2726 4301 Avarus
2776 4237 3030 4301 inferno
3079 4249 3175 4302 cst
3222 4240 3473 4305 similiS.

215 4362 250 4400 u,
312 4384 323 4393 .
364 4351 524 4395 rum.
546 4333 729 4396 Unde
759 4332 949 4395 isaias
980 4332 1136 4394 dicit
1169 4351 1183 4395 ε
1218 4330 1393 4395 Oculi
1434 4332 1727 4396 sublimis
1757 4334 1862 4399 ho-

362 4430 551 4494 minis
593 4431 917 4493 humiliati
960 4439 1127 4493 sunt.
1173 4430 1249 4493 Et
1298 4431 1363 4493 in
1411 4431 1527 4495 Job
1570 4432 1805 4496 dicitur
1840 4456 1855 4500 ε

226 4560 261 4597 v,
300 4550 334 4593 ε.
361 4529 514 4604 Quid
562 4538 625 4592 te
663 4528 875 4591 elevat
910 4547 1021 4591 cor
1057 4535 1262 4605 tuum,
1305 4537 1368 4591 et
1405 4529 1587 4609 quasi
1632 4548 1863 4612 magna

360 4629 667 4709 cogitanS,
700 4625 1005 4691 attonitos
1043 4626 1237 4691 babes
1272 4626 1528 4691 oculos?
1558 4628 1740 4693 Tales
1772 4630 1862 4693 fu-

358 4736 541 4790 erunt
580 4724 1034 4809 superbissimi
1073 4725 1317 4789 Ariani.

440 4827 785 4887 Gener-atio
818 4824 1107 4905 quaedam
1154 4832 1272 4901 est,
1306 4844 1449 4904 quoe
1478 4845 1603 4903 pro
1645 4829 1860 4889 denti-

358 4926 469 4985 bus
487 4926 753 5001 gladios
794 4925 1003 4995 habet,
1037 4922 1100 4984 id
1146 4929 1264 4996 est,
1298 4922 1485 5003 cujus
1530 4924 1754 4988 dentes
1797 4935 1861 4989 et

356 5020 573 5103 lingua
606 5021 843 5103 gladiis
882 5020 1342 5097 assimilantur,
1374 5022 1555 5102 juxta
1588 5023 1746 5085 illud
1790 5024 1857 5087 in

202 5154 221 5182 t
258 5176 268 5193 ,
301 5176 315 5190 ,
356 5120 599 5184 Psalmo
636 5138 651 5183 :
684 5120 834 5183 Filii
862 5120 1220 5197 hominum,
1256 5120 1479 5183 dentes
1508 5139 1727 5185 eorum
1760 5143 1857 5186 ar-

355 5238 457 5281 ma
501 5228 567 5283 et
616 5218 885 5299 sagittae,
938 5226 1002 5281 et
1056 5217 1277 5299 lingua
1334 5237 1555 5282 eorum
1605 5220 1856 5302 gladius

354 5326 595 5381 acutus.
631 5314 815 5380 Tales
853 5324 1003 5379 sunt
1029 5315 1143 5397 qui
1184 5316 1515 5379 venenatis
1554 5336 1626 5381 ac
1656 5318 1856 5401 perfi-

1974 4334 2271 4397 Insernus
2321 4334 2494 4397 enim
2542 4344 3093 4418 quantoscumque
3141 4339 3472 4420 deglutiat,

1977 4452 2306 4515 nunquam
2347 4432 2523 4509 dicit,
2557 4433 2721 4495 Satis
2754 4443 2848 4497 est
2885 4455 2899 4499 ε
2937 4434 3029 4498 sic
3067 4436 3212 4498 etsi
3254 4455 3477 4501 omnes

1972 4531 2257 4594 thesauri
2306 4531 2745 4595 confluxerint
2794 4531 2857 4594 in
2909 4532 3193 4611 avarum,
3243 4554 3368 4599 non
3417 4538 3475 4600 ei

1974 4628 2285 4693 sufficiet.
2310 4630 2457 4705 Quae
2485 4639 2582 4694 est
2613 4630 2737 4694 ista
2766 4632 3143 4714 cupidorum
3177 4634 3470 4713 aviditas,

1974 4748 2172 4810 quum
2225 4737 2288 4792 et
2345 4730 2567 4794 bestiae
2625 4729 2901 4794 habeant
2958 4731 3251 4794 modum?
3300 4733 3475 4797 Tunc

1971 4827 2143 4890 enim
2197 4826 2476 4910 rapiunt,
2531 4830 2786 4909 quando
2833 4829 3154 4909 esuriunt3
3206 4840 3476 4912 parcunt

1972 4934 2184 4989 autem
2217 4928 2466 5009 praedae,
2501 4946 2700 5009 quum
2739 4928 3054 4990 senserint
3093 4929 3470 4994 satietatem.

1972 5025 2356 5088 Insatiabilis
2404 5034 2500 5088 est
2549 5024 2816 5088 avaritia
2865 5025 3234 5107 iniquorum
3275 5048 3290 5092 :
3332 5048 3474 5110 quae

1973 5124 2160 5206 rapit,
2213 5142 2330 5187 nec
2371 5122 2636 5185 satiatur
2651 5141 2668 5201 ;
2703 5142 2820 5186 nec
2863 5124 3057 5186 Deum
3109 5124 3308 5201 timet,
3357 5146 3474 5191 nec

1969 5221 2294 5285 hominem
2339 5228 2693 5299 reveretur3
2727 5240 2844 5284 nee
2883 5222 3050 5303 patri
3093 5223 3314 5304 parcit,
3351 5244 3469 5288 nec

1968 5329 2236 5385 matrem
2275 5317 2630 5402 cognoscit3
2663 5337 2781 5382 nec
2825 5318 3004 5385 fratri
3046 5321 3465 5407 obtemperat,

3609 2580 3676 2635 15
