4284 6267
46 1279 253 1332 &clami
262 1282 301 1324 ὃ.

54 2071 185 2116 Pron.
200 2085 243 2121 x,
263 2075 307 2115 7.

48 2368 253 2417 &eclani
268 2372 281 2411 Ι
294 2400 307 2411 .

46 3254 61 3296 l
72 3256 176 3299 Par.
188 3268 311 3303 1¹11.

48 3322 111 3362 ¹⁵.

80 3456 157 3501 Pe.
176 3470 232 3509 α,
248 3458 293 3498 4.

47 3844 125 3888 ,1οὸ
141 3860 227 3897 xvi,
242 3847 317 3889 23.

102 4347 277 4393 Manli.

52 4413 323 4465 :musaea

81 4733 156 4778 Pe.
179 4747 327 4785 xum,

62 4798 121 4839 13.

174 5222 213 5277 6

1045 501 1399 549 mannum
1441 503 1505 549 IN
1548 502 1686 550 GAP.
1732 503 1777 549 Π
1820 502 1977 549 unm
2019 504 2378 551 SAPmNTIAE.
2423 524 2504 533 —
2544 506 2685 553 Am.
2733 506 2778 553 11

3337 488 3456 553 463

336 684 563 754 aestuS,
598 694 728 758 quo
758 693 901 740 raro
928 674 1117 759 pluit,
1151 674 1318 739 sicut
1344 685 1409 740 et
1431 684 1713 761 tempore
1745 676 1849 739 fri·
1877 672 1929 735 A
1958 684 2226 752 sentem,
2281 696 2398 742 nec
2443 678 2801 754 retributio,
2845 675 2976 741 imo
3028 696 3148 743 nec
3196 677 3454 741 tandem

332 774 519 853 goris
560 774 843 838 maximi.
877 775 1159 838 Intentus
1199 774 1498 857 equidem
1547 774 1719 839 calor
1746 795 1849 841 va-

336 890 537 955 pores
566 873 759 937 nubis
787 874 1083 939 dissolvit
1111 874 1249 939 sive
1276 873 1630 955 consumit3
1661 875 1849 938 vehe-

338 989 531 1034 mens
559 991 715 1036 vero
743 972 945 1054 frigus
976 991 1083 1038 eos
1112 972 1503 1053 constringit.
1517 975 1603 1035 Et
1622 994 1847 1036 nomen

336 1081 644 1133 nostrum
682 1073 1071 1135 oblivionem
1111 1074 1384 1152 accipiet
1418 1092 1539 1151 per
1568 1082 1837 1150 tempus,

338 1168 413 1231 id
445 1177 563 1247 est,
586 1170 894 1253 paulatim
924 1170 1187 1234 deficiet
1214 1170 1525 1235 memoria
1553 1188 1843 1253 personae

336 1286 419 1331 ac
451 1268 733 1332 nominis
763 1268 966 1333 nostri
990 1270 1207 1351 :juxta
1238 1269 1413 1346 illud,
1436 1268 1668 1332 Futura
1697 1277 1845 1332 tem-

334 1384 502 1450 pora
530 1366 857 1431 oblivione
894 1376 1125 1432 cuncta
1161 1368 1475 1450 operient.
1509 1367 1840 1431 Verumta-

334 1485 515 1540 men,
552 1465 719 1529 sicut
753 1466 957 1548 aliqui
995 1465 1078 1530 ob
1115 1473 1374 1529 actuum
1413 1483 1675 1529 suorum
1708 1466 1843 1529 lau-

334 1565 622 1630 dabilem
670 1565 1110 1643 eminentiam,
1162 1564 1535 1647 relinquunt
1584 1574 1728 1649 post
1772 1584 1842 1629 se

335 1672 715 1747 perpetuam
776 1664 876 1727 sui
932 1663 1305 1728 memoriam
1336 1682 1352 1742 3
1405 1664 1491 1727 ita
1546 1662 1840 1729 nonnulli

338 1772 605 1846 propter
659 1763 1049 1847 praecipuam
1101 1782 1280 1826 suam
1334 1762 1837 1846 perversitatem,

1956 775 2283 853 memoria,
2319 794 2447 841 non
2485 795 2843 858 quaeramus
2881 776 3004 839 nisi
3044 775 3448 840 delectabilia

1955 874 2154 949 carni,
2195 883 2260 937 et
2299 874 2748 939 desiderabilia
2789 875 2981 956 hujus
3019 874 3268 937 mundi.
3299 872 3448 947 Qui-

1954 975 2101 1037 dam
2149 982 2362 1037 autem
2413 974 2705 1056 quamvis
2755 992 2884 1038 non
2925 974 3258 1037 crederent
3303 990 3444 1037 esse

1953 1073 2150 1137 vitam
2181 1081 2324 1155 post
2351 1073 2559 1152 istam,
2595 1082 2806 1137 tamen
2839 1071 3156 1136 desiderio
3197 1088 3444 1152 magnas

1953 1168 2160 1249 famae,
2194 1189 2322 1252 qua
2369 1170 2435 1233 in
2483 1170 2808 1235 memoriis
2859 1170 3192 1235 hominum
3241 1187 3445 1233 rema-

1952 1276 2198 1347 nerent,
2233 1270 2613 1333 studuernnt
2639 1287 2826 1350 agere
2856 1270 3144 1351 quaedam
3182 1267 3352 1331 bona
3381 1273 3450 1329 et

1951 1385 2192 1448 magna.
2213 1366 2321 1430 Isti
2344 1386 2494 1432 vero
2525 1367 3000 1432 considerantes
3031 1366 3270 1430 famam
3301 1382 3458 1448 quo-

1950 1484 2076 1548 que
2122 1468 2374 1530 tandem
2417 1466 2720 1543 deficere,
2767 1474 2899 1530 toto
2945 1467 3190 1548 impetu
3241 1465 3458 1546 elege—

1951 1574 2102 1628 runt
2144 1585 2369 1630 vacare
2419 1565 2674 1630 libidini
2720 1583 2734 1627 :
2782 1566 3326 1647 quemadmodum
3386 1564 3451 1627 in

1949 1664 2330 1729 Ecclesiaste
2359 1685 2437 1730 ex
2464 1684 2735 1749 persona
2767 1666 2991 1729 talium
3021 1666 3259 1745 legitur
3292 1683 3306 1728 ε
3341 1666 3451 1729 Co-

1952 1765 2133 1827 mede
2164 1764 2230 1827 in
2261 1764 2480 1828 laetitia
2521 1782 2750 1846 panem
2783 1772 2987 1843 tuum,
3021 1773 3087 1828 et
3123 1764 3273 1828 bibe
3301 1783 3450 1828 cum

338 1868 607 1925 manent
634 1862 702 1924 in
732 1869 1041 1945 perpetua
1068 1862 1339 1955 quadam
1366 1862 1695 1925 hominum
1726 1880 1844 1923 me-
1878 1856 1925 1917 B
1950 1863 2351 1943 jucunditate
2393 1862 2616 1927 vinum
2666 1871 2886 1943 tuum;
2935 1862 3268 1946 perfruere
3320 1864 3450 1927 vita

338 1960 550 2024 moria
578 1980 727 2025 cum
756 1960 1095 2043 vituperiis
1130 1978 1143 2023 :
1174 1961 1357 2042 juxta
1391 1961 1562 2043 quod
1604 1960 1669 2023 in
1700 1960 1845 2023 Pro-

340 2058 585 2122 verbiis
631 2060 945 2141 scriptum
992 2067 1109 2137 est,
1154 2058 1449 2123 Memoria
1495 2058 1652 2140 justi
1695 2076 1843 2121 cum

1952 1982 2099 2025 cum
2147 1980 2343 2026 uxore
2389 1981 2577 2044 quam
2635 1962 2850 2041 diligis
2888 1980 2902 2026 :
2945 1963 3079 2026 haec
3129 1972 3227 2026 est
3275 1963 3449 2026 enim

1958 2080 2103 2144 pars
2133 2069 2264 2124 tua.
2299 2064 2386 2123 Et
2409 2072 2678 2123 utamur
2705 2071 3006 2123 creatura
3038 2072 3351 2143 tanquam
3381 2066 3455 2127 in

340 2157 552 2234 laude,
590 2156 825 2222 nomen
864 2157 1210 2240 impiorum
1242 2166 1581 2241 putrescet.
1619 2160 1704 2219 Et
1736 2178 1846 2219 ne-
1937 2161 2289 2238 juventute
2316 2161 2628 2231 celeriter,
2652 2160 2716 2223 id
2747 2169 2864 2239 est,
2891 2159 3082 2223 rebus
3112 2160 3341 2225 creatis
3371 2163 3451 2225 ad

340 2278 443 2319 mo
466 2260 845 2320 memoriam
863 2259 1117 2319 habebit
1139 2277 1405 2336 operum
1434 2268 1803 2319 nostrorum
1820 2277 1843 2317 :

339 2363 535 2437 prout
554 2355 633 2419 „in
662 2354 1043 2419 Ecclesiaste
1073 2354 1343 2419 habetur
1376 2371 1391 2417 ε
1424 2354 1559 2419 Non
1589 2363 1685 2417 est
1717 2353 1846 2437 pri-

338 2470 526 2516 orum
576 2453 927 2533 memoria;
978 2454 1088 2516 sed
1142 2472 1257 2516 nec
1301 2471 1524 2517 eorum
1580 2452 1841 2535 quidem

339 2571 487 2634 quae
537 2560 759 2635 postea
818 2550 1036 2615 futura
1090 2558 1260 2629 sunt,
1314 2551 1437 2615 erit
1488 2551 1844 2615 recordatio

339 2652 512 2733 apud
547 2669 658 2714 eos
698 2648 811 2733 qui
852 2649 1055 2713 futuri
1086 2658 1236 2713 sunt
1278 2649 1345 2712 in
1388 2649 1763 2714 novissimo.

434 2751 688 2812 Umbroe
733 2749 913 2810 enim
958 2749 1272 2810 transitus
1318 2758 1407 2809 est
1452 2757 1696 2826 tempus
1734 2767 1849 2809 no-

338 2856 555 2909 strum
582 2868 607 2907 .·
638 2846 703 2909 id
731 2855 850 2924 est,
886 2846 1137 2910 duratio
1167 2846 1315 2911 vitae
1344 2854 1598 2923 nostras,
1632 2844 1846 2909 brevis

340 2964 417 3008 ac
446 2944 747 3009 defluens
778 2953 895 3023 est,
932 2944 1098 3008 sicut
1136 2944 1509 3027 apparentia
1549 2944 1792 3008 umbrae
1829 2962 1843 3006 ε

1957 2255 2212 2320 libitum
2253 2257 2392 2320 sine
2431 2275 2606 2321 mora
2641 2257 3088 2322 inhaereamus.
3127 2262 3285 2322 Vino
3311 2280 3459 2339 pre-

1957 2358 2139 2427 tios0,
2170 2363 2481 2438 quantum
2525 2356 2606 2418 ad
2650 2365 2933 2438 gustum,
2976 2368 3034 2419 et
3079 2361 3457 2435 unquentis,

1956 2454 2167 2536 quoad
2225 2462 2460 2517 tactum
2517 2463 2580 2517 et
2626 2455 2982 2532 odoratum,
3029 2477 3142 2518 nos
3191 2460 3460 2537 implea-

1958 2574 2123 2623 mus,
2157 2563 2476 2635 quatenus
2513 2554 2750 2634 singuli
2792 2573 3018 2617 sensus
3056 2556 3257 2619 nostri
3291 2556 3460 2620 dele—

1957 2651 2348 2716 ctationibus
2380 2660 2640 2715 utantur
2668 2653 3055 2734 objectorum
3085 2672 3343 2719 suorum
3362 2674 3378 2736 ;
3400 2666 3460 2717 et

1958 2771 2089 2812 non
2133 2760 2478 2828 proetereat
2517 2771 2632 2813 nos
2667 2755 2787 2829 flos
2839 2754 3139 2830 temporis
3169 2775 3193 2813 .·
3226 2754 3288 2815 id
3337 2762 3454 2831 est,

1956 2847 2471 2925 adolescentiam,
2504 2867 2617 2912 seu
2645 2849 3048 2930 juventutem
3079 2859 3314 2914 nostrae
3348 2852 3459 2914 du-

1958 2945 2246 3025 rationiS,
2301 2964 2430 3009 non
2480 2948 2911 3029 expendamus
2965 2948 3209 3030 absque
3257 2948 3460 3013 abun-

343 3062 489 3125 quae
519 3045 874 3107 secundum
906 3052 1148 3108 motum
1180 3041 1567 3107 ambulantis
1597 3042 1849 3106 videtur
1885 3043 1929 3107 C
1958 3044 2176 3107 dantia
2226 3045 2646 3127 voluptatum.
2703 3048 3086 3109 Coronemus
3134 3068 3249 3109 nos
3298 3051 3460 3110 rosis

342 3143 712 3225 procedere,
738 3150 801 3205 et
838 3142 1171 3207 celerrime
1200 3142 1542 3205 evanescit.
1578 3141 1756 3205 Unde
1784 3148 1849 3205 et

342 3240 557 3323 primo
584 3239 1113 3322 Paralipomenon
1145 3239 1452 3303 habetur:
1475 3240 1617 3303 Dies
1648 3239 1847 3303 nostri

344 3338 533 3421 quasi
585 3338 813 3402 umbra
869 3358 1063 3423 super
1112 3346 1368 3414 terram,
1422 3346 1487 3401 et
1530 3337 1706 3401 nulla
1754 3345 1852 3401 est

345 3455 561 3517 mora;
594 3444 660 3501 et
688 3438 757 3500 in
785 3437 1054 3515 Psalmo,
1085 3436 1246 3511 Quia
1285 3436 1657 3501 defecerunt
1684 3436 1851 3500 sicut

350 3532 571 3599 fumus
612 3535 751 3599 dies
794 3536 943 3599 mei.
977 3539 1064 3599 Et
1094 3556 1224 3597 non
1262 3545 1353 3597 est
1390 3538 1665 3597 reversio
1692 3536 1851 3613 finis

348 3636 561 3697 nostri
588 3634 711 3697 :id
752 3642 871 3711 est,
906 3642 1051 3717 post
1097 3642 1365 3699 mortem
1406 3653 1533 3698 non
1581 3642 1853 3698 reverte-

348 3752 498 3796 mur
526 3732 607 3795 ad
636 3732 833 3797 vitam
873 3733 1036 3796 hanc
1070 3750 1084 3795 :
1119 3732 1287 3796 sicut
1316 3741 1379 3795 et
1408 3739 1665 3796 sanctus
1702 3730 1846 3810 Job,

347 3830 556 3907 Viam,
591 3830 825 3914 inquit,
862 3850 976 3914 per
1005 3851 1201 3914 quam
1232 3850 1361 3895 non
1393 3838 1696 3908 revertar,
1728 3850 1853 3893 am-

349 3929 527 3994 bulo.
564 3933 889 3999 Quoniam
916 3933 1297 4008 consiynata
1324 3940 1438 4000 est,
1463 3930 1528 3992 id
1556 3937 1653 3992 est
1682 3929 1855 3992 clau·

350 4048 443 4106 sa,
468 4036 712 4111 operta,
736 4037 799 4091 et
826 4047 1157 4110 nunquam
1187 4046 1527 4111 apparenS,
1554 4026 1704 4109 quia
1736 4045 1853 4090 nec

350 4128 665 4190 exsistens
724 4126 866 4209 ipsa
922 4126 1227 4191 reversio.
1283 4126 1513 4208 Sicque
1565 4142 1678 4207 per
1726 4144 1855 4188 mo-

1959 3153 2308 3224 antequam
2327 3155 2744 3215 marcescant,
2764 3154 2835 3208 ut
2865 3145 2956 3208 sic
2985 3146 3209 3224 ornati,
3231 3146 3459 3210 mulie-

1961 3240 2139 3304 ribus
2184 3242 2384 3324 magis
2431 3243 2975 3325 complaceamus3
3007 3248 3269 3306 nullum
3301 3265 3458 3323 pra-

1965 3348 2104 3401 tum
2130 3342 2244 3410 sit,
2264 3344 2437 3421 quod
2463 3361 2592 3403 non
2618 3351 3027 3421 pertranseat
3060 3344 3335 3405 luoeuria
3353 3364 3458 3405 no-

1959 3447 2095 3498 stra
2124 3458 2148 3497 .·
2178 3436 2244 3499 id
2274 3446 2390 3513 est,
2418 3438 2484 3501 in
2515 3438 2671 3502 locis
2701 3440 3058 3503 virentibus
3090 3449 3155 3504 et
3182 3441 3452 3504 amoenis

1963 3543 2243 3599 nostram
2283 3555 2691 3599 exerceamus
2732 3537 3088 3602 libidinem.
3125 3542 3326 3602 Nemo
3363 3561 3458 3601 ve-

1960 3634 2207 3695 strum*
2235 3654 2449 3695 eoesors
2475 3638 2583 3708 sit,
2617 3635 2680 3698 id
2711 3645 2807 3698 est
2834 3636 2973 3700 sine
3001 3638 3456 3702 communione

1961 3740 2024 3795 et
2054 3732 2560 3815 participatione,
2595 3737 2884 3797 luxuriae
2912 3746 3192 3809 nostrae,·
3219 3739 3457 3817 ubique

1962 3833 2412 3911 relinquamus
2439 3834 2628 3910 siqua
2660 3834 2905 3895 laetitioe
2933 3854 2956 3893 .·
2986 3836 3298 3914 quoniam
3325 3838 3458 3897 lucc

1963 3940 2053 3989 est
2074 3949 2238 4007 pars
2273 3940 2516 3999 nostra,
2547 3941 2608 3992 et
2647 3932 2781 3994 haec
2815 3940 2906 3992 est
2941 3952 3074 3993 sors
3111 3943 3355 4002 nostra,
3388 3933 3454 3996 id

1962 4035 2080 4104 est,
2114 4026 2326 4090 taliter
2367 4027 2669 4091 delectari
2714 4035 2776 4091 et
2818 4028 3057 4105 vivere,
3092 4038 3189 4093 est
3233 4030 3456 4112 praeci-

1963 4145 2163 4209 puum
2194 4126 2435 4190 bonum
2467 4135 2754 4191 nostrum
2784 4136 2847 4191 et
2874 4138 3143 4193 eventus
3173 4128 3458 4194 fortuna-

354 4225 481 4289 lem
511 4224 809 4307 sepulcro
836 4224 1394 4307 superimpositam
1437 4232 1533 4288 est
1560 4223 1849 4287 sublata:
1884 4234 1933 4295 D
1968 4224 2089 4288 tior
2112 4222 2226 4307 qui
2258 4233 2466 4308 potest
2499 4225 2685 4289 nobis
2719 4226 3026 4305 accidere,
3060 4228 3214 4309 quia
3249 4228 3315 4290 in
3351 4229 3451 4292 his

355 4324 898 4407 quemadmodum
940 4333 1002 4387 et
1046 4324 1269 4400 Judaei,
1318 4340 1583 4404 corpore
1622 4322 1855 4386 Christi

356 4424 569 4487 clauso
613 4422 681 4485 in
724 4430 1140 4486 monumento
1178 4440 1293 4504 per
1333 4420 1609 4503 lapidem
1657 4421 1859 4486 consi·

355 4530 639 4602 gnatum,
657 4520 967 4603 putabant
995 4521 1134 4603 ejus
1166 4519 1858 4598 memoriam,omnem·

356 4639 486 4703 que
522 4638 703 4702 spem
732 4638 863 4683 suae
892 4618 1399 4706 resurrectioniS,
1426 4638 1566 4682 esse
1598 4619 1857 4701 penitus

356 4718 863 4799 exstinguendas.
876 4718 1055 4782 Unde
1083 4727 1147 4781 et
1175 4718 1241 4780 in
1261 4717 1509 4782 Psalmo
1530 4734 1545 4780 ε
1563 4718 1856 4801 Sepulcra

359 4836 611 4894 eorum,
644 4818 873 4880 domus
901 4816 1160 4881 illorum
1192 4816 1259 4878 in
1290 4824 1621 4880 aeternum.
1642 4820 1727 4879 Et
1755 4839 1858 4879 ne-

360 4938 463 4978 mo
486 4924 841 4977 revertetur
864 4916 943 4978 ad
973 4915 1139 4979 hanc
1168 4916 1365 4979 vitam
1397 4924 1541 4998 post
1569 4924 1855 4980 mortem.

356 5014 538 5090 Quod
567 5013 865 5096 quamvis
896 5013 1266 5078 naturaliter
1286 5014 1374 5076 ita
1404 5014 1502 5093 sit,
1527 5014 1859 5078 miraculo·

360 5133 433 5177 se
463 5122 676 5177 tamen
710 5110 1077 5193 frequenter
1106 5112 1421 5193 contingit
1460 5112 1853 5195 oppositum.

464 5213 682 5275 Venite
700 5230 868 5289 erqo,
885 5222 946 5272 et
972 5212 1287 5288 fruamur
1308 5214 1487 5272 bonis
1506 5232 1649 5292 quoe
1666 5222 1820 5274 sunt
1836 5233 1859 5273 .·

364 5308 431 5373 id
476 5318 598 5385 est,
636 5328 833 5391 quum
879 5327 1008 5373 non
1050 5310 1133 5371 sit
1176 5309 1306 5373 vita
1348 5310 1477 5371 alia
1518 5317 1662 5391 post
1705 5328 1861 5391 prae-

1965 4322 2337 4387 felicitatem
2386 4324 2837 4389 constituimus
2889 4334 3169 4389 nostram
3219 4344 3234 4390 :
3279 4328 3460 4409 juxta

1964 4421 2125 4485 illud
2152 4422 2569 4498 Ecclesiastae,
2603 4423 2762 4498 Quid
2805 4424 3081 4507 amplius
3123 4425 3312 4489 habet
3344 4426 3456 4489 ho-

1966 4540 2069 4585 mo
2112 4522 2191 4584 de
2228 4520 2448 4585 labore
2489 4524 2651 4586 suot

2062 4618 2388 4697 Praeterea‚
2439 4620 2741 4702 quoniam
2789 4621 2945 4685 vitia
3001 4622 3124 4685 ista
3179 4623 3460 4687 carnalia

1966 4718 2294 4782 hominem
2326 4718 2391 4779 in
2423 4726 2668 4782 tantum
2699 4728 3034 4797 excaecant,
3069 4730 3140 4785 ut
3177 4723 3362 4785 cadat
3394 4722 3459 4785 in

1965 4815 2428 4894 crudelitatem,
2477 4825 2542 4879 et
2593 4817 2752 4881 alios
2809 4819 3041 4900 spoliet
3103 4828 3171 4883 nt
3231 4820 3459 4885 habeat

1965 4916 2137 4977 unde
2179 4932 2354 4977 suam
2391 4916 2638 4997 expleat.
2676 4916 3106 4999 voluptatem3
3138 4927 3202 4981 et
3235 4920 3459 5002 praeci-

1967 5032 2093 5095 pue
2138 5031 2287 5076 eum
2343 5022 2718 5095 exasperant
2771 5022 2993 5079 contra
3047 5034 3194 5079 eum
3243 5037 3280 5079 a
3326 5037 3456 5100 quo

1968 5130 2083 5193 pro
2127 5111 2261 5173 suis
2304 5110 2647 5193 corripitur
2679 5112 2874 5190 vitiis,
2910 5122 3081 5177 recte
3125 5112 3456 5199 subjungi-

1967 5219 2071 5273 tur
2113 5211 2193 5273 de
2235 5210 2450 5293 impiis
2499 5210 2622 5273 ista
2667 5210 3078 5275 dicentibus:
3113 5208 3454 5293 Opprima-

1969 5329 2111 5371 mus
2150 5328 2504 5387 pauperem
2549 5309 2801 5391 spiritu,
2853 5309 2920 5373 id
2969 5320 3067 5375 est
3119 5312 3450 5395 humilem,

3520 1686 3668 1730 Eccle.
3691 1701 3748 1740 ix,

3485 1755 3525 1805 7,
3546 1755 3588 1796 9.

3511 3664 3530 3683 ·
3547 3663 3652 3706 alias
3671 3677 3750 3707 no·

3481 3730 3623 3769 strum

3489 4448 3749 4501 Ecclesium

3585 5226 3652 5283 10
