4284 6267
1042 526 1395 574 mutuno
1438 526 1503 573 m
1542 525 1685 573 GAP.
1732 526 1773 572 Χ
1815 524 1975 572 mm
2016 524 2374 574 summm.
2421 546 2502 559 --
2541 527 2682 574 Anr.
2727 528 2770 575 Χ

3331 510 3444 575 511

349 704 450 759 est
484 714 600 778 per
630 696 789 759 iram
829 697 969 779 ejus
998 697 1317 775 vitiosam,
1354 716 1431 760 ex
1470 717 1600 779 qua
1639 696 1848 760 fratri·
1882 696 1925 757 Α
1958 717 2103 779 quae
2142 698 2207 761 in
2253 698 2346 761 eis
2394 706 2578 779 sunt3
2623 706 2686 761 et
2727 707 2936 762 tamen
2983 697 3274 781 patribus
3321 696 3452 761 tuis

69 810 248 861 Ger-‚m
274 814 317 854 s.
350 794 595 857 cidium
638 795 1050 878 perpetravit,
1094 795 1305 878 ipsum
1342 796 1499 859 Abel
1538 796 1845 871 necando,

349 895 742 971 fraternitas
768 897 1071 973 deperiit,
1101 895 1164 957 id
1203 904 1321 971 est,
1351 894 1547 959 frater
1574 897 1714 976 ejus
1753 914 1852 957 ex-

352 992 627 1054 stinctus
672 1001 791 1070 est,
839 992 1099 1056 dilectio
1144 1011 1401 1075 quoque
1449 992 1727 1057 fraterna
1774 1012 1849 1055 ex

166 1094 202 1149 4
350 1098 535 1173 parte
566 1091 774 1173 ipsius
810 1091 1129 1154 destructa
1171 1089 1317 1155 fuit.
1351 1096 1627 1170 Propter
1654 1094 1850 1173 quod,

354 1190 418 1251 id
450 1198 549 1253 est
576 1198 837 1273 propter
866 1190 1197 1272 sapientiae
1225 1191 1718 1267 derelictionem,
1738 1209 1848 1255 seu

355 1298 618 1371 propter
659 1305 981 1352 recessum
1020 1308 1057 1351 a
1088 1288 1415 1371 Sapientia
1454 1288 1753 1365 increata,
1788 1298 1851 1352 et

340 1405 391 1448 a
420 1386 751 1469 sapientiae
788 1388 979 1463 donc,
1014 1408 1217 1469 quum
1256 1410 1429 1469 aqua
1466 1393 1701 1450 deleret
1733 1399 1853 1450 ter-

62 1497 329 1547 mnum:-
354 1504 527 1553 ram,
560 1485 627 1547 id
663 1492 783 1561 est,
817 1485 1133 1547 diluvium
1174 1486 1610 1567 submergeret
1647 1505 1849 1567 genus

88 1572 93 1575 ⁴
355 1584 733 1646 humanum.
777 1583 893 1647 Vel
928 1584 1236 1666 :Propter
1278 1585 1421 1659 hoc,
1462 1586 1525 1648 id
1569 1593 1666 1647 est
1708 1603 1852 1667 pro-

354 1691 497 1766 pter
528 1683 735 1747 scelus
766 1682 943 1757 Cain,
977 1702 1177 1763 quum
1214 1702 1381 1765 aqua
1420 1683 1649 1746 diluvii
1682 1684 1851 1747 dele-

354 1788 451 1843 ret
496 1790 697 1844 totam
743 1781 947 1862 ipsius
995 1780 1149 1844 Cain
1197 1783 1654 1863 posteritatem,
1706 1800 1849 1862 quae

1958 796 2432 875 conglutinatus
2476 804 2571 858 est
2613 796 2940 873 DominuS,
2979 804 3038 859 et
3079 795 3269 877 elegit
3317 813 3447 871 θος,

1958 895 2324 976 amavitque
2356 912 2574 957 semen
2607 912 2824 957 eorum
2863 903 3006 978 post
3036 913 3166 958 θος.

2041 997 2196 1055 Hoec
2223 992 2536 1074 sapientia
2549 994 2811 1070 justum
2831 992 2946 1056 Lot
2972 1014 3014 1055 a
3031 994 3453 1071 pereuntibus
3595 1001 3630 1055 6

1960 1093 2208 1169 impiis,
2269 1090 2515 1155 scilicet
2573 1090 2936 1167 Sodomitis,
2990 1092 3290 1153 liberavit
3339 1090 3451 1168 fu·

1952 1192 2236 1267 ⁸cientem
2275 1208 2420 1253 cum
2469 1207 2663 1253 uxore
2699 1208 2835 1265 sua,
2871 1189 3245 1271 duabusque
3287 1186 3454 1251 filia·-
3507 1216 3616 1261 (m,
3641 1229 3724 1268 m,

1960 1288 2102 1365 buS,
2130 1288 2376 1369 angelis
2405 1306 2550 1352 eum
2581 1287 3021 1365 educentibuS,
3043 1290 3452 1349 descendente
3481 1282 3545 1331 ¹⁶·
3571 1282 3634 1325 ¹⁷·

1958 1388 2110 1463 ique
2138 1385 2424 1450 sulfureo
2455 1390 2528 1447 in
2561 1389 2999 1465 Pentapolim,
3033 1386 3096 1449 id
3137 1394 3228 1450 est
3265 1384 3452 1468 quin-

1958 1503 2085 1566 que
2136 1485 2325 1548 urbes
2366 1485 2524 1549 vitio
2563 1492 2781 1549 contra
2825 1491 3114 1549 naturam
3165 1484 3453 1549 laboran-

1960 1591 2053 1645 tes
2108 1600 2122 1645 :
2174 1602 2445 1665 quarum
2506 1592 2781 1665 quatuor
2840 1584 2904 1646 in
2963 1582 3451 1647 Deuteronomio

1960 1682 2427 1763 exprimuntur,
2463 1701 2662 1763 quum
2693 1681 2928 1745 dicitur
2961 1698 2975 1743 τ
3012 1680 3302 1757 Sodoma,
3335 1680 3453 1743 (lo-
3499 1705 3744 1757 Dentatus.

1960 1780 2239 1857 merrha,
2274 1780 2532 1857 Adama‚
2569 1778 2846 1842 Seboim.
3479 1770 3546 1811 ²³·

352 1879 554 1960 patris
584 1879 686 1941 sui
716 1878 1183 1960 malignitatem
1218 1878 1342 1941 fuit
1368 1889 1606 1943 secuta.
1626 1878 1851 1961 Sicque
1888 1880 1933 1943 B
2043 1882 2288 1949 Quibus
2315 1878 2682 1955 SodomitiS,
2717 1878 2784 1942 id
2823 1887 2918 1942 est
2954 1880 3032 1941 ad
3077 1886 3450 1963 perpetuam
3595 1886 3628 1943 '1

352 1978 421 2039 in
450 1977 701 2042 diluvio
730 1977 858 2039 suit
884 1978 1092 2041 soluta
1122 1978 1404 2041 vindicta
1447 1978 1683 2062 piaculi
1714 1986 1851 2040 tan-

355 2076 427 2151 ti,
461 2076 815 2139 secundum
857 2075 1143 2139 Glossam
1180 2094 1195 2139 :
1232 2096 1374 2159 quae
1415 2086 1627 2140 tamen
1670 2084 1731 2140 et
1783 2076 1850 2138 in

64 2184 321 2235 mamm.
357 2175 499 2256 ipso
540 2174 695 2237 Cain
734 2174 930 2257 coepit
977 2183 1163 2237 antea
1211 2177 1513 2239 exerceri.
1568 2176 1852 2239 sanavit

70 2249 130 2289 ¹²·
352 2277 595 2335 iterum
626 2276 981 2351 sapiencia,
1014 2274 1079 2336 id
1111 2282 1227 2352 est,
1257 2292 1459 2355 genus
1498 2275 1847 2337 humanum

355 2371 698 2452 reparavit,
756 2392 877 2450 per
919 2375 1391 2449 contemptibile
1446 2376 1727 2449 liqnum,
1784 2373 1849 2435 id

67 2486 323 2537 mamm.
352 2477 449 2533 est
501 2488 616 2551 per
664 2488 874 2532 arcam
923 2468 1156 2533 factam
1206 2471 1285 2533 de
1336 2470 1551 2551 ligniS‚
1588 2473 1851 2549 justum

346 2572 749 2647 yubernam,
778 2567 841 2630 id
880 2576 999 2643 est,
1033 2568 1245 2650 ipsum
1276 2569 1401 2633 Noe
1445 2588 1588 2632 cum
1633 2568 1853 2634 sobole

355 2686 469 2729 sua
516 2684 927 2743 conservam,
964 2675 1028 2729 et
1075 2685 1191 2748 per
1238 2666 1416 2731 filios
1462 2668 1601 2749 ejus
1651 2686 1851 2751 genus

212 2798 309 2828 ω.
354 2764 709 2827 humanum
766 2763 1226 2847 multiplicans,
1278 2774 1349 2828 ut
1397 2774 1567 2848 patet
1620 2766 1687 2827 in
1735 2765 1853 2828 Ge·

356 2881 521 2925 nesi.

176 2970 213 3023 5
440 2964 597 3023 Hoec
630 2971 689 3021 et
728 2962 803 3021 in
840 2980 1146 3022 consensu
1176 2963 1511 3038 superbioe,
1544 2981 1747 3041 quum
1789 2981 1853 3021 se

78 2783 191 2828 1⁶:11.

1961 1995 2182 2040 eorum
2227 1976 2668 2042 confusionem
2722 1984 2913 2058 atque
2962 1976 3346 2055 diffamiam‚
3381 1980 3452 2039 in

1964 2077 2425 2143 testimonium,
2449 2074 2694 2138 scilicet
2723 2076 3030 2153 nequitiae
3056 2076 3450 2152 eorumdem,

1960 2175 2446 2251 famiyabunda
2503 2183 2750 2236 constat
2799 2182 2972 2233 terra
3020 2176 3266 2236 deserta
3315 2195 3337 2234 .·
3392 2172 3456 2236 id

1962 2278 2078 2347 est,
2126 2280 2294 2335 terra
2345 2272 2620 2353 regionis
2671 2290 2892 2336 eorum
2955 2278 3168 2335 manet
3209 2270 3460 2335 inhabi-

1962 2369 2199 2444 tabilis,
2237 2378 2300 2432 et
2337 2370 2588 2451 [surgit]
2637 2368 2854 2435 fumus
2907 2368 3169 2435 foetidus
3213 2368 3460 2435 teterri-

1962 2486 2232 2549 musque
2271 2468 2338 2530 in
2379 2468 2633 2549 signum
2682 2468 2925 2533 l'oetoris
2975 2467 3460 2552 turpissimique

1962 2566 2206 2629 ardoris
2238 2566 2628 2630 carnalitatis
2661 2586 2878 2631 eorum
2908 2584 2925 2647 3
2955 2578 3015 2629 et
3047 2570 3286 2631 incerto
3312 2578 3462 2631 tem-

1956 2685 2114 2743 pore
2139 2666 2398 2742 fructus
2428 2668 2724 2727 habentes
2751 2668 3022 2736 arborea,
3044 2666 3106 2729 id
3139 2674 3256 2745 est,
3281 2666 3348 2729 in
3379 2674 3462 2729 te·

1962 2763 2334 2826 stimonium
2369 2762 2770 2846 turpitudinis
2796 2764 3271 2839 Sodomitarum,
3292 2772 3462 2827 stant

1964 2859 2054 2922 ibi
2090 2859 2370 2938 arboreS,
2404 2878 2548 2941 quoe
2587 2859 2831 2923 fructus
2878 2860 3177 2943 pulchros
3227 2860 3460 2925 habero

1964 2959 2265 3022 videntur
2293 2966 2578 3039 tempore
2608 2958 2872 3035 incerte,
2895 2958 2955 3021 id
2989 2967 3084 3022 est
3113 2958 3456 3023 innaturali

86 3672 201 3715 loia.
214 3687 272 3723 ιι,
285 3675 329 3717 4.

358 3062 657 3122 nationes
681 3061 1085 3130 emtulissenc,
1104 3062 1295 3120 scivit
1318 3061 1569 3136 justum
1592 3058 1700 3121 :id
1731 3068 1847 3137 est,
1890 3060 1935 3123 C
1965 3066 2156 3141 atque
2188 3056 2467 3134 insolito,
2500 3056 2666 3119 sicut
2693 3064 2757 3120 et
2787 3055 2882 3120 illi
2915 3066 3136 3121 contra
3168 3066 3459 3121 naturam

354 3158 674 3242 sapientia
702 3156 1105 3221 conservavit
1131 3166 1196 3221 et
1231 3157 1611 3241 approbavit
1642 3158 1851 3240 ipsum
1966 3163 2391 3241 peccaverunt
2424 3173 2439 3217 ε
2472 3154 2584 3238 qui
2619 3153 2864 3219 fructus
2893 3156 3044 3219 dum
3095 3175 3284 3220 manu
3325 3164 3464 3221 tan-

356 3257 675 3320 Abraham
724 3256 1101 3332 virtuosum,
1153 3264 1490 3338 postquam
1542 3275 1855 3339 perversae
1963 3264 2225 3337 guntur,
2260 3256 2325 3317 in
2359 3254 2640 3318 cinerem
2676 3254 2874 3335 redigi
2907 3254 3346 3337 perhibentur,
3381 3258 3460 3319 ad

355 3354 653 3418 nationes
682 3362 847 3417 natae
885 3372 963 3416 ex
998 3354 1241 3417 semine
1280 3354 1564 3418 filiorum
1597 3355 1723 3419 Noe
1752 3373 1856 3418 ex·
1968 3354 2433 3417 ostendendum
2465 3352 2634 3436 quod
2671 3352 2899 3416 animae
2944 3354 3290 3436 impiorum
3323 3354 3464 3419 illo-

358 3454 649 3517 tulerunt
706 3470 796 3529 se,
850 3452 1247 3516 concorditer
1296 3453 1736 3535 superbientes
1792 3462 1856 3517 et
1973 3472 2113 3516 rum
2164 3453 2303 3517 sine
2355 3450 2568 3515 fructu
2617 3451 3009 3535 poenitentiae
3055 3453 3459 3535 emigrantes,

356 3550 635 3639 superbe
660 3551 1127 3614 consentientes
1156 3552 1235 3614 ad
1266 3551 1709 3615 aedificandum
1739 3560 1860 3615 tur·
1973 3550 2039 3614 in
2072 3550 2327 3615 inferno
2357 3558 2661 3633 perpetue
2691 3550 2946 3630 ardent3
2972 3561 3031 3612 et
3064 3554 3465 3613 incredibilia

358 3650 484 3713 rim
514 3650 729 3726 Babel,
763 3650 1047 3713 dicentes
1082 3666 1097 3710 ε
1128 3650 1375 3727 Venite,
1412 3648 1721 3713 faciamus
1752 3670 1861 3714 no·
1970 3651 2212 3712 animoe
2243 3651 2574 3716 memoria,
2609 3648 2672 3710 id
2701 3656 2817 3723 est,
2853 3647 3222 3713 memoriale
3262 3649 3464 3713 incre-

359 3749 462 3812 bis
512 3748 835 3811 civitatem
886 3755 950 3811 et
1006 3747 1256 3825 turrim,
1309 3749 1493 3828 cujus
1553 3768 1857 3813 cacumen
1971 3747 2137 3810 dulae
2183 3746 2414 3810 animae
2461 3745 2676 3809 uxoris
2725 3745 2838 3809 Lot
2884 3754 2981 3809 est
3025 3746 3138 3823 ibi,
3171 3757 3350 3809 stans
3385 3752 3464 3827 fh

360 3848 686 3929 pertingat
711 3847 793 3908 ad
821 3846 1089 3926 coelum3
1113 3854 1175 3909 et
1203 3846 1859 3915 celebremusnomen

362 3952 657 4008 nostrum
704 3952 1047 4025 antequam
1090 3944 1453 4007 dividamur
1494 3945 1561 4007 in
1606 3946 1861 4009 univer-

360 4060 466 4105 sas
516 4049 741 4105 terraS.
787 4040 963 4115 Quod
1006 4041 1195 4104 etiam
1243 4040 1451 4105 facere
1494 4042 1855 4120 voluerunt,

360 4149 435 4202 ut
479 4139 557 4201 ad
598 4138 825 4201 turrim
867 4138 1042 4200 illam
1081 4138 1522 4220 confugerent,
1560 4141 1613 4202 si
1652 4141 1733 4204 de
1766 4160 1863 4205 ce-

1968 3857 2300 3924 ymentum
2333 3848 2514 3912 salis,
2548 3844 2611 3907 id
2659 3852 2758 3907 est
2801 3844 3048 3927 species
3095 3864 3206 3909 scu
3257 3854 3464 3909 statua
3521 3870 3632 3915 am.
3671 3884 3754 3923 m,

1972 3943 2148 4020 salis,
2201 3943 2266 4005 in
2320 3962 2514 4025 quam
2573 3961 2804 4025 corpus
2863 3942 3038 4006 illius
3083 3962 3464 4009 conversum
3491 3936 3560 3977 ²⁶·

1973 4050 2090 4119 est,
2143 4040 2228 4104 ob
2275 4060 2452 4104 suam
2505 4041 3014 4105 incredulitatem
3057 4050 3122 4105 et
3173 4042 3463 4107 inobedi-

1972 4139 2208 4202 entiam
2255 4157 2269 4201 :
2304 4140 2608 4221 quoniam
2651 4146 2872 4203 contra
2915 4140 3023 4203 Dei
3075 4150 3463 4225 praeceptum
3518 4164 3636 4209 ma.
3666 4166 3729 4209 ιτ.

360 4248 500 4301 tero
558 4235 877 4299 diluvium
938 4237 1299 4299 inundaret.
1342 4240 1427 4299 Ει
1463 4241 1862 4300 conservavit
1892 4242 1943 4304 1)
1974 4238 2372 4320 retrospexit,
2411 4246 2600 4321 prout
2647 4237 2766 4301 ista
2817 4238 3080 4302 historia
3129 4238 3194 4303 in
3238 4238 3462 4303 Genesi

359 4339 505 4396 sine
546 4339 811 4415 querela
838 4338 992 4403 Deo,
1024 4335 1089 4396 id
1138 4344 1257 4413 est,
1290 4336 1499 4418 ipsum
1546 4336 1861 4399 Abraham

362 4434 445 4496 ad
483 4434 739 4495 laudem
772 4432 881 4495 Dei
923 4434 1335 4514 praescrvavit
1374 4453 1411 4496 a
1448 4434 1645 4512 vitiis,
1676 4444 1740 4497 et
1785 4435 1864 4497 ir-

364 4530 965 4614 reprehensibiliter
1012 4533 1231 4595 vivere
1279 4531 1452 4597 fecit.
1484 4534 1595 4597 Cui
1647 4534 1856 4596 dixit:

100 4646 335 4699 midam,
366 4631 645 4694 Ambula
681 4649 891 4694 coram
934 4650 1056 4706 me,
1091 4640 1153 4694 ct
1193 4640 1330 4696 esto
1370 4632 1731 4716 perfectu83
1772 4642 1857 4709 et,

76 4741 336 4825 ,fiuant
366 4730 500 4810 Ego
545 4738 869 4812 protector
900 4737 1071 4805 tuuS,
1104 4739 1166 4793 et
1204 4750 1447 4794 merces
1487 4741 1593 4794 tua
1634 4750 1863 4814 magna

366 4828 591 4891 nimis.
628 4832 713 4891 Ec
752 4830 825 4889 in
866 4831 1031 4905 filiis
1074 4831 1587 4891 misericordiam
1630 4832 1863 4907 fortem

364 4928 743 4996 custodivit,
766 4924 827 4987 id
860 4934 978 5003 est,
1004 4926 1275 5007 posteris
1305 4926 1591 5003 Abrahae,
1620 4927 1865 4991 scilicet

366 5025 529 5107 ipsis
573 5024 743 5087 isaac
789 5032 853 5086 et
881 5023 1095 5099 Jacob,
1130 5032 1193 5085 et
1236 5042 1457 5087 eorum
1506 5026 1861 5106 posteritati

368 5121 667 5185 stabilem
708 5120 1001 5184 exhibuit
1040 5120 1365 5203 pietatem,
1409 5132 1597 5203 prout
1637 5122 1866 5201 legitur

80 5239 341 5293 Deus.1‚u,
368 5222 437 5283 in
470 5220 963 5284 Deuteronomio
994 5237 1009 5281 ε
1044 5220 1135 5282 En
1172 5219 1423 5283 Domini
1464 5220 1569 5283 Dei
1615 5220 1707 5283 tui
1742 5240 1869 5286 coe-

84 5305 141 5345 ¹⁵·
368 5320 505 5382 lum
544 5326 667 5394 est,
698 5326 764 5380 et
801 5318 949 5380 coeli
982 5318 1315 5395 coelorum‚
1346 5326 1518 5381 terra
1548 5328 1615 5382 et
1649 5320 1869 5384 omnia

1972 4336 2228 4419 plenius
2259 4335 2644 4399 continetur.
2676 4335 2872 4417 Cujus
2907 4344 2971 4399 ct
2999 4337 3466 4401 sacratissimus

1973 4433 2271 4515 princeps
2301 4434 2746 4517 Apostolorum
2787 4435 2854 4497 in
2893 4452 3008 4498 sua
3047 4436 3327 4499 secunda
3355 4436 3467 4499 Ca-

1974 4532 2206 4595 nonica
2262 4532 2578 4609 meminit,
2635 4532 2856 4596 dicens
2922 4548 2937 4594 z
2996 4532 3298 4597 Civitates
3353 4532 3464 4597 So·
3521 4554 3556 4601 ιι
3571 4556 3691 4603 ectr.
3713 4570 3756 4609 u.

1972 4630 2306 4693 domorum
2365 4638 2429 4693 et
2475 4628 3020 4694 Gomorrhaeorum
3078 4630 3142 4693 in
3186 4630 3466 4697 cinerem
3493 4622 3536 4670 ⁶·
3557 4622 3598 4665 ⁷·

1976 4727 2278 4791 Dominus
2309 4728 2625 4810 redigens,
2648 4728 2976 4793 eversione
3003 4730 3352 4809 damnavit,
3372 4750 3472 4795 ex·

1973 4828 2258 4910 emplum
2289 4844 2510 4889 eorum
2540 4827 2653 4908 qui
2683 4826 2882 4910 impie
2912 4828 3114 4891 acturi
3151 4838 3324 4907 sunt,
3357 4848 3470 4913 po-

1975 4944 2172 5005 nens;
2211 4932 2276 4989 et
2308 4926 2552 5007 justum
2587 4924 2698 4987 Lot
2737 4942 3136 5009 oppressum,
3169 4946 3208 4990 a
3243 4926 3470 4991 nefan-

1974 5024 2202 5087 dorum
2249 5022 2485 5103 injuria
2521 5040 2594 5085 ac
2634 5022 2958 5087 luxuriosa
2987 5025 3470 5089 conversatione

1976 5122 2234 5205 eripuit.
2269 5121 2444 5184 Unde
2477 5138 2632 5185 uxor
2663 5120 2778 5185 Lot
2805 5122 2870 5185 in
2911 5122 3106 5187 salem
3135 5142 3465 5202 conversa,

1977 5220 2270 5303 usquein
2311 5237 2592 5302 praesens
2631 5238 2746 5281 nos
2785 5220 2982 5297 sallit‚
3011 5222 3162 5285 dum
3193 5222 3334 5304 ejus
3369 5242 3472 5287 ex-

1976 5319 2190 5401 emplo
2217 5318 2300 5382 ab
2330 5318 2792 5383 incredulitatis
2819 5329 2886 5384 et
2907 5320 3354 5387 inobedientia
3381 5322 3472 5387 vi·
