4284 6267
589 4328 726 4385 Apoc.
747 4344 806 4383 ui,

544 4392 612 4438 ¹8.

548 5112 799 5165 locamur,

537 5177 675 5221 15-17.

865 474 982 543 308

1475 496 1826 543 ΕΝΑΒΒΑΤῙΟ
1869 496 1932 541 IN
1974 496 2114 543 GAP.
2161 496 2182 542 1
2224 494 2462 541 CANTICI
2504 495 2909 543 CANTICORUM.
2954 516 3035 527 ·-
3076 498 3217 545 ΛΒΤ.
3263 498 3329 543 111

861 667 1050 743 endo,
1083 668 1432 749 purgando,
1466 688 1538 732 ac
1571 669 1846 733 fovendo
1882 668 1946 730 in
1979 667 2187 746 bonis,
2221 685 2355 748 gra·
2383 667 2433 729 A
2460 668 2662 730 corari
2702 688 2714 732 :
2756 669 2869 751 qui
2910 670 3008 733 vel
3050 670 3299 753 operari
3342 668 3580 732 omittit
3630 668 3803 750 quod
3846 668 3954 730 do-

863 764 1094 828 tiarum
1126 785 1384 848 quoque
1417 768 1796 830 charismata
1829 766 2229 849 impetrando
2260 766 2351 828 eis

861 882 898 925 a
938 864 1225 928 Domino.
1261 865 1334 927 Hi
1375 864 1575 928 instar
1605 866 1755 928 colli
1794 866 2129 945 eriguntur
2168 865 2234 927 in
2265 864 2353 927 al-

863 969 997 1024 tum
1036 963 1464 1027 ecclesiastica
1504 964 1812 1044 dignitate
1849 972 2041 1046 atque
2079 964 2355 1046 praelati-

863 1080 936 1123 ca
972 1069 1318 1143 potestate3
1353 1071 1417 1125 et
1455 1062 1806 1145 spiritualis
1846 1062 2151 1126 alimonia
2186 1082 2223 1124 a
2256 1081 2353 1124 ca-

860 1158 993 1241 pite
1022 1159 1271 1224 Christo
1301 1161 1713 1237 descendenS,
1749 1180 1864 1243 per
1894 1160 2066 1243 ipsos
2114 1160 2182 1221 in
2212 1178 2354 1242 gre-

857 1274 967 1337 ges
1017 1258 1173 1339 ipsis
1227 1258 1501 1321 creditos
1549 1258 1893 1323 derivatur.
1946 1260 2072 1321 Hoc
2110 1258 2348 1322 collum

858 1364 1120 1418 ornatur
1156 1365 1221 1420 et
1258 1355 1648 1419 assimilatur
1687 1356 2056 1419 monilibus,
2093 1355 2347 1420 Monilia

859 1472 1156 1536 namque,
1201 1463 1350 1517 sunt
1392 1462 1764 1517 ornamenta
1805 1456 1881 1517 ad
1922 1455 2345 1517 claudendum

858 1561 1078 1633 pectus
1128 1551 1419 1630 formata,
1469 1561 1746 1636 suntque
1792 1554 2116 1633 virginum
2166 1554 2346 1632 signa

855 1652 1401 1734 desponsatarum.
1435 1652 1512 1713 Et
1561 1652 1794 1714 dicitur
1835 1652 2094 1730 monile,
2129 1672 2167 1715 a
2214 1671 2347 1715 mo-

853 1752 1064 1815 nendo
1084 1771 1097 1814 :
1116 1750 1268 1833 quia
1292 1752 1445 1813 dum
1471 1751 1699 1832 puellae
1731 1750 2128 1832 desponsatae
2158 1769 2347 1833 appo-

2460 774 2579 843 cet,
2626 777 2734 830 aut
2780 770 3007 832 docere
3057 768 3321 849 negligit
3373 768 3544 851 quod
3595 787 3633 829 a
3679 766 3952 830 subditis

2460 866 2593 927 suis
2625 866 2786 929 Deus
2817 867 3106 948 requirit.
3142 868 3398 949 Nempe,
3435 874 3507 927 ut
3533 866 3621 927 ait
3651 865 3949 940 IsidoruS,

2464 972 2590 1025 tam
2636 965 2765 1028 vita
2805 984 3000 1046 quam
3040 965 3327 1028 doctrina
3370 964 3715 1027 clarescere
3763 962 3955 1025 debet

2462 1060 2527 1123 in
2572 1081 2647 1125 eo
2700 1062 2810 1144 qui
2861 1063 3160 1145 praesidet
3208 1083 3221 1127 :
3272 1062 3426 1143 quia
3475 1061 3766 1124 doctrina
3814 1060 3953 1123 sine

2458 1161 2589 1223 vita
2636 1159 2846 1224 efficit
2893 1170 3320 1242 arrogantem,
3361 1169 3424 1223 et
3474 1159 3606 1223 vita
3653 1159 3791 1222 sine
3840 1159 3953 1221 do-

2458 1258 2664 1320 ctrina
2707 1259 3023 1321 inutilem.
3068 1258 3342 1323 Pastoris
3391 1276 3599 1322 sermo
3642 1256 3949 1340 operibus

2457 1365 2552 1418 est
2583 1355 3049 1434 firmanduS,ut
3078 1359 3247 1439 quod
3281 1358 3540 1420 instruit
3572 1356 3950 1433 verb0‚con-

2458 1454 2673 1518 firmet
2718 1456 3008 1537 exemplo
3044 1476 3057 1520 :
3092 1456 3537 1538 turpissimum
3576 1461 3692 1531 est,
3728 1472 3949 1535 quem-

2456 1553 2625 1635 piam
2668 1555 3023 1618 doctrinam
3064 1574 3244 1617 suam
3284 1554 3560 1638 propriis
3607 1551 3945 1635 reprobare

2455 1652 2778 1734 operibus.

2534 1751 2614 1813 At
2641 1770 2789 1815 vero
2820 1770 2933 1833 per
2964 1752 3278 1817 cervicem
3312 1771 3423 1814 seu
3458 1750 3721 1826 collum,
3741 1748 3950 1829 Orige-

855 1849 1050 1926 nitur,
1075 1868 1213 1913 eam
1243 1850 1550 1927 hortatur,
1587 1869 1666 1913 ne
1699 1849 1964 1911 alterum
1994 1859 2338 1913 amatorem
2379 1844 2428 1907 B
2457 1868 2568 1911 nes
2598 1849 2897 1929 intelligit
2938 1849 3222 1913 membra
3262 1849 3559 1913 Ecclesiae
3595 1848 3760 1911 bene
3800 1847 3948 1909 sub-

853 1946 1167 2024 admittat‚
1202 1949 1311 2010 sed
1343 1967 1458 2011 suo
1491 1946 1687 2011 fidem
1718 1966 1952 2029 sponso
1981 1956 2337 2011 conservet.

852 2042 1054 2117 Quum
1113 2046 1328 2128 itaque
1375 2046 1529 2108 boni
1589 2045 1833 2128 praelati
1892 2045 2153 2110 solliciti
2212 2046 2342 2108 sint

851 2152 915 2205 et
971 2144 1259 2207 laborent
1307 2143 1704 2207 subditorum
1764 2163 2022 2207 suorum
2083 2154 2340 2227 pectora

848 2242 1177 2317 adornare,
1227 2251 1418 2323 atque
1466 2261 1504 2304 a
1553 2242 1765 2324 pravis
1818 2261 1892 2304 ea
1940 2243 2339 2321 cogitationi-

847 2338 966 2401 bus
996 2340 1312 2415 claudere,
1348 2348 1659 2422 quatenus
1691 2359 1924 2422 sponso
1957 2360 2116 2422 pura
2154 2350 2217 2404 et
2247 2342 2339 2403 in-

846 2437 1082 2503 violata
1122 2438 1559 2512 exhibeantur,
1602 2457 1716 2501 nec
1758 2438 2189 2501 adulterinum
2230 2441 2338 2502 ad-

845 2537 1119 2619 spiciant
1158 2538 1554 2600 seductorem
1600 2536 1954 2615 diabolum,
1999 2557 2208 2620 neque
2257 2539 2337 2601 ad

844 2635 1124 2716 aliquem
1157 2634 1535 2698 sensualiter
1564 2634 1974 2699 afficiantur:
2004 2647 2173 2700 recte
2202 2658 2337 2701 mo-

845 2732 1086 2795 nilibus
1127 2743 1575 2814 comparantur
1617 2733 1740 2816 ipsi
1783 2734 2050 2816 praelati.

922 2832 1135 2909 Porro,
1165 2832 1514 2896 secundum
1544 2832 1936 2913 Gregorium,
1975 2834 2042 2896 in
2074 2835 2333 2898 monili-

844 2929 964 2992 bus
997 2949 1152 2993 auro
1181 2947 1448 3009 gcmmae
1487 2931 1925 3012 imponuntur.
1961 2932 2077 2994 Per
2103 2953 2331 2996 aurum

2449 1947 2631 2027 jecta,
2650 1957 2712 2011 et
2730 1948 3106 2011 obedientiae
3129 1947 3357 2010 dedita.
3373 1946 3737 2011 Cervicibus
3768 1946 3941 2009 enim

2450 2064 2642 2108 onera
2689 2046 3032 2109 deferenda
3082 2046 3289 2109 solent
3337 2046 3584 2128 imponi
3624 2064 3639 2107 ε
3680 2053 3941 2127 propter

2448 2144 2640 2223 quod,
2689 2143 2957 2206 rebelles
3016 2152 3080 2207 et
3136 2143 3578 2207 inobedientes
3636 2143 3937 2205 dicuntur

2448 2260 2587 2304 esse
2637 2241 2811 2305 durae
2858 2242 3147 2319 cerviciS,
3182 2251 3247 2304 et
3293 2241 3457 2306 collo
3507 2242 3675 2304 male
3720 2250 3935 2304 erecto
4015 2256 4159 2299 Εωα.

2446 2340 2763 2403 incedere.
2814 2340 2991 2403 Unde
3039 2359 3152 2422 per
3198 2340 3575 2421 Prophetam
3624 2339 3937 2403 Dominus
3964 2322 4211 2370 '‘¹⁸¹¹'⁹’⁶¹‘²·

2444 2438 2534 2500 ait
2566 2457 2580 2502 :
2616 2438 2783 2503 Scivi
2815 2439 2967 2519 quia
2996 2438 3193 2500 durus
3224 2458 3292 2501 es
3324 2448 3414 2515 tu,
3450 2447 3512 2501 et
3540 2457 3775 2502 nervus
3808 2436 3937 2500 fer·
3966 2454 4209 2505 18.1t.vut,4.

2445 2555 2588 2597 reus
2628 2536 2843 2599 cervix
2882 2545 3009 2611 tua,
3054 2544 3115 2598 et
3162 2534 3342 2598 frons
3386 2543 3497 2598 tua
3540 2554 3724 2599 aerea.
3771 2535 3933 2597 Hinc

2444 2635 2524 2696 ad
2569 2634 3018 2697 insinuandum
3069 2634 3239 2715 quod
3284 2653 3397 2716 per
3435 2633 3671 2697 collum
3715 2633 3936 2697 obedi-

2444 2734 2615 2794 entia
2644 2734 3032 2813 designetur,
3054 2733 3355 2796 Jeremias
3384 2732 3695 2813 plurimos
3722 2732 3939 2797 horta-
4259 2808 4260 2813 ἵ

2443 2830 2649 2908 batur,
2680 2830 3011 2911 ‘Subjicite
3067 2831 3232 2894 colla
3288 2840 3499 2895 vestra
3554 2832 3706 2912 jugo
3765 2829 3933 2911 regis
3979 2848 4207 2897 amma.
4259 2832 4260 2881 t

2442 2928 2817 3011 Babylonis:
2844 2937 3083 3010 quanto
3114 2929 3313 3010 magis
3346 2928 3743 3009 subjicienda
3784 2936 3936 2990 sunt
3966 2914 4033 2956 ¹³·
4259 2930 4260 2947 ¹

845 3028 1178 3110 sapientia,
1213 3048 1326 3112 per
1365 3047 1648 3110 gemmas
1695 3030 1977 3094 virtuosa
2016 3039 2078 3093 et
2127 3050 2335 3095 exem·
2368 3028 2411 3090 C
2441 3028 2606 3089 colla
2644 3035 2861 3090 nostra
2894 3028 3047 3108 jugo
3083 3027 3342 3103 Christi,
3374 3027 3668 3103 dicentiS,
3704 3026 3935 3090 Tollite
3988 3040 4205 3088 uuum,
4259 3030 4260 3037 ’

841 3127 1046 3209 plaria
1099 3146 1294 3209 opera
1348 3127 1785 3208 designantur.
1849 3128 2051 3202 Quum
2117 3130 2333 3211 itaque

843 3226 1136 3307 praelatos
1165 3233 1453 3308 oporteat
1489 3244 1602 3308 per
1631 3226 2010 3308 sapientiam
2041 3228 2325 3307 rutilare,

841 3323 1142 3389 virtuosis
1180 3342 1436 3406 quoque
1467 3332 1530 3386 et
1566 3325 2039 3407 exemplaribus
2079 3327 2329 3389 actibus

839 3422 1185 3499 abundare,
1219 3430 1497 3502 congrue
1539 3422 1805 3485 monilia
1846 3433 2323 3506 nuncupantur.

837 3520 1094 3584 Certum
1123 3528 1216 3583 est
1257 3520 1470 3598 etiam,
1496 3539 1610 3602 per
1647 3540 1874 3583 aurum
1914 3541 2099 3604 posse
2141 3523 2329 3587 intel-

841 3617 952 3698 ligi
989 3618 1316 3682 caritatem
1355 3636 1544 3700 :quae
1582 3619 1673 3681 sic
1713 3620 1952 3681 eminet
1992 3620 2159 3683 inter
2202 3622 2329 3686 vir-

839 3726 1027 3795 tuteS‚
1051 3718 1217 3781 sicut
1253 3736 1477 3779 aurum
1522 3715 1689 3778 inter
1731 3717 2009 3780 metalla.
2043 3719 2118 3780 Et
2162 3719 2328 3782 sicut

837 3834 1063 3878 aurum
1119 3815 1312 3878 habet
1356 3814 1491 3877 vim
1539 3814 1914 3878 laetificandi
1976 3817 2325 3900 inspicien-

839 3923 988 3993 tem,
1015 3913 1464 3995 tristitiamque
1495 3912 1780 3995 depellit,
1816 3914 1908 3977 sic
1939 3917 2168 3980 caritas
2200 3940 2327 3981 ma-

836 4012 1005 4075 xime
1037 4012 1192 4074 facit
1220 4020 1496 4074 mentem
1527 4011 1595 4073 in
1626 4030 1859 4093 sponso
1891 4033 2079 4096 super
2109 4019 2325 4081 omnia

836 4129 984 4175 caro
1029 4111 1325 4190 gaudere,
1367 4118 1430 4172 et
1479 4110 1617 4191 ejus
1668 4110 2046 4175 beatitudini
2096 4115 2325 4181 intime

2438 3126 2664 3206 jugum
2708 3144 2923 3187 meum
2972 3144 3163 3207 super
3204 3127 3355 3188 νοεῖ
3396 3124 3595 3205 Hujus
3643 3124 3794 3187 colli
3840 3105 4031 3187 01--²⁹·

2440 3232 2759 3298 namenta,
2790 3232 2940 3286 sunt
2967 3232 3199 3286 sanctae
3227 3222 3604 3286 obedientiae
3635 3230 3935 3305 praestan-

2440 3322 2685 3384 tissima
2714 3341 2928 3404 opera.
2952 3322 3128 3384 Unde
3158 3340 3358 3403 quum
3391 3322 3651 3403 quidam
3682 3330 3935 3385 sancto-

2441 3441 2578 3484 rum
2626 3423 2877 3485 Pati-um
2926 3422 3191 3485 vidisset
3238 3422 3305 3484 in
3358 3421 3589 3504 spiritu
3639 3422 3930 3485 diversos

2438 3520 2694 3582 ordines
2738 3520 3243 3581 ministrantium
3282 3520 3429 3597 Deo,
3464 3519 3637 3601 ipsos
3678 3519 3932 3601 religio·

2439 3637 2540 3681 sos
2589 3618 2708 3681 sub
2754 3617 3118 3681 obedientia
3160 3618 3449 3681 viventes
3495 3618 3655 3681 vidit
3698 3636 3929 3681 aureos

2439 3727 2695 3799 torques
2738 3726 3013 3799 portare.

2518 3820 2920 3879 Maraenulas
2968 3836 3201 3877 aureas
3237 3816 3554 3893 faciemus
3600 3818 3742 3884 tibi,
3788 3838 3931 3876 ver-

2438 3917 2779 3977 miculatas
2798 3924 3082 3992 arqento.
3118 3913 3390 3976 Muraena
3416 3914 3515 3993 (ut
3544 3913 3804 3995 legitur)
3833 3914 3931 3996 pi-

2436 4014 2559 4077 scis
2598 4023 2715 4088 est,
2750 4013 2816 4074 in
2858 4012 3171 4075 foramine
3210 4030 3324 4075 suo
3362 4012 3672 4075 exsistens
3719 4013 3929 4076 circu-

2436 4113 2601 4175 latus
2647 4121 2711 4174 et
2752 4111 3167 4190 conglobatus
3200 4127 3215 4172 :
3248 4111 3400 4192 quia
3442 4109 3594 4172 dum
3647 4111 3921 4193 capitur,

4058 3830 4119 3885 10

836 4209 1356 4290 congaudere.De
1384 4227 1510 4289 qua
1541 4208 1609 4269 in
1639 4208 2018 4293 Apocalypsi
2050 4213 2319 4295 legitur:
2357 4220 2405 4282 D
2436 4212 2699 4273 caudam
2747 4210 2842 4273 ori
2884 4227 2998 4271 suo
3046 4210 3339 4292 imponit,
3384 4216 3449 4271 et
3488 4208 3797 4271 circulum
3843 4212 3927 4275 de

837 4307 1080 4371 Suadeo
1119 4307 1238 4368 tibi
1269 4324 1479 4369 emere
1523 4325 1748 4370 aurum
1784 4308 2056 4388 ignitum
2096 4313 2325 4393 proba-

835 4414 992 4468 tum.
1025 4406 1140 4469 Per
1175 4423 1457 4485 gemmas
1501 4425 1672 4483 vcr0,
1708 4408 2170 4488 pretiosissima
2213 4412 2323 4475 illa

832 4513 1076 4586 septem
1133 4505 1303 4567 dona
1360 4503 1631 4586 Spiritus
1681 4504 1894 4568 Sancti
1952 4518 2315 4574 sumuntur.

829 4602 1160 4666 Praelatum
1210 4612 1420 4667 autem
1483 4611 1733 4685 oportet
1788 4623 1919 4685 prae
1966 4607 2195 4669 ceteris
2252 4610 2319 4672 in

829 4703 1090 4766 caritate
1154 4700 1424 4779 fervere,
1484 4720 1558 4763 ac
1617 4702 1979 4783 septenario
2042 4704 2319 4786 Spiritus

829 4801 1042 4865 Sancti
1081 4799 1349 4883 fulgere.
1380 4801 1643 4883 Propter
1679 4801 1853 4882 quod
1889 4802 2174 4867 Christus
2214 4806 2320 4870 bc-

827 4900 1184 4963 atissimum
1215 4901 1466 4963 Petrum
1497 4900 1949 4962 constituturus
1982 4904 2317 4982 praelatum

829 4999 1022 5063 totius
1065 4998 1383 5075 Ecclesiae,
1425 5006 1518 5061 ter
1567 4998 1924 5061 sciscitatus
1976 5010 2070 5063 est
2113 5022 2258 5066 eum
2297 5024 2312 5069 ε

826 5099 1028 5175 Petre,
1077 5116 1251 5160 amas
1300 5116 1402 5159 me
1459 5097 1602 5177 plus
1653 5097 1799 5160 hist
1848 5098 2006 5161 Hinc
2069 5103 2315 5182 praelati

827 5196 1127 5260 dicuntur
1157 5195 1441 5258 monilia.
1461 5194 1807 5260 Erubescat
1835 5216 1984 5279 ergo
2015 5200 2313 5281 praelatus

827 5295 1061 5375 vocari,
1098 5296 1209 5379 qui
1255 5315 1384 5359 non
1423 5297 1654 5377 satagit
1694 5296 1795 5358 his
1839 5297 2169 5359 ornatibus
2211 5299 2314 5362 de·

2435 4330 2503 4373 se
2542 4310 2732 4391 facit3
2774 4315 2835 4373 et
2882 4316 3273 4371 sustentatur
3326 4325 3452 4371 non
3504 4309 3919 4387 comedendO,

2434 4409 2544 4472 sed
2591 4409 2921 4471 humorem
2970 4406 3252 4487 sugendo
3288 4425 3301 4469 :
3336 4406 3417 4468 ad
3459 4405 3643 4488 cujus
3694 4408 3925 4470 simili-

2434 4508 2719 4570 tudinem
2764 4506 2937 4568 fiunt
2973 4504 3362 4579 muraenulae‚
3400 4504 3463 4567 id
3500 4513 3599 4568 est
3636 4505 3918 4587 inaureS,

2432 4626 2573 4689 quae
2612 4606 2863 4668 aurium
2902 4613 3051 4667 sunt
3082 4610 3364 4666 ornatus.
3397 4602 3732 4684 Gregorius
3764 4625 3920 4671 vero

2430 4706 2605 4779 dicit,
2642 4705 2810 4786 quod
2842 4721 2953 4785 per
2991 4700 3377 4765 muraenulas
3416 4702 3683 4765 monilia
3717 4702 3921 4784 ligan-

2431 4813 2533 4867 tur
2578 4804 2655 4865 ad
2705 4803 2964 4866 collum.
3019 4801 3246 4882 Atque,
3300 4809 3369 4861 ut
3418 4800 3617 4881 aliqui
3667 4802 3914 4883 dicunt,

2430 4902 2799 4967 muraenulae
2838 4908 2987 4962 sunt
3022 4907 3396 4964 ornamenta
3423 4918 3499 4961 ex
3532 4898 3667 4962 filis
3704 4904 3917 4967 aureis

2428 5013 2490 5067 et
2542 5000 2857 5081 argenteis
2903 5017 3095 5081 opere
3144 4998 3387 5080 plectili
3438 5000 3625 5079 facta,
3678 5000 3917 5083 quibus

2427 5108 2733 5167 ornantur
2790 5098 3000 5179 capita
3058 5096 3467 5176 feminarum,
3518 5109 3583 5161 et
3637 5117 3762 5162 orae
3811 5121 3919 5165 ve-

2425 5200 2619 5263 stium
2659 5198 2829 5260 circa
2868 5214 3097 5258 manus
3134 5204 3197 5259 et
3238 5196 3498 5259 collum.
3532 5196 3761 5278 Sicquc
3799 5217 3917 5280 per

2424 5295 2810 5361 muraenulas
2840 5295 3286 5375 intelliguntur
3313 5295 3608 5375 dogmata
3636 5295 3917 5380 Scriptu-
