4284 6267
1094 528 1448 577 ENARRATIO
1490 529 1554 576 m
1595 529 1732 577 CAP.
1778 530 1801 576 1
1840 529 1999 577 me
2042 530 2397 577 sArmN'rm.
2443 550 2523 561 --
2563 530 2706 578 ΛΒΤ.
2751 531 2774 577 1

3363 512 3480 575 457

100 713 163 757 1·-
184 728 247 765 xx.
270 716 317 757 ⁴.
370 707 605 779 gentes
656 699 725 761 in
772 699 1087 781 nihilum;
1119 707 1183 763 et
1226 720 1469 779 rursuS‚
1504 700 1745 783 Spiritu
1794 700 1883 763 la·
1910 700 1961 763 A
1991 718 2249 783 quoque
2279 719 2394 782 per
2423 701 2564 782 ejus
2593 699 2972 782 sapientiam
3007 707 3158 762 sunt
3187 697 3478 779 formata,

372 798 641 861 biorum
686 816 949 861 suorum
993 798 1342 862 interficiet
1384 799 1676 881 impium.

474 900 792 967 Quoniam
822 919 1055 960 renum
1086 900 1297 969 illius,
1328 899 1393 960 id
1424 907 1521 962 est
1549 897 1883 980 appetitio-

376 1016 541 1059 num
571 996 965 1059 sensualium
1002 997 1205 1078 ipsius
1236 996 1582 1073 maledicti,
1607 1000 1775 1057 testis
1795 1006 1883 1056 est

95 1109 349 1157 amum,
380 1099 580 1157 Deus.
635 1093 751 1168 Qui
803 1094 892 1157 ait
943 1114 1056 1177 per
1104 1095 1479 1176 Prophetam
1521 1095 1697 1176 :Ego
1741 1113 1879 1156 sum

64 1174 129 1214 ²³·
380 1193 579 1274 judex
622 1201 687 1255 et
730 1193 932 1255 testis,
970 1192 1107 1276 lpse
1150 1193 1385 1256 etenim
1426 1192 1641 1256 omnia
1680 1192 1885 1255 intue-

383 1299 509 1369 tur,
541 1301 606 1354 et
635 1291 703 1353 in
730 1290 975 1373 judicio
1007 1299 1227 1355 contra
1258 1290 1548 1373 iniquum
1583 1292 1690 1353 dat
1720 1292 1885 1354 testi-

384 1389 700 1468 monium,
725 1391 1071 1453 ostendens
1103 1409 1171 1453 se
1200 1390 1500 1453 universa
1540 1390 1713 1452 illius
1746 1408 1885 1472 pec-

382 1496 523 1551 cata
561 1489 973 1571 conspexisse
1014 1496 1077 1552 et
1121 1508 1331 1552 nosse.
1366 1488 1484 1563 Qui
1530 1508 1642 1571 per
1686 1488 1884 1551 alium

62 1603 201 1645 Am·
216 1606 353 1654 uz.
384 1587 766 1670 Prophetam
801 1586 1075 1651 fatetur:
1102 1587 1386 1670 Cognovi
1415 1587 1618 1650 multa
1647 1588 1886 1651 scelera

382 1697 621 1751 vestra.
643 1691 727 1749 Ec
754 1690 968 1749 cordis
998 1690 1185 1749 illius
1214 1696 1533 1749 scrutator
1558 1697 1649 1747 est
1676 1707 1881 1757 verua,

382 1788 447 1849 id
487 1795 609 1857 est,
642 1786 807 1849 Deus
851 1796 947 1850 est
986 1785 1353 1849 infallibilis
1394 1786 1787 1849 examinator
1825 1793 1887 1848 et

1992 800 2341 862 secundum
2389 800 2560 881 quod
2605 800 2672 861 in
2709 798 2937 863 Genesi
2978 798 3210 879 legitur
3245 816 3258 859 :
3293 798 3487 882 Spiri-
3533 815 3758 867 Gen.1.2.

1992 905 2092 960 tus
2137 897 2248 960 Dei
2299 896 2622 960 ferebatur
2670 917 2862 981 super
2908 916 3141 979 aquas3
3191 904 3252 959 et
3299 897 3478 975 alibi,

1993 995 2266 1078 Spiritus
2313 994 2564 1059 Domini
2617 995 2868 1059 ornavit
2914 996 3128 1059 coelos.
3182 994 3420 1057 Rursus
3463 1013 3477 1057 τ

1991 1094 2283 1178 Replevit
2309 1094 2528 1158 orbem
2569 1103 2900 1169 terrarum,
2937 1094 2998 1157 id
3039 1103 3135 1156 est
3172 1093 3480 1156 mundum
3514 1076 3579 1119 ¹³·

1995 1192 2392 1269 inferiorem,
2445 1191 2638 1258 variis
2687 1193 2898 1269 rebuS‚
2947 1191 3301 1275 speciebuS‚
3354 1192 3486 1254 ani-

1994 1292 2272 1355 malibus
2312 1291 2551 1368 mixtiS‚
2595 1300 2658 1354 et
2697 1291 3072 1356 necessariis
3119 1291 3286 1368 vitae,
3320 1291 3486 1354 sicut

1997 1390 2202 1455 fertur
2231 1391 2298 1453 in
2327 1391 2612 1455 Psalmo:
2639 1390 2902 1472 Impleta
2925 1396 3022 1453 est
3042 1398 3208 1454 terra
3240 1409 3486 1473 posses·
3525 1414 3778 1466 Paeana.

1995 1490 2176 1554 sione
2206 1499 2336 1553 tua.
2370 1491 2575 1552 Etiam
2616 1509 2730 1573 per
2767 1488 2964 1552 alium
2993 1489 3368 1572 Prophetam
3397 1490 3490 1552 di-

1996 1590 2163 1654 citur
2198 1606 2212 1651 τ
2247 1588 2542 1671 Respexit
2590 1597 2844 1665 terram,
2899 1597 2960 1651 et
3009 1588 3302 1670 implevit
3345 1607 3486 1652 eam
3530 1610 3778 1661 eamcam,

1997 1687 2366 1770 pecudibus
2401 1724 2475 1735 —-
2504 1687 2933 1770 Spiritualiter
2981 1688 3238 1750 demum
3289 1686 3490 1769 reple·
3515 1674 3582 1717 ³²·

2000 1786 2089 1848 vit
2119 1785 2335 1849 orbem
2370 1794 2702 1863 terrarum,
2738 1784 2801 1847 id
2833 1793 2928 1848 est
2957 1784 3317 1847 habitantes
3348 1784 3490 1847 ubi-

3549 1012 3634 1057 10⁶
3664 1025 3777 1063 xxvi.

382 1885 676 1965 cognitor
705 1884 1163 1965 cogitationum
1206 1883 1753 1966 affectionumque
1792 1884 1887 1946 in·
1923 1889 1969 1953 B
1997 1904 2122 1967 que
2168 1904 2282 1967 per
2317 1900 2541 1966 gyrum
2584 1892 2786 1961 terrae,
2821 1902 2932 1946 seu
2973 1883 3322 1946 Ecclesiam
3355 1890 3487 1947 toto

385 1982 850 2046 tellectualium
908 1982 1189 2046 hominis
1246 1984 1483 2047 vitiosi.
1536 1982 1676 2061 Qui,
1729 1990 1889 2045 teste

67 2108 211 2151 teor.
228 2120 293 2158 n,
312 2108 355 2147 s.
384 2081 707 2164 Apostolo,
728 2081 794 2143 in
822 2079 1033 2144 futuro
1052 2081 1285 2162 judicio
1308 2081 1616 2145 revelabit
1640 2082 1890 2144 abscon-

383 2180 523 2242 dita
564 2179 993 2255 tenebrarum,
1037 2188 1101 2242 et
1143 2178 1581 2242 manifestabit
1624 2179 1890 2242 consilia

344 2328 355 2347 ,
384 2278 705 2341 cordium.
740 2276 857 2351 Qui
892 2297 1007 2361 per
1034 2277 1371 2340 Jeremiam
1405 2277 1689 2357 loquitur
1715 2294 1729 2339 ε
1752 2278 1890 2339 Pra-

384 2396 539 2439 vum
572 2384 669 2438 est
699 2395 807 2439 cor
836 2376 1118 2439 hominis
1149 2384 1211 2438 et
1243 2375 1657 2439 inscrutabile
1694 2393 1707 2437 :
1740 2376 1887 2457 quis

381 2485 729 2557 cognoscet
789 2476 951 2539 illud
980 2480 1004 2537 ’ἐ
1051 2476 1181 2556 Ego
1239 2476 1543 2540 Dominus
1598 2484 1886 2539 scrutans

380 2595 516 2652 cor,
560 2583 625 2637 et
668 2574 947 2657 probans
991 2593 1197 2651 reneS,
1253 2574 1364 2656 qui
1413 2575 1495 2639 do
1542 2574 1885 2656 unicuique

378 2676 564 2756 juxta
595 2674 733 2737 vias
765 2693 933 2749 suaS,
970 2681 1035 2735 et
1061 2674 1241 2755 juxta
1271 2672 1552 2736 fructum
1580 2674 1887 2737 adinven-

379 2773 633 2837 tionum
668 2791 949 2835 suarum.
975 2776 1052 2834 Ec
1087 2775 1329 2850 linqua:
1354 2774 1496 2850 ejus
1518 2775 1797 2842 auditor,
1822 2772 1883 2834 id

382 2880 481 2935 est
522 2871 816 2952 cognitor
852 2872 1197 2935 verborum
1242 2870 1563 2934 maledicti
1608 2870 1881 2953 praefati.

380 2970 933 3045 Quemadmodum
962 2977 1175 3033 autem
1204 2970 1271 3032 in
1305 2969 1489 3032 nobis
1522 2969 1886 3033 intellectus

112 2297 215 2339 Jer-
246 2310 339 2338 xvu

67 2364 109 2411 9,
136 2364 208 2404 ¹0.

1997 1986 2154 2049 orbe
2187 1990 2496 2066 terrarum
2537 1981 2870 2060 diffusam,
2904 1982 3097 2046 variis
3133 1981 3354 2063 gratiae
3383 1982 3490 2045 do-

1999 2084 2119 2161 niS‚
2157 2081 2506 2165 praesertim
2547 2082 2667 2144 sub
2705 2081 3072 2161 evangelica
3110 2081 3271 2163 lege,
3303 2080 3488 2162 cujus

1998 2193 2252 2265 tempus
2297 2182 2531 2245 dicitur
2579 2189 2831 2262 tempus
2887 2180 3128 2262 gratiae.
3177 2179 3356 2242 Unde
3401 2180 3491 2241 ait

1997 2281 2328 2364 Apostolus
2363 2298 2377 2341 :
2411 2279 2533 2341 Alii
2576 2299 2689 2362 per
2719 2279 3024 2362 Spiritum
3063 2280 3249 2341 datur
3279 2296 3488 2341 sermo
3559 2300 3684 2345 neor
3705 2311 3779 2349 xa,

1999 2380 2349 2462 sapientiae,
2394 2378 2502 2441 alii
2544 2394 2752 2441 sermo
2791 2376 3094 2453 scientiae,
3139 2376 3249 2439 alii
3287 2376 3490 2457 gratia
3515 2368 3628 2409 Μ’·

2000 2479 2364 2552 sanitatum,
2398 2476 2508 2539 alii
2541 2476 2826 2558 operatio
2868 2476 3199 2552 virtutum,
3235 2476 3344 2538 alii
3392 2495 3490 2557 ge-

2000 2596 2152 2640 nera
2192 2577 2578 2657 linguarum,
2627 2574 2739 2637 alii
2778 2574 3080 2638 discretio
3120 2573 3485 2655 spirituum,

1997 2676 2109 2739 alii
2154 2674 2592 2758 interpretatio
2627 2692 2991 2736 sermonum
3039 2690 3051 2736 :
3094 2673 3228 2737 haec
3277 2672 3492 2735 omnia

1999 2783 2299 2858 operatur
2340 2792 2502 2835 unus
2543 2781 2740 2854 atque
2774 2772 2943 2835 idem
2987 2771 3282 2854 SpirituS,
3331 2771 3493 2835 divi-

1997 2876 2150 2938 dens
2195 2872 2462 2954 singulis
2494 2879 2686 2953 prout
2723 2871 2872 2935 vult.
2918 2870 3045 2934 Hoc
3093 2871 3159 2932 in
3203 2870 3494 2933 beatissi-

1996 2973 2118 3037 mis
2170 2970 2489 3055 Apostolis
2541 2978 2604 3032 et
2655 2969 2983 3052 primitiva
3042 2969 3324 3032 Ecclesia
3371 2986 3493 3031 coe-

384 3068 760 3149 designatur
822 3068 1190 3131 nominibus
1248 3087 1553 3131 sensuum
1617 3068 1887 3131 exterio·
1922 3072 1967 3135 C
1998 3078 2176 3153 ptum
2208 3078 2304 3133 est
2336 3067 2483 3132 fieri
2514 3068 2580 3129 in
2610 3067 2980 3144 Jerusalem,
3002 3075 3191 3149 prout
3221 3066 3286 3129 in
3316 3066 3490 3129 Actis

386 3185 553 3243 rum,
590 3165 679 3228 ita
719 3166 785 3227 in
827 3166 975 3243 Deo,
1017 3166 1129 3248 qui
1180 3165 1267 3227 ait
1308 3184 1421 3249 per
1462 3165 1688 3228 lsaiam
1728 3184 1740 3227 :
1776 3166 1891 3229 Re-

384 3265 599 3327 velata
640 3272 790 3326 sunt
829 3265 964 3327 haec
1005 3263 1070 3325 in
1107 3264 1371 3327 auribus
1414 3264 1573 3326 meis
1608 3264 1887 3344 (Domini

106 3378 271 3421 εωα.
292 3393 354 3430 ιιι,
385 3362 827 3443 exercituum).
862 3362 938 3425 Et
966 3362 1033 3424 in
1068 3363 1281 3425 Exodo
1315 3362 1551 3426 dicitur
1586 3380 1600 3425 :
1639 3363 1890 3425 Clamor

68 3445 271 3495 ⁹³''·⁵·
386 3460 676 3525 filiorum
724 3462 913 3524 lsrael
963 3461 1137 3524 venit
1176 3462 1257 3523 ad
1308 3481 1431 3538 me,
1468 3469 1532 3524 et
1578 3461 1887 3542 gemitum

384 3579 609 3624 eorum
642 3560 883 3622 audivi.
909 3560 1383 3636 Verumtamen,
1419 3559 1584 3623 sicut
1614 3560 1887 3642 Spiritus

384 3658 657 3722 Sanctus
693 3658 928 3721 dicitur
975 3659 1164 3722 corda
1204 3659 1473 3722 scrutari
1516 3678 1589 3721 ac
1629 3659 1890 3721 investi-

382 3776 557 3839 gare,
593 3774 723 3819 non
754 3756 937 3837 quasi
978 3774 1055 3819 ex
1096 3755 1455 3836 ignorantia
1494 3757 1767 3837 quadam
1811 3756 1890 3818 ri-

382 3854 641 3929 mand0‚
675 3863 785 3916 aut
828 3854 1013 3936 quasi
1056 3856 1254 3917 ardua
1300 3874 1373 3917 ac
1415 3854 1722 3917 difficilia
1762 3855 1886 3917 sibi

382 3954 788 4017 discutiendo
820 3962 881 4016 et
926 3953 1331 4034 inquirendo,
1366 3953 1530 4017 sicut
1570 3953 1759 4016 homo
1796 3954 1888 4016 di-

382 4052 553 4116 citur
584 4051 943 4134 Scripturas
982 4051 1289 4127 scrutari;
1332 4053 1441 4114 sed
1480 4050 1633 4133 quia
1671 4051 1887 4114 omnia

384 4150 745 4214 clarissime
780 4158 845 4213 et
884 4149 1389 4232 profundissime
1428 4170 1500 4213 ac
1530 4150 1886 4230 diligentis-

110 3187 185 3231 12.
203 3203 253 3239 v,
270 3192 313 3231 ⁹.

69 4272 353 4321 1Cor.u.1⁰.

384 4356 487 4410 tus
516 4354 840 4410 scrutatur
866 4347 1104 4423 omnia,
1140 4347 1329 4410 etiam
1372 4346 1692 4429 profunda
1720 4347 1829 4411 Dei
1867 4366 1879 4409 :

384 4452 477 4515 sic
506 4449 745 4513 dicitur
776 4450 971 4514 verba
1000 4452 1243 4527 audire,
1280 4469 1408 4513 non
1450 4451 1634 4532 quasi
1674 4449 1753 4513 ab
1784 4470 1887 4513 ex-

387 4559 481 4612 tra
531 4547 971 4632 percipiendo,
1015 4550 1123 4611 sed
1178 4550 1347 4610 intra
1394 4549 1777 4613 aeternaliter
1814 4569 1887 4612 ac

385 4647 858 4711 invariabiliter
905 4647 1308 4731 inspiciendo
1356 4666 1429 4710 ac
1490 4666 1887 4729 praenoscen-

384 4748 467 4810 do
502 4765 517 4808 :
553 4766 671 4811 nec
703 4746 961 4823 mirum,
996 4766 1196 4828 quum
1235 4746 1371 4828 ipse
1409 4746 1492 4808 sit
1521 4747 1707 4810 Deus.
1742 4746 1886 4810 Ideo

386 4844 690 4907 subditur
727 4863 740 4906 ε

206 4951 239 5005 ’7
472 4945 799 5012 Quoniam
838 4944 1113 5019 spiritus
1162 4945 1430 5004 Domini
1473 4946 1742 5021 replevit
1785 4965 1887 5005 or-

386 5043 527 5101 bem
570 5050 920 5101 terrarum.
955 5040 1078 5102 Sua
1127 5040 1362 5102 etenim
1415 5041 1743 5122 majestate
1790 5042 1885 5103 in-

386 5137 877 5220 circumscripta
926 5137 1150 5219 implet
1191 5157 1265 5201 ac
1310 5146 1598 5218 penetrat
1644 5139 1878 5217 omnia,

107 5260 354 5308 senum,
380 5238 569 5321 juxta
611 5236 770 5299 illud
807 5254 821 5298 :
858 5236 1173 5317 Numquid
1215 5255 1343 5300 non
1386 5237 1618 5299 coelum
1662 5244 1724 5300 et
1767 5246 1885 5301 ter-

68 5324 147 5364 ²⁴·
384 5356 519 5399 ram
576 5354 695 5417 ego
744 5335 1029 5417 impleo?
1079 5334 1233 5397 dicit
1282 5335 1608 5398 Dominus.
1660 5335 1885 5401 Omnia

1998 3169 2322 3233 recitatur.
2358 3166 2476 3229 Sed
2509 3174 2572 3229 et
2603 3165 2770 3229 bona
2805 3173 3066 3243 naturae,
3094 3166 3260 3227 dona
3292 3163 3492 3227 fortu-

1997 3287 2116 3345 nae,
2162 3264 2520 3330 necessaria
2559 3264 2728 3340 vitm,
2771 3272 2920 3326 sunt
2960 3264 3043 3326 ab
3081 3282 3177 3327 eo.

2075 3369 2164 3428 Ec
2195 3368 2310 3426 hoc
2339 3366 2510 3444 quod
2539 3365 2819 3425 continet
2847 3364 3090 3435 omnia,
3128 3362 3189 3425 id
3221 3371 3337 3440 est,
3359 3362 3493 3444 Spi-

1998 3464 2158 3527 ritus
2203 3462 2468 3527 Sanctus
2515 3480 2770 3525 omnem
2811 3461 2877 3522 in
2918 3480 2986 3524 se
3031 3460 3492 3543 perfectionem

1997 3560 2566 3643 comprehenden5‚
2607 3559 2672 3621 in
2717 3576 2844 3640 quo
2893 3560 3108 3622 omnia
3156 3560 3492 3623 causaliter

1997 3660 2576 3742 exemplariterque
2639 3658 3021 3735 consistunt,
3075 3658 3361 3721 relucent
3419 3678 3491 3722 ac

1997 3760 2408 3823 continentur
2442 3764 2745 3839 tanquam
2786 3757 2850 3819 in
2891 3764 3194 3835 creatore,
3227 3764 3290 3819 et
3320 3758 3488 3839 quod

1996 3865 2226 3922 cuncta
2269 3864 2605 3920 conservat
2648 3855 2713 3917 in
2761 3875 2922 3933 esse,
2967 3856 3106 3918 sine
3144 3856 3327 3936 cujus
3370 3874 3494 3919 ma·

2000 3955 2378 4019 nutenentia
2410 3974 2526 4018 nec
2558 3955 2633 4016 ad
2666 3963 3058 4017 momentum
3088 3963 3350 4036 possent
3376 3955 3492 4017 du-

1996 4072 2158 4131 rare,
2193 4056 2530 4115 scientiam
2566 4055 2750 4114 habet
2786 4055 2973 4123 vociS,
3013 4051 3077 4114 id
3117 4062 3234 4130 est,
3275 4052 3492 4115 omnia

1994 4172 2138 4235 quae
2187 4152 2600 4236 proferuntur
2645 4170 2759 4235 per
2818 4151 3124 4232 linguam,
3176 4152 3486 4232 agnoscit.

384 4248 549 4313 sime
592 4248 901 4325 intuetur,
936 4250 1117 4330 juxta
1157 4249 1317 4311 illud
1349 4249 1657 4331 Apostoli,
1694 4248 1887 4332 Spiri-
1916 4252 1967 4315 D
1996 4251 2338 4315 Scientiam
2387 4270 2645 4332 quoque
2694 4250 3053 4331 linguarum
3104 4250 3375 4326 confert,
3417 4258 3490 4313 ut

1996 4351 2063 4413 in
2110 4348 2431 4432 Apostolis
2473 4349 2822 4430 multisque
2865 4348 3010 4411 aliis
3049 4349 3255 4431 patuit
3289 4367 3302 4411 :
3346 4348 3488 4431 qui-
3515 4366 3780 4417 Acina-¹1.

1994 4449 2107 4512 bus
2140 4456 2401 4531 repente
2433 4447 2747 4511 concessit
2780 4446 3146 4510 facultatem
3183 4447 3484 4529 loquendi

1996 4548 2284 4612 omnium
2331 4545 2590 4627 linguiS‚
2649 4546 2940 4609 notitiam
3002 4546 3192 4609 etiam
3253 4546 3489 4609 intelli-

1995 4645 2188 4728 gendi
2221 4644 2521 4707 idiomata
2553 4642 2936 4717 cuncta.Qui
2971 4651 3032 4705 et
3061 4643 3212 4706 olim
3246 4643 3312 4706 in
3343 4644 3488 4707 aedi-

1996 4743 2302 4808 ficatione
2330 4743 2728 4827 Babylonicae
2758 4744 2950 4805 turris
2981 4742 3232 4823 linguas
3263 4743 3488 4806 confu-
3544 4768 3781 4821 Gemma-

1994 4844 2109 4920 dit,
2157 4850 2220 4907 et
2268 4842 2690 4905 ineffabiliter
2739 4860 2934 4905 novas
2985 4840 3284 4903 instituit.
3321 4842 3435 4905 Vel
3467 4860 3481 4905 :
3514 4835 3556 4875 ⁹·

1996 4947 2133 5007 Hoc
2181 4946 2352 5023 quod
2393 4944 2673 5002 continet
2719 4943 2963 5013 omnia,
3012 4940 3073 5003 id
3125 4948 3240 5016 est,
3294 4940 3486 5005 homo

1994 5043 2236 5106 habens
2275 5041 2519 5122 aliquid
2559 5058 2898 5103 commune
2938 5059 3081 5104 cum
3113 5040 3289 5103 omni
3321 5058 3490 5103 crea-

1993 5149 2148 5203 tura.
2176 5141 2437 5222 Propter
2465 5138 2634 5219 quod
2668 5137 2733 5199 in
2762 5137 3104 5218 Evangelio
3133 5137 3338 5214 thO,
3360 5156 3487 5201 om-

1994 5238 2094 5300 nis
2132 5247 2421 5301 creatura
2451 5242 2733 5311 vocatur,
2768 5253 2970 5316 quum
3010 5234 3245 5298 dicitur
3277 5252 3291 5297 :
3326 5235 3485 5299 Prae-
3536 5262 3780 5315 Mamm

1989 5337 2195 5401 dicate
2226 5333 2636 5415 Evangelium
2672 5332 2848 5397 omni
2888 5342 3210 5398 creaturae.
3246 5332 3485 5418 Nempe
3515 5327 3582 5370 ¹⁵·
