4284 6267
1038 543 1391 591 RNARRATIO
1434 542 1497 588 IN
1538 540 1677 588 cAP.
1724 540 1791 587 111
1832 539 1992 588 LIBRI
2033 541 2392 589 SAPIENTIAE.
2437 564 2518 577 --
2559 546 2700 592 ΛΒΤ.
2747 547 2814 593 111

3353 530 3465 593 471

372 733 507 791 suo,
538 715 976 798 Dominusque
1006 734 1155 779 cum
1186 714 1302 791 eiS,
1327 711 1865 795 quemadmodum
1898 709 1950 772 A
1962 711 2251 788 justum,
2284 714 2348 777 id
2378 724 2494 793 est,
2530 717 2725 779 Deum
2755 720 3177 784 essentialiter
3204 722 3466 802 justum,

92 814 569 887 ap«.111.21.1ude1
603 814 671 877 in
704 814 1084 898 Apocalypsi
1120 821 1385 877 testatur
1420 830 1434 875 :
1468 810 1585 885 Qui
1617 809 1867 887 vicerit,

371 911 537 976 dabo
568 914 629 976 ei
661 913 882 977 sedere
911 931 1164 976 mecum
1196 911 1263 973 in
1296 911 1527 973 throno
1556 928 1720 986 meo,
1754 908 1872 972 sic-

373 1018 445 1073 ut
482 1019 547 1075 et
590 1028 708 1092 ego
746 1012 896 1089 vici,
933 1020 995 1075 et
1036 1011 1173 1075 sedi
1215 1029 1364 1075 cum
1402 1010 1580 1072 Patre
1621 1025 1763 1072 mco
1802 1006 1871 1070 in

92 1129 345 1178 numa-1.
372 1110 607 1173 throno
644 1110 809 1192 ejus,
843 1109 1003 1173 Hinc
1048 1107 1253 1173 fertur
1294 1109 1359 1171 in
1404 1106 1663 1171 Daniele
1701 1124 1715 1168 :
1758 1106 1872 1169 Re-

370 1226 574 1289 gnum
615 1217 680 1272 et
716 1217 999 1291 potestas
1038 1206 1298 1271 dabitur
1335 1206 1575 1290 populo
1616 1205 1871 1269 Sancto-

372 1326 517 1371 rum
561 1306 901 1370 Altissimi.

192 1417 229 1471 9
454 1408 585 1477 Qui
609 1410 952 1484 confidunt
979 1408 1053 1467 in
1084 1407 1227 1475 illo,
1248 1406 1617 1481 intelligent
1644 1404 1874 1465 verita-

373 1516 496 1567 tem
527 1526 552 1565 .·
598 1503 663 1567 id
706 1512 825 1579 est,
859 1504 974 1586 qui
1012 1522 1160 1567 cum
1214 1501 1447 1567 humili
1492 1501 1735 1564 fiducia
1776 1500 1873 1563 in-

360 1610 604 1667 -vocant
630 1602 831 1666 Deum
858 1609 1227 1667 constanter
1257 1619 1374 1684 pro
1404 1599 1874 1663 illuminatione

372 1699 649 1776 interna,
684 1699 1049 1783 intelligent
1086 1700 1424 1765 veritatem
1463 1700 1543 1761 de
1588 1715 1875 1761 necessa-

373 1799 489 1861 riis
515 1800 596 1862 ad
624 1799 919 1877 salutem,
953 1800 1107 1881 quia
1146 1798 1453 1863 Dominus
1482 1794 1875 1860 illuminabit

1977 819 2043 873 et
2096 812 2268 893 just-a
2317 814 2454 895 ejus
2511 827 2827 900 praecepta
2884 819 3258 883 omiserunt.
3311 818 3470 881 Hinc

1979 911 2149 992 apud
2193 911 2580 995 Sophoniam
2618 917 2987 1001 praecipitur
3019 936 3034 980 :
3067 917 3336 993 Quaerite
3371 919 3472 1000 ju·
3501 935 3764 993 swam.

1980 1017 2172 1086 stum,
2220 1012 2488 1092 quaerite
2533 1023 2959 1092 mansuetum,
3009 1016 3066 1078 si
3111 1035 3241 1098 quo
3281 1016 3472 1080 modo

1982 1108 2466 1173 abscondamini
2501 1111 2565 1175 in
2610 1112 2714 1175 die
2744 1112 2981 1177 furoris
3010 1112 3283 1178 Domini.
3319 1118 3403 1177 E't
3431 1136 3474 1176 a

1980 1209 2258 1270 Domino
2305 1222 2696 1273 recesserunt
2744 1230 2858 1295 per
2916 1212 3147 1277 mentis
3196 1213 3474 1277 aversio-

1982 1323 2129 1369 nem
2177 1314 2242 1368 et
2284 1306 2808 1384 inobedientiam,
2848 1328 2978 1374 non
3033 1330 3148 1393 per
3204 1311 3471 1375 localem

1980 1403 2349 1466 distantiam
2386 1420 2400 1467 ε
2432 1406 2613 1486 Juxta
2642 1406 2822 1483 illud,
2845 1408 3330 1492 Dereliquerunt
3356 1408 3475 1472 Do-
3504 1426 3614 1471 ουκ
3631 1430 3766 1479 mio.

1982 1500 2229 1564 minum
2269 1502 2336 1565 in
2376 1522 2504 1568 non
2551 1505 2988 1571 custodiendo.

2078 1603 2490 1679 Sapientiam
2533 1606 2734 1674 enim,
2779 1624 2924 1687 qnae
2967 1615 3064 1670 est
3109 1606 3333 1691 sapida
3380 1606 3476 1670 di·
3607 1616 3668 1672 ss

1982 1700 2278 1764 vinorum
2349 1701 2598 1780 notitia,
2649 1714 2711 1765 et
2755 1708 3200 1783 disciplinam,
3251 1706 3315 1769 id
3380 1714 3478 1769 est

1985 1799 2252 1863 moralia
2292 1801 2692 1877 documenta,
2727 1822 2839 1866 seu
2878 1804 3345 1887 correptionem
3377 1823 3479 1867 ca-

95 1916 346 1967 nceraum-
374 1917 485 1963 eos
523 1916 640 1981 per
682 1917 774 1976 se,
817 1905 927 1960 aut
976 1916 1091 1979 per
1134 1916 1284 1959 suos
1333 1896 1682 1959 ministroS.
1724 1894 1873 1969 Quis
1911 1896 1958 1957 B
1986 1896 2328 1973 ritativam,
2349 1898 2668 1980 justamve
2698 1900 3204 1984 castigationem,
3231 1905 3349 1984 qui
3377 1907 3481 1964 ab·

376 1996 551 2060 enim
600 1994 927 2059 invocavit
976 1994 1185 2069 illum,
1240 2002 1305 2057 et
1347 1993 1635 2076 despexit
1683 1995 1874 2056 eum?
1971 1998 2133 2076 jicit
2180 2016 2218 2058 a
2266 2016 2354 2074 se,
2409 2000 2654 2076 infelix
2706 2011 2796 2061 est
2839 2000 2973 2082 jam
3022 2000 3300 2064 miseriis
3347 2002 3480 2065 cul-

128 2111 263 2155 ectr.
292 2124 349 2161 nv,
376 2096 523 2159 ldeo
564 2102 783 2159 monet
829 2093 1167 2177 Apostolus
1202 2110 1217 2155 z
1259 2094 1574 2156 Adeamus
1610 2111 1758 2155 cum
1802 2090 1877 2153 ti-

98 2176 159 2215 ¹⁶'
378 2194 566 2260 ducia
598 2193 677 2256 ad
718 2192 1019 2255 thronum
1050 2192 1271 2272 gratiae
1300 2192 1463 2272 ejus,
1497 2190 1735 2272 Nempe
1763 2190 1876 2272 qui

378 2291 723 2357 confidunt
769 2290 839 2353 in
879 2291 1169 2367 Domine,
1207 2309 1334 2354 non
1378 2296 1771 2373 praesumunt
1800 2289 1879 2352 de

380 2390 641 2472 ingenio
700 2408 839 2465 suo,
907 2388 1051 2453 ideo
1114 2386 1467 2451 illuminari
1526 2394 1872 2450 merentur.

132 2491 719 2572 1³2.111·=1..Propterea
748 2488 1040 2553 hortatur
1079 2487 1396 2570 Propheta
1428 2506 1441 2551 :
1476 2486 1773 2550 Accedite
1799 2486 1878 2547 ad

99 2572 135 2611 ⁶·
380 2607 553 2663 eum,
587 2596 653 2652 et
696 2585 1179 2650 illuminamini.
1218 2589 1297 2649 Ec
1337 2588 1557 2663 fideles
1603 2587 1677 2646 in
1724 2587 1882 2645 dite-

380 2689 611 2759 ctione,
645 2686 709 2749 id
740 2693 857 2763 est,
883 2683 997 2767 qui
1028 2684 1227 2748 Deum
1255 2691 1619 2747 constanter
1647 2689 1711 2746 et
1738 2680 1883 2745 effi-

380 2784 617 2849 caciter
668 2783 969 2865 diligunt,
1021 2784 1420 2862 acquiescent
1464 2783 1598 2852 illi,
1648 2780 1713 2843 id
1760 2787 1877 2858 ost,

380 2884 699 2960 obedient,
724 2882 1151 2955 adhaerebunt,
1176 2889 1239 2945 et
1268 2900 1456 2943 suum
1489 2879 1883 2944 intellectum

382 2981 716 3046 humiliter
747 2981 1023 3045 subdent
1051 2980 1409 3044 auctoritati
1442 2978 1600 3042 fidei
1628 2998 1699 3042 ac
1730 2976 1885 3041 Scri-

1988 2114 2109 2177 pae,
2130 2103 2194 2158 et
2225 2096 2550 2159 demeritis
2580 2116 2787 2179 poenae
2816 2107 3087 2162 aeternae.
3111 2099 3240 2163 Hoc
3269 2108 3479 2164 autem

1990 2192 2258 2271 faciunt,
2304 2194 2415 2275 qui
2457 2196 2760 2259 recedunt
2803 2216 2840 2259 a
2884 2196 3173 2263 Domino.
3224 2197 3382 2262 Hinc
3417 2207 3481 2261 ct

1990 2292 2058 2354 in
2114 2291 2472 2356 Proverbiis
2532 2294 2839 2377 scriptum
2889 2302 2986 2357 est
3031 2315 3045 2359 ε
3097 2294 3213 2369 Qui
3262 2295 3484 2377 abjicit
3547 2310 3684 2353 Pron.
3705 2322 3776 2361 xv,

1990 2389 2422 2472 disciplinam,
2471 2392 2739 2474 despicit
2784 2392 3060 2456 animam
3114 2413 3326 2473 suam3
3371 2394 3481 2476 qui
3513 2376 3580 2417 ³²·

1990 2497 2202 2553 autem
2246 2488 2595 2571 acquiescit
2638 2490 3204 2573 increpationibuS,
3237 2510 3486 2575 posses-

1992 2606 2096 2651 sor
2125 2595 2224 2651 est
2249 2588 2482 2652 cordis.
2513 2590 2854 2672 Apostolus
2884 2609 3178 2673 quoque:
3212 2591 3278 2655 Si
3309 2599 3486 2656 extra
3513 2615 3777 2668 aarum.

1991 2686 2422 2768 disciplinam,
2449 2688 2680 2769 inquit,
2714 2690 2890 2764 estiS,
2923 2707 3074 2771 ergo
3104 2690 3399 2765 adulteri,
3423 2699 3486 2754 et

1995 2802 2123 2847 non
2159 2784 2284 2846 filii
2317 2785 2492 2848 estis,
2527 2790 2611 2849 Εἰ
2640 2807 2850 2848 vacua
2877 2797 2968 2848 est
2994 2806 3134 2865 spes
3161 2791 3432 2850 illorum
3461 2808 3486 2852 .·

1995 2882 2148 2965 quia
2177 2882 2454 2945 inaniter
2483 2893 2742 2966 sperant
2771 2885 3062 2949 obtinere
3103 2886 3390 2963 salutem,
3425 2897 3489 2951 et

1994 2980 2062 3043 in
2090 2979 2283 3044 rebus
2312 2982 2569 3045 caducis
2597 2982 3047 3046 damnabiliter
3070 2984 3280 3064 figunt
3308 3003 3488 3068 spem

102 3105 132 3149 ιι
146 3106 297 3157 cmx,
310 3107 353 3150 ³.
383 3079 615 3164 pturiS,
650 3079 1009 3159 redigentes
1041 3077 1437 3141 intellectum
1469 3095 1656 3139 suum
1688 3076 1756 3139 in
1784 3094 1884 3138 ca·
1916 3079 1962 3144 C
1994 3098 2196 3153 suam,
2251 3087 2315 3143 et
2378 3077 2858 3143 frustrabuntur
2909 3080 3048 3145 fine
3081 3090 3317 3165 optato
3375 3102 3487 3147 seu

360 3178 773 3263 ptivitatem,
834 3176 900 3239 in
960 3175 1341 3258 obsequium
1402 3172 1661 3237 Christi.
1724 3173 1883 3237 Hinc

116 3304 357 3353 samm,
384 3280 477 3343 ait
501 3278 831 3342 Salvator:
858 3275 923 3340 Si
954 3274 1100 3358 quis
1130 3273 1339 3355 diligit
1367 3292 1490 3348 me,
1524 3291 1881 3337 sermonem

100 3368 267 3473 {234ss
290 3434 341 3473 w
387 3397 599 3441 meum
635 3374 949 3455 servabit3
985 3383 1051 3437 et
1078 3371 1255 3451 alibi,
1287 3372 1353 3435 Si
1385 3378 1703 3454 praecepta
1742 3390 1883 3434 mea

271 3462 284 3481 “
347 3461 819 3549 'servaveritis,
854 3471 1192 3536 manebitis
1238 3470 1306 3533 in
1342 3470 1687 3534 dilectione
1716 3487 1877 3532 mea.

384 3574 640 3639 Etenim
694 3569 1219 3653 signum.fidelis
1274 3578 1337 3633 et
1383 3587 1549 3633 verae
1600 3567 1885 3632 dilectio-

388 3674 513 3751 nis,
530 3679 631 3736 est
657 3669 968 3736 exhibitio
998 3668 1221 3753 operis.
1244 3666 1509 3732 Dilectio
1537 3666 1710 3731 enim
1740 3685 1886 3730 con-

390 3772 625 3837 format
664 3768 1059 3833 voluntatem
1088 3766 1414 3847 diligentis
1446 3765 1761 3830 voluntati
1792 3764 1886 3826 di-

368 3868 572 3949 lecti,
596 3875 662 3931 et
699 3865 883 3949 quasi
926 3866 1082 3947 ligat
1122 3884 1227 3928 eas
1267 3866 1349 3927 ad
1393 3864 1692 3941 invicem,
1732 3862 1887 3945 quia

386 3966 651 4032 dilectio
682 3964 918 4029 dicitur
946 3965 1130 4046 quasi
1160 3965 1434 4028 duorum
1465 3962 1705 4044 ligatio.
1733 3966 1889 4032 Quo-

1992 3177 2163 3242 bono
2215 3186 2504 3261 sperat03
2543 3188 2604 3241 et
2654 3181 2896 3241 labores
2940 3182 3083 3241 sine
3126 3182 3376 3258 fracta,
3423 3180 3488 3245 id

1992 3284 2107 3355 est,
2144 3276 2439 3361 profectu
2467 3285 2532 3341 et
2561 3278 2789 3342 merito
2817 3278 2966 3343 vitae
2993 3287 3246 3343 aeternae
3272 3287 3491 3343 carent

1992 3373 2242 3437 labores
2274 3372 2558 3454 ipsorum
2585 3391 2600 3437 ε
2627 3372 2756 3436 imo
2786 3372 3001 3438 vitiosi
3031 3381 3200 3449 sunt,
3225 3382 3290 3437 et
3312 3374 3492 3437 >dam-

1993 3470 2316 3534 nationem
2346 3478 2692 3547 merentur,
2717 3489 2917 3553 quum
2949 3472 3032 3534 sit
3060 3490 3359 3555 perversa
3387 3490 3492 3536 eo-

1994 3590 2137 3633 rum
2169 3569 2439 3632 intentio
2457 3586 2476 3648 3
2510 3579 2573 3630 et
2606 3571 3068 3633 inhabitabilia
3104 3590 3295 3650 opera
3325 3572 3492 3649 ipso-

1994 3690 2141 3730 rum
2172 3688 2195 3728 .·
2225 3668 2291 3730 id
2322 3675 2438 3742 est,
2473 3666 2597 3749 ipsi
2643 3686 2755 3748 per
2799 3686 2993 3751 opera
3022 3687 3137 3731 sua
3164 3686 3485 3751 perversa,

1994 3786 2113 3831 nec
2138 3766 2206 3829 in
2232 3765 2533 3827 militanti
2557 3764 2840 3829 Ecclesia
2862 3765 3168 3844 habitant,
3185 3774 3489 3849 tanquam

1996 3866 2143 3931 viva
2188 3863 2475 3927 membra
2527 3863 2605 3927 ad
2664 3864 3004 3947 mysticum
3042 3883 3274 3947 corpus
3315 3864 3494 3927 Chri-

1997 3962 2077 4027 sti
2132 3961 2508 4045 spectantia,
2562 3980 2680 4025 nec
2725 3961 3050 4025 coelestem
3092 3962 3490 4027 mansionem

391 4070 579 4130 niam
626 4067 874 4125 donam
921 4072 981 4123 et
1020 4084 1161 4141 pam
1206 4072 1297 4123 est
1340 4062 1551 4123 electis
1595 4062 1737 4139 ejus
1768 4081 1789 4121 .·
1821 4059 1885 4123 id
1993 4061 2326 4144 acquirent
2349 4078 2463 4143 per
2493 4079 2578 4124 ea.
2602 4059 2840 4125 idcirco
2870 4062 2949 4125 de
2971 4079 3100 4125 non
3126 4060 3492 4126 confidente

390 4173 509 4241 est,
544 4161 733 4227 electi
776 4161 883 4224 Dei
924 4160 1161 4224 habent
1206 4180 1243 4223 a
1280 4160 1407 4223 Deo
1449 4160 1615 4223 dona
1645 4158 1883 4241 gratita,

1998 4162 2065 4224 in
2113 4159 2404 4235 Domino,
2456 4166 2521 4222 et
2558 4160 2891 4222 recedente
2940 4158 3021 4222 ab
3066 4178 3164 4236 eo,
3209 4159 3492 4243 loquitur

393 4279 750 4345 pacemque
794 4258 1071 4342 pectoris
1122 4258 1188 4321 in
1237 4256 1555 4341 praesenti,
1600 4276 1673 4320 ac
1722 4258 1889 4319 dona
1917 4259 1968 4321 D
1995 4258 2302 4323 Jeremias
2339 4274 2352 4319 :
2385 4256 2520 4319 Erit
2561 4265 2862 4339 tanquam
2900 4258 3158 4341 myricae
3185 4259 3252 4322 in
3282 4260 3493 4323 deser·
3518 4291 3784 4347 senum.

392 4359 617 4442 gloriae
646 4377 721 4422 ac
751 4375 973 4440 pacem
1001 4355 1372 4419 aeternitatis
1399 4356 1471 4419 in
1504 4354 1742 4419 futuro.
1778 4355 1890 4417 De-

394 4458 597 4539 nique
637 4455 857 4519 electis
904 4473 1017 4518 seu
1054 4452 1520 4536 praedestinatis
1564 4454 1726 4517 Deus
1769 4452 1891 4516 lar-

393 4556 571 4638 gitur
602 4554 667 4617 in
700 4553 805 4617 via
835 4552 1049 4617 omnia
1081 4552 1439 4616 necessaria
1466 4569 1581 4634 pro
1620 4550 1892 4615 beatitu-

386 4654 552 4718 dine
580 4651 949 4728 obtinenda,
984 4649 1518 4732 quemadmodum
1546 4650 1627 4713 ab
1656 4658 1892 4714 aeterno

398 4750 687 4817 decrevit
727 4758 791 4813 et
840 4747 1315 4832 proeordinavit.

204 4858 271 4915 to
432 4904 439 4911 .
481 4850 691 4928 Impii
736 4858 956 4909 autem
998 4850 1350 4910 secundum
1391 4867 1534 4927 quoe
1588 4848 1897 4925 coyitave-

401 4958 591 5019 runt,
620 4946 1085 5023 correptionem
1112 4946 1453 5017 habebunt,
1478 4944 1543 5007 id
1572 4954 1689 5021 est,
1721 4944 1899 5008 debi-

405 5056 501 5110 tas
530 5045 713 5109 luent
741 5061 987 5127 poenaS,
1012 5051 1077 5107 et
1106 5042 1172 5105 in
1203 5043 1445 5125 judicio
1475 5044 1901 5126 corripientur

406 5145 758 5211 secundum
790 5141 1251 5223 cogitationum
1282 5162 1539 5206 suarum
1571 5143 1897 5207 demerita.

114 5268 375 5317 uastam.
408 5242 540 5308 Illis
569 5241 808 5306 etenim
852 5241 1053 5304 Iudex
1081 5239 1370 5303 dicturus
1400 5249 1495 5303 est
1530 5258 1543 5303 :
1578 5242 1685 5320 lte,
1720 5242 1908 5305 male-

114 5333 179 5376 ⁴¹·
336 5394 343 5401 .
412 5339 595 5419 dicti,
627 5340 692 5403 in
726 5338 938 5421 ignem
966 5347 1298 5403 aeternum.
1335 5341 1460 5409 Qui
1489 5344 1907 5418 neqleoeerunt

1999 4367 2084 4433 to,
2120 4365 2186 4421 et
2227 4355 2546 4418 habitabit
2587 4355 2654 4417 in
2706 4363 2874 4419 terra
2919 4355 3274 4438 salsuginis.
3311 4358 3494 4421 Tales

1999 4474 2278 4539 namque
2307 4456 2387 4518 ad
2417 4453 2750 4518 ecclesiam
2780 4454 3288 4537 malignantium,
3321 4465 3382 4519 et
3413 4456 3492 4519 ad

2000 4552 2448 4638 Babylonicam
2487 4552 2810 4634 pertinent
2849 4552 3194 4617 civitatem.

2082 4655 2391 4715 Mulieres
2419 4671 2640 4711 eorum
2670 4654 3010 4715 insensatae
3045 4662 3219 4725 sunt,
3253 4651 3498 4716 confor—
3625 4674 3692 4729 12

2004 4752 2237 4815 mando
2267 4770 2336 4813 se
2366 4749 2542 4815 vitiis
2574 4750 2949 4813 maritorum
2987 4768 3247 4814 suorum
3282 4769 3297 4814 :
3331 4751 3498 4833 quod

2006 4859 2217 4913 tamen
2252 4868 2380 4912 non
2413 4865 2662 4928 semper
2693 4846 2784 4910 sic
2813 4855 2930 4924 est,
2964 4847 3074 4910 sed
3105 4845 3496 4928 frequenter.

2006 4948 2085 5011 Et
2140 4946 2318 5029 juxta
2373 4946 2550 5009 hunc
2607 4964 2864 5008 sensum
2925 4944 3339 5027 subjungitur
3383 4963 3398 5007 ε
3443 4956 3503 5007 et

2008 5046 2392 5126 nequissimi
2418 5045 2555 5123 filii
2582 5064 2804 5104 eorum
2833 5065 2857 5103 .·
2885 5042 3036 5124 quia
3067 5062 3104 5105 a
3131 5043 3504 5126 parentibus

2009 5162 2138 5208 non
2169 5143 2618 5219 informantur,
2644 5160 2762 5205 nec
2791 5141 3142 5204 educantur
3167 5141 3235 5204 in
3263 5142 3502 5206 salubri

2011 5240 2298 5311 scientia,
2332 5248 2395 5303 et
2443 5238 2726 5303 moribus
2766 5246 2958 5320 atque
2993 5238 3360 5318 virtutibuS,
3395 5242 3506 5304 sed

2016 5338 2220 5421 magis
2259 5338 2326 5401 in
2369 5337 2565 5403 vitiis.
