4284 6267
557 3972 806 4023 Rom-tx,27.

822 502 940 565 294

1554 517 1904 564 ENARRATIO
1947 516 2010 561 IN
2055 514 2357 562 cAN'rlcmt
2398 514 2801 561 CANthonmt.
2850 536 2930 547 —
2971 514 3113 561 Am.
3160 514 3181 560 1

823 689 1213 771 Synagogam
1270 688 1561 765 includit,
1613 688 1743 751 imo
1787 695 1973 769 prout
2024 687 2317 767 designat
2344 685 2391 746 A
2421 685 2813 766 gratulanter
2850 694 3267 768 susceperunt
3304 685 3597 749 eumdem
3630 684 3737 766 qui
3783 684 3913 749 fue-

821 790 1164 853 electorum
1198 789 1486 852 omnium
1516 787 1596 850 ab
1627 788 1886 851 exordio
1917 786 2138 849 mundi
2172 804 2317 849 con-

819 888 1253 969 gregationem
1287 895 1351 949 ct
1389 896 1622 951 coetum
1663 886 2033 950 electorum.
2067 884 2312 946 Etenim

820 986 1142 1066 Origenes,
1175 986 1290 1068 qui
1321 996 1446 1049 tam
1479 986 1800 1065 eleganter
1839 1004 2029 1067 super
2057 983 2315 1046 Cantica

822 1084 1098 1169 scripsit,
1138 1095 1208 1147 ut
1249 1085 1665 1167 Hieronymus
1707 1090 2111 1166 protestetur,
2145 1081 2316 1162 quod

824 1183 1116 1263 quamvis
1163 1184 1228 1245 in
1284 1184 1511 1247 ceteris
1559 1181 1814 1263 scriptis
1868 1190 2153 1256 cunctOS,
2204 1179 2318 1261 qui

822 1290 969 1345 ante
999 1302 1143 1346 eum
1185 1282 1462 1355 fuerunt,
1500 1282 1788 1343 doctores
1829 1277 2191 1353 excesserit,
2232 1284 2321 1338 ta-

823 1401 970 1444 men
999 1401 1189 1463 super
1214 1381 1350 1443 haec
1374 1380 1629 1443 Cantica
1654 1397 1720 1441 se
1747 1378 1884 1460 ipso
1909 1375 2321 1440 excellentior

827 1480 972 1557 fuit,
1027 1480 1117 1542 ait
1150 1500 1163 1544 :
1199 1478 1482 1542 Ecclesia
1529 1479 1609 1539 sit
1656 1476 2024 1539 desiderans
2069 1474 2321 1535 Christo

826 1578 1133 1660 conjungi
1166 1576 1538 1657 (Ecclesiam
1579 1583 1812 1651 autem,
1844 1582 2076 1637 coetum
2117 1571 2323 1635 omni-

829 1696 935 1739 um
981 1677 1241 1739 adverte
1279 1676 1670 1754 sanctorum)
1705 1691 1718 1735 :
1753 1672 1887 1735 haec
1925 1690 2074 1752 ergo
2118 1670 2323 1733 Eccle-

829 1776 923 1839 sia
952 1776 1036 1837 sit
1063 1774 1244 1857 quasi
1279 1792 1406 1836 una
1433 1773 1718 1836 omnium
1751 1790 2044 1854 persona,
2070 1788 2212 1852 quae
2242 1768 2325 1831 lo·

2423 792 2575 847 runt
2620 793 2903 869 tempore
2951 785 3191 866 gratiae.

2504 883 2818 965 AmpliuS,
2871 883 2933 946 S.
2980 884 3332 946 Bernardus
3390 884 3457 945 in
3512 883 3770 947 exordio
3818 902 3914 947 se-

2425 982 2619 1045 cundi
2664 982 2974 1045 sermonis
3017 1001 3209 1064 super
3250 982 3527 1058 Cantica,
3575 982 3909 1063 loquitur:

2425 1080 2727 1143 Ardorem
2786 1081 3087 1143 desiderii
3144 1089 3395 1163 patrum
3456 1080 3914 1163 suspirantium

2426 1179 2656 1242 Christi
2698 1180 2762 1241 in
2802 1198 2991 1243 carne
3023 1179 3446 1261 praesentiam,
3480 1178 3917 1261 frequentissi-

2427 1297 2529 1340 me
2571 1277 2878 1357 cogitanS,
2913 1295 3307 1360 compungor
3348 1287 3411 1340 et
3443 1276 3801 1341 confundor
3847 1277 3914 1339 in

2428 1376 2822 1458 memetipso,
2843 1383 2905 1438 et
2936 1395 3107 1439 nunc
3137 1376 3241 1439 vix
3265 1378 3560 1440 contineo
3586 1375 3911 1439 lacrimas:

2430 1475 2518 1537 ita
2550 1475 2734 1537 taedet
2763 1474 2999 1557 teporis
3031 1476 3431 1558 torporisque
3456 1475 3916 1539 miserabilium

2428 1583 2785 1656 temporum
2835 1574 3085 1637 horum.
3136 1575 3247 1637 Cui
3308 1593 3583 1657 namque
3631 1584 3915 1637 nostrum

2428 1681 2674 1735 tantum
2718 1673 2948 1753 ingerit
2978 1674 3291 1753 'gaudium
3329 1674 3546 1753 gratiae
3583 1674 3777 1756 hujus
3818 1694 3921 1737 ex-

2430 1771 2682 1848 hibitio,
2746 1780 3053 1854 quantum
3124 1772 3369 1835 Sanctis
3437 1772 3757 1836 veteribus
3821 1792 3921 1836 ac-

828 1884 1061 1958 quatur
1089 1883 1151 1936 et
1180 1872 1624 1936 dicat20mnia
1653 1871 1886 1950 habe03
1913 1869 2152 1952 repleta
2181 1886 2322 1929 sum
2360 1876 2404 1936 B
2433 1870 2731 1933 cenderat
2768 1869 3157 1933 desiderium
3209 1869 3583 1952 promissio?
3630 1870 3707 1931 Et
3753 1869 3920 1933 sicut

829 1972 1225 2048 muneribuS,
1261 1989 1402 2052 quae
1443 1969 1908 2052 sponsaliorum
1950 1966 2138 2030 titulo
2176 1974 2323 2028 ante

830 2071 1085 2154 nuptias
1115 2069 1381 2152 sumpsi.
1417 2068 1662 2130 Dudum
1697 2067 1868 2130 enim
1904 2068 2055 2128 dum
2091 2083 2327 2148 praepa-

2431 1978 2892 2050 consequenter
2932 1970 3115 2031 docet
3154 1968 3523 2044 BernarduS,
3556 1969 3623 2032 in
3663 1969 3919 2032 illorum

2432 2077 2683 2152 patrum
2724 2066 2957 2131 veteris
2990 2067 3372 2130 Testamenti
3412 2086 3685 2150 persona
3722 2068 3789 2131 in
3827 2087 3921 2131 cx-

829 2189 1004 2233 rarer
1031 2169 1112 2231 ad
1137 2168 1508 2249 conjugium
1540 2165 1664 2228 filii
1695 2165 1893 2245 Regia,
1913 2163 2325 2247 primogeniti
2422 2167 2612 2231 ordio
2671 2166 2865 2248 hujus
2920 2166 3157 2229 dicitur
3215 2166 3384 2243 libri,
3436 2166 3767 2230 Osculetur
3820 2186 3921 2229 mc

829 2268 1038 2332 omnis
1063 2265 1928 2342 creaturae,ministraverunt
1960 2262 2118 2324 mihi
2148 2279 2327 2341 ange-

830 2368 877 2429 li
903 2365 1103 2429 sancti
1131 2366 1290 2446 ejuS,
1305 2363 1661 2426 deferentes
1688 2363 1764 2425 ad
1790 2380 1892 2423 me
1919 2360 2120 2441 legem
2148 2378 2325 2442 spon-

831 2465 982 2527 salis
1011 2463 1298 2526 muneris
1330 2462 1490 2525 loco.
1530 2461 1670 2523 Haec
1712 2459 2034 2539 Origenes,
2069 2457 2322 2521 Certum

831 2572 928 2627 est
961 2571 1198 2639 autem,
1241 2561 1412 2624 istud
1455 2578 1581 2623 non
1627 2558 1970 2622 convenire
2003 2557 2321 2631 Ecclesiae,

831 2662 1063 2725 nisiex
1095 2678 1364 2743 persona
1407 2666 1470 2722 et
1509 2666 1688 2740 parte
1729 2657 2094 2740 Synagogae.

911 2762 1175 2842 lnsuper
1217 2758 1554 2821 Anselmus
1603 2755 2074 2819 cantuariensis
2119 2754 2327 2817 archi-

830 2860 1167 2942 episcopus
1218 2857 1283 2919 in
1335 2856 1597 2939 prologo
1639 2872 1753 2917 suo
1803 2873 1995 2936 super
2040 2853 2320 2929 Cantica,

831 2957 1086 3040 scripsit
1121 2975 1134 3020 ε
1171 2955 1300 3019 Sub
1338 2953 1675 3038 prophetia
1714 2954 1885 3034 (quae
1931 2951 2010 3013 fit
2050 2952 2128 3014 de
2173 2970 2326 3032 prae-

2432 2265 2652 2329 osculo
2682 2265 2812 2327 oris
2842 2265 2963 2342 sui,
2999 2264 3297 2328 videlicet
3337 2264 3403 2326 in
3433 2283 3704 2348 persona
3732 2266 3923 2349 Syna-

2432 2382 2629 2447 gogae‚
2686 2363 2786 2427 vel
2846 2362 3143 2425 Ecclesiae
3193 2362 3584 2446 Synagogam
3642 2382 3922 2447 compre-

2434 2462 2797 2525 hendentis,
2850 2461 3075 2525 Subdit
3123 2461 3363 2543 quippe
3408 2463 3760 2525 Bernardus
3796 2480 3811 2524 :
3847 2462 3923 2524 Il-

2434 2562 2639 2624 lorum
2699 2578 2848 2640 ergo
2906 2559 3293 2623 desiderium
3345 2559 3625 2641 flagrans
3681 2569 3746 2623 et
3802 2562 3921 2643 piae

2433 2658 2923 2741 exspectationis
2972 2658 3305 2734 affectum,
3357 2668 3539 2723 sonat
3588 2658 3745 2721 mihi
3803 2678 3921 2723 vox

2436 2759 2566 2835 illa,
2598 2757 2928 2821 Osculetur
2966 2775 3069 2820 me
3099 2758 3317 2821 osculo
3346 2758 3475 2820 oris
3506 2758 3628 2821 sui.
3664 2794 3740 2805 -
3768 2759 3922 2821 Prae-

2434 2867 2603 2920 terea
2665 2865 2920 2919 sanctus
2978 2855 3317 2936 Gregorius
3372 2858 3542 2920 circa
3594 2858 3918 2920 exordium

2433 2954 2847 3037 expositionis
2881 2954 3029 3018 libri
3061 2955 3266 3031 istiuS‚
3292 2956 3690 3038 apertissime
3721 2957 3875 3020 dicit
3906 2974 3919 3019 ε

829 3058 1040 3134 terito,
1093 3074 1165 3119 ac
1215 3054 1532 3137 praesenti‚
1585 3062 1649 3115 et
1701 3051 1947 3133 futuro)
1997 3050 2157 3114 liber
2207 3051 2325 3113 iste
2362 3052 2404 3113 C
2434 3056 2745 3118 Ponamus
2788 3061 2936 3116 ante
2979 3054 3197 3117 oculos
3234 3074 3423 3118 omne
3461 3072 3661 3134 genus
3702 3054 3923 3117 huma-

831 3156 1107 3240 supponi
1136 3154 1391 3230 dicitur,
1424 3153 1574 3235 quia
1605 3153 1881 3216 ostendit
1910 3171 2055 3215 cum
2088 3160 2326 3233 quanto

831 3254 1144 3320 desiderio
1177 3252 1391 3315 fidelis
1422 3251 1750 3335 Synagoga
1779 3252 2120 3314 adventum
2151 3251 2329 3313 Chri·

831 3355 912 3418 sti
943 3351 1340 3417 desiderabat
1381 3359 1443 3413 et
1474 3349 1876 3433 exspectabat
1902 3351 2109 3431 :quod
2141 3352 2328 3413 modo

831 3460 1216 3516 transactum
1253 3457 1370 3512 est.
1404 3449 1692 3512 Ostendit
1723 3449 1912 3511 etiam
1954 3468 2096 3512 cum
2134 3468 2330 3530 quan-

830 3562 894 3616 to
941 3550 1172 3632 gaudio
1214 3549 1282 3612 hi
1331 3550 1442 3631 qui
1493 3558 1778 3632 tempore
1821 3549 2042 3629 gratiae
2084 3549 2333 3613 exstite-

833 3660 1003 3727 runt,
1051 3652 1398 3713 adventum
1439 3648 1580 3711 Filii
1626 3648 1736 3711 Dei
1782 3657 2222 3731 susceperunt,
2268 3657 2331 3711 et

835 3751 1112 3835 qualiter
1144 3748 1448 3825 Ecclesia,
1483 3746 1884 3830 plenitudine
1915 3747 2203 3828 gentium
2240 3748 2333 3809 in-

838 3859 1066 3928 trante,
1099 3849 1182 3911 sit
1210 3856 1392 3911 aucta
1429 3865 1443 3909 :
1477 3847 1647 3930 quod
1687 3866 1856 3909 nunc
1895 3846 2199 3909 cernitur.
2234 3849 2334 3908 ln-

838 3952 1052 4014 sinuat
1103 3966 1359 4031 quoque
1412 3946 1685 4028 qualiter
1739 3946 1989 4008 tandem
2047 3946 2333 4028 reliquiae

839 4049 1025 4112 lsrael
1054 4048 1244 4109 salvae
1281 4044 1442 4108 fient
1477 4062 1490 4105 ε
1525 4045 1694 4125 quod
1724 4052 1967 4107 constat
1997 4063 2137 4107 esse
2170 4043 2335 4106 sutu-

839 4166 1006 4210 rum.
1038 4145 1271 4209 Iterum
1306 4143 1395 4206 ait
1437 4143 1774 4205 Anselmus
1810 4160 1823 4204 :
1859 4142 2110 4205 Materia
2140 4143 2333 4223 hujus

2437 3174 2614 3231 num,
2656 3152 2737 3215 ab
2778 3154 3037 3217 exordio
3080 3154 3305 3216 mundi
3354 3172 3557 3235 usque
3599 3155 3677 3217 ad
3727 3153 3920 3217 finem

2438 3254 2598 3335 ejuS‚
2635 3260 2828 3315 totam
2861 3252 3158 3315 videlicet
3185 3253 3533 3317 Ecclesiam
3563 3271 3703 3316 esse
3734 3272 3921 3316 unam

2438 3371 2759 3435 sponsam,
2794 3371 2937 3434 quae
2978 3352 3197 3415 arrhas
3242 3352 3560 3434 spirituali
3603 3353 3773 3416 dono
3816 3372 3927 3434 per

2438 3453 2639 3534 legem
2686 3459 3096 3533 perceperat3
3144 3451 3255 3514 sed
3299 3459 3509 3514 tamen
3558 3451 3777 3532 sponsi
3828 3450 3924 3513 sui

2438 3552 2841 3636 praesentiam
2876 3549 3225 3632 quaerebat,
3255 3569 3398 3632 quae
3437 3549 3593 3612 dicit
3628 3568 3641 3611 :
3674 3549 3929 3613 Oscule-

2439 3661 2541 3713 tur
2590 3668 2691 3712 me
2738 3648 2957 3712 osculo
3003 3647 3131 3712 oris
3178 3648 3301 3710 sui.

2521 3748 2677 3811 Ecce
2714 3756 2808 3810 tot
2846 3755 2909 3811 et
2949 3755 3268 3810 tantorum
3306 3747 3555 3809 Patrum
3596 3746 3931 3810 catholico-

2440 3868 2578 3910 rum
2624 3846 3008 3909 testimoniis
3051 3846 3375 3922 elucescit,
3408 3846 3576 3927 quod
3624 3845 3783 3908 liber
3827 3844 3933 3908 hic

2443 3954 2668 4009 tractet
2724 3947 2801 4009 de
2848 3945 3099 4008 Christo
3155 3953 3347 4026 atque
3396 3944 3679 4008 Ecclesia
3732 3962 3747 4007 :
3803 3962 3929 4007 non

2443 4053 2631 4126 prout
2676 4043 2960 4107 Ecclesia
3006 4052 3229 4107 contra
3264 4043 3657 4125 Synagogam
3703 4041 3933 4105 dividi-

2444 4150 2566 4218 tur,
2594 4143 2703 4205 sed
2736 4150 2924 4225 prout
2953 4141 3343 4223 Synagogam
3378 4140 3679 4222 includit3
3711 4150 3774 4204 et
3804 4159 3930 4205 non

838 4247 990 4310 libri
1028 4264 1141 4308 seu
1178 4242 1410 4326 operiS,
1445 4250 1540 4305 est
1577 4260 1846 4323 sponsus
1885 4249 1949 4305 et
1979 4259 2233 4324 sponsa,
2270 4242 2332 4304 id
2365 4247 2413 4308 D
2442 4243 2835 4323 Synagogam
2881 4240 3227 4317 dumtaxat,
3264 4240 3373 4302 sed
3417 4247 3481 4303 et
3522 4239 3782 4303 Sanctos
3822 4240 3933 4320 qui

840 4354 933 4409 est
962 4342 1246 4408 Christus
1278 4351 1340 4405 et
1371 4348 1585 4403 sancta
1621 4340 1902 4403 Ecclesia
1932 4349 2059 4402 tam
2100 4342 2336 4403 adven-

841 4454 974 4507 tum
1005 4440 1238 4505 Christi
1267 4439 1652 4523 praecedens,
1687 4458 1875 4520 quam
1911 4439 2330 4520 subsequens,

840 4540 1138 4618 Quamvis
1177 4539 1348 4603 enim
1379 4538 1755 4601 Patriarchae
1791 4530 1854 4601 ct
1885 4538 2213 4619 Prophetae
2242 4558 2336 4602 ce·

841 4642 1088 4723 terique
1119 4638 1346 4703 fideles
1374 4646 1519 4699 ante
1549 4636 1888 4698 adventum
1917 4633 2153 4697 Christi
2184 4636 2337 4698 exsi-

841 4748 1102 4815 stenteS,
1125 4736 1279 4801 dicti
1311 4743 1459 4797 sunt
1494 4734 1707 4797 fidelis
1738 4734 2098 4815 Synagoga3
2123 4743 2331 4797 tamen

841 4846 1098 4921 propter
1126 4834 1436 4898 unitatem
1469 4832 1645 4909 fidei,
1665 4841 1932 4913 possunt
1960 4841 2023 4894 et
2052 4832 2174 4913 ipsi
2207 4833 2334 4895 dici

838 4935 1140 5001 Ecclesia.
1163 4933 1397 4997 Deinde
1426 4941 1568 5015 post
1598 4931 1732 4993 haec
1761 4929 2098 4992 Anselmus
2129 4930 2337 5013 subje-

837 5036 924 5099 cit
958 5054 971 5099 :
1008 5036 1094 5096 De
1125 5033 1241 5095 hac
1273 5030 1536 5093 materia
1565 5036 1690 5091 tam
1723 5028 1926 5103 beata,
1954 5028 2038 5089 ita
2069 5029 2201 5109 agit
2231 5029 2336 5094 hic

837 5132 1156 5209 Salomon,
1193 5129 1361 5213 quod
1398 5128 1464 5190 in
1501 5126 1725 5210 primis
1765 5126 2045 5189 ostendit
2075 5136 2335 5209 quanto-

839 5250 988 5314 pere
1028 5229 1230 5293 sancti
1271 5236 1482 5311 patres
1520 5236 1668 5290 ante
1706 5227 1910 5309 legem
1941 5236 2005 5289 et
2046 5227 2166 5290 sub
2197 5228 2334 5309 lege

835 5336 1292 5410 exoptaverant
1343 5326 1576 5389 Christi
1625 5326 1995 5402 adventum,
2030 5333 2092 5389 et
2135 5344 2329 5407 quam

2443 4340 2522 4403 ab
2554 4339 2809 4402 exordio
2835 4338 3059 4401 mundi
3090 4336 3117 4399 f
3121 4345 3365 4413 uerunt,
3384 4346 3531 4400 ante
3556 4337 3759 4417 legem
3788 4337 3937 4401 scri-

2444 4448 2618 4521 ptam
2660 4438 2947 4517 sublege
2989 4445 3251 4500 naturoe.
3284 4436 3418 4500 Non
3458 4455 3606 4516 ergo
3645 4438 3934 4501 doctores

2443 4537 2741 4603 catholici
2780 4537 2861 4600 ab
2898 4556 3024 4599 una
3063 4544 3241 4618 parte
3280 4538 3557 4619 ponendi
3598 4544 3768 4612 sunt,
3804 4544 3936 4597 tan-

2443 4656 2634 4720 quam
2678 4635 2872 4698 nimis
2910 4635 3196 4711 extremi,
3232 4643 3453 4698 contra
3490 4635 3778 4698 doctores
3820 4635 3937 4697 He-

2443 4736 2645 4799 braeos
2676 4734 2859 4817 quasi
2889 4733 2969 4796 ab
2996 4732 3122 4796 alia
3158 4744 3333 4815 parte
3364 4733 3555 4795 nimis
3583 4741 3931 4796 extremos:

2445 4834 2533 4896 ita
2564 4842 2633 4895 ut
2660 4833 2805 4915 quis
2846 4831 3172 4895 modernis
3213 4831 3608 4913 temporibus
3648 4849 3716 4893 se
3744 4838 3939 4914 ponat

2445 4932 2625 5013 quasi
2659 4932 2722 4994 in
2756 4931 2967 4995 medio
3000 4931 3163 4994 inter
3195 4930 3362 5007 illos,
3384 4938 3683 5010 tanquam
3715 4948 3935 4992 verum

2444 5029 2839 5094 intellectum
2879 5028 3029 5091 libri
3063 5029 3257 5110 hujus
3297 5046 3426 5112 prae
3466 5026 3765 5090 omnibus
3806 5027 3937 5089 illis

2444 5128 2944 5191 introducturus
2982 5127 3133 5189 Nam
3164 5134 3224 5189 et
3260 5124 3693 5207 praeallegatos
3724 5126 3937 5188 docto-

2445 5245 2541 5288 res
2582 5225 2936 5310 praeeipuos
2978 5225 3177 5288 secuti
3220 5231 3367 5287 sunt
3405 5223 3796 5305 expositores
3828 5242 3937 5306 po-

2442 5324 2771 5404 steriores3
2805 5342 2922 5387 nec
2954 5323 3163 5386 recolo
3197 5342 3300 5386 me
3330 5322 3396 5385 in
3428 5321 3645 5404 aliquo
3684 5322 3936 5405 exposi-
