4284 6267
1474 514 1828 564 mammo
1868 514 1933 563 m
1972 515 2113 563 cAr.
2159 516 2312 563 1111
2349 515 2838 565 raommonun.
2880 537 2961 548 —
3001 519 3145 565 ΛΒΤ.
3189 520 3362 566 ῘΠΙῙ

880 686 1071 750 modo
1098 686 1510 768 effugiemus,
1544 687 1595 751 si
1630 694 1867 749 tantam
1900 685 2366 768 neglexerimus
2395 686 2442 747 Α
2472 686 2738 768 justitia,
2757 698 2828 751 ut
2858 690 3178 773 perfectus
3209 688 3293 753 sit
3319 690 3524 754 homo.
3537 689 3698 755 Ecce
3725 698 3964 773 quanta

880 786 1171 862 salutem,
1206 786 1270 849 id
1314 794 1411 850 est
1454 796 1582 849 tam
1620 785 1959 849 salutarem
2010 786 2364 849 doctrinam

878 894 939 949 et
972 886 1427 950 beatitudinem
1470 887 1537 949 in
1568 906 1643 949 ea
1681 886 2082 968 promissam,
2114 904 2259 967 quae
2299 886 2366 948 in

880 1004 995 1047 nos
1046 983 1423 1047 confirmata
1480 992 1599 1061 est,
1652 992 2045 1047 contestante
2102 984 2228 1047 Deo
2285 984 2370 1046 si-

878 1083 1044 1164 gnis,
1078 1093 1141 1146 et
1178 1082 1545 1161 virtutibuS,
1578 1092 1641 1146 et
1686 1082 2021 1165 portentiS,
2062 1091 2125 1145 et
2172 1082 2368 1145 variis

880 1181 1155 1265 Spiritus
1195 1182 1405 1246 Sancti
1446 1180 2053 1244 distributionibus?
2086 1185 2244 1251 Quis
2273 1184 2369 1243 in·

878 1284 1139 1343 veniet?
1182 1281 1245 1343 id
1295 1290 1411 1355 est,
1462 1281 1610 1363 quis
1657 1281 1737 1343 ad
1786 1279 2180 1343 intellectum
2225 1280 2365 1361 ejus

2479 787 2647 850 bona
2675 788 2784 851 dat
2811 789 3138 871 Scriptura
3167 808 3285 853 suo
3312 788 3576 853 amatori
3609 789 3878 853 sincero.

2557 888 2643 948 Ec
2691 898 2952 965 operato
2998 899 3116 959 est,
3163 889 3227 951 id
3275 897 3393 965 est,
3445 890 3524 951 ad
3571 889 3960 971 operandum

2475 988 2709 1049 excitat
2735 1006 2882 1050 suos
2917 1003 2932 1049 ε
2965 996 3026 1050 et
3065 988 3318 1070 aliquos
3357 988 3586 1051 excitat
3619 987 3966 1051 commina-

2475 1085 2651 1148 tione
2688 1093 2752 1148 et
2791 1094 3031 1150 terrore
3071 1105 3427 1169 poenarum,
3460 1087 3767 1168 quosdam
3804 1087 3966 1149 deei-

2473 1183 2653 1247 derio
2682 1184 3112 1265 praemiorum,
3139 1185 3480 1248 nonnullos
3511 1203 3670 1268 puro
3701 1204 3965 1247 summae

2474 1282 2779 1345 bonitatis
2823 1302 3058 1359 amore,
3112 1303 3184 1347 ac
3245 1283 3386 1367 ipso
3437 1283 3742 1347 virtutum
3801 1283 3966 1346 affe-

881 1380 1275 1463 prol'undum
1324 1378 1664 1461 pertinget,
1716 1386 1779 1441 et
1825 1379 2177 1441 secundum
2225 1380 2364 1460 ejus
2475 1390 2604 1445 ctu.
2651 1381 2827 1445 Unde
2869 1383 3279 1465 praemittitur
3325 1400 3340 1445 :
3389 1384 3696 1453 Quaesivit
3741 1386 3962 1444 lanam
4089 1392 4152 1447 13

878 1480 1261 1543 documenta
1290 1497 1364 1542 ac
1392 1478 1591 1559 jussa,
1634 1496 1811 1540 suam
1848 1476 1913 1539 in
1944 1476 2243 1540 omnihus
2273 1477 2367 1541 di·
2473 1491 2534 1542 et
2579 1484 2813 1553 linum,
2848 1481 2912 1544 id
2961 1489 3058 1544 est
3103 1482 3588 1565 occupationem
3635 1482 3960 1545 honestam

882 1579 1048 1659 riget
1091 1578 1331 1640 vitam?
1373 1576 1555 1658 quasi
1600 1576 1791 1651 dicat,
1836 1575 2165 1658 Per-pauci.
2206 1580 2368 1639 Pro-
2477 1578 2544 1641 in
2575 1578 2825 1642 actibus
2855 1579 3257 1657 innocentiae,
3291 1579 3743 1662 simplicitatis,
3774 1586 3964 1661 atque

878 1682 1011 1749 cul,
1038 1686 1099 1737 et
1126 1680 1206 1737 de
1238 1678 1493 1737 ultimis
1521 1678 1765 1753 finibus
1790 1678 2077 1753 pretium
2105 1676 2268 1753 ejus,
2301 1676 2366 1739 id
2477 1678 2839 1757 munditiae3
2873 1679 3002 1743 imo
3037 1688 3102 1741 et
3141 1679 3204 1741 in
3243 1678 3664 1743 exterioribus
3707 1697 3966 1740 manua-

878 1785 994 1851 est,
1030 1775 1430 1858 Redemptor,
1456 1793 1645 1857 quem
1680 1775 1819 1857 ipsa
1847 1776 2031 1839 docet
2060 1794 2200 1838 esse
2227 1794 2369 1857 pre-
2478 1777 2672 1854 libus,
2705 1776 3136 1860 operibusque
3167 1778 3315 1842 vitae
3350 1777 3644 1841 humanae
3684 1796 3967 1841 necessa-

882 1876 1040 1938 tium
1072 1874 1320 1949 mundi,
1354 1882 1451 1937 est
1483 1873 1727 1955 procul,
1770 1874 1939 1937 etde
1970 1873 2216 1936 ultimis
2246 1881 2369 1935 ter-
2405 1880 2451 1941 B
2479 1876 2616 1952 riis,
2651 1884 2720 1938 ut
2757 1885 2907 1938 sunt
2936 1875 3293 1941 lanificium
3335 1896 3408 1940 ac
3448 1875 3815 1939 linificium.
3850 1880 3967 1938 Fa·
4095 1888 4157 1945 14

883 1973 1078 2037 minis
1137 1972 1442 2048 universi,
1500 1980 1651 2054 puta
1706 1992 1745 2035 a
1801 1990 2051 2035 summo
2110 1972 2370 2035 cardine
2477 1986 2580 2037 cta
2625 1985 2716 2035 est
2763 1977 2954 2057 quasi
2999 1978 3189 2037 navis
3237 1978 3557 2037 institoris
3597 1997 3621 2036 .·
3662 1976 3964 2057 quoniam

880 2072 1422 2148 coeli,secundum
1456 2072 1871 2154 praecedentis
1902 2071 2156 2135 articuli
2187 2089 2372 2153 expo-
2479 2075 2765 2138 continet
2811 2072 2878 2136 in
2929 2094 2997 2138 se
3037 2075 3352 2157 quidquid
3400 2074 3825 2137 necessarium
3877 2082 3972 2137 est

880 2171 1199 2235 sitionem.
2481 2173 2693 2236 saluti.
2743 2172 2920 2236 Sicut
2967 2174 3032 2236 in
3084 2192 3244 2238 nave
3291 2182 3522 2237 onusta
3567 2173 3972 2236 continentur

688 2275 749 2331 11
966 2272 1247 2348 Confidic
1276 2272 1349 2330 in
1376 2290 1453 2331 ea
1484 2290 1592 2330 cor
1623 2271 1756 2329 viri
1780 2271 1910 2330 sui.
1944 2268 2057 2331 Vir
2092 2268 2372 2351 Scriptu-
2481 2272 2838 2335 necessaria
2864 2272 3085 2349 victui,
3115 2279 3180 2335 et
3216 2272 3382 2336 sicut
3419 2292 3533 2355 per
3563 2290 3790 2337 navem
3831 2290 3974 2353 por-

882 2385 989 2443 rae‚
1038 2376 1245 2451 potest
1302 2367 1513 2432 vocari
1571 2367 1791 2430 doctor
1836 2385 1947 2429 seu
1995 2366 2374 2449 praedicator
2481 2380 2697 2434 tantur
2752 2370 3169 2434 mercimonia
3221 2371 3299 2433 ad
3358 2370 3496 2435 loca
3550 2377 3822 2451 remota3
3881 2370 3972 2433 sic

880 2465 1257 2543 catholicus,
1292 2484 1403 2529 seu
1442 2464 1719 2547 quilibet
1756 2463 2075 2527 studiosus
2110 2482 2127 2526 ε
2162 2463 2228 2526 in
2269 2484 2374 2527 cu·
2483 2471 2808 2553 Scriptura
2845 2469 3137 2533 notitiam
3176 2470 3286 2531 Dei
3315 2478 3380 2533 et
3416 2469 3846 2550 evangelicam
3886 2468 3972 2532 lc-

590 2586 849 2643 Samma.
879 2565 982 2646 jus
1026 2584 1295 2648 persona
1338 2564 1602 2646 Sapiens
1645 2563 1733 2626 ait
1768 2580 1781 2625 :
1816 2564 1987 2627 Hanc
2030 2563 2262 2641 amavi,
2309 2572 2373 2627 et
2483 2588 2624 2652 gem
2673 2567 2880 2632 defert
2928 2568 3004 2631 ad
3065 2567 3282 2631 omnia
3336 2568 3558 2631 mundi
3615 2586 3828 2648 regna.
3879 2571 3973 2631 De
4099 2584 4160 2639 15

587 2882 722 2927 ΡΜ.
736 2886 849 2933 rust.

588 3484 849 3536 Rom-xvv&

880 2664 1194 2745 exquisivi
1226 2682 1263 2725 a
1290 2664 1623 2745 juventute
1652 2681 1815 2733 mea,
1846 2670 1910 2725 et
1938 2661 2203 2744 quaesivi
2230 2681 2372 2725 eam

881 2783 1179 2847 sponsam
1221 2762 1381 2826 mibi
1412 2780 1759 2826 assumere.
1791 2761 1969 2825 Unde
2005 2761 2249 2825 dictum
2277 2771 2374 2824 est

880 2883 1080 2947 supra
1122 2881 1137 2926 τ
1185 2863 1297 2926 Dic
1342 2862 1693 2945 sapientiai,
1745 2862 1934 2925 Soror
1978 2880 2121 2923 mea
2166 2879 2257 2937 eS,
2308 2869 2374 2923 et

881 2962 1279 3046 prudentiam
1313 2980 1468 3025 voca
1498 2961 1784 3023 amicam.
1822 2960 1933 3023 Hic
1971 2960 2071 3023 vir
2100 2958 2376 3023 confidit

2481 2678 2659 2729 nocte
2676 2669 2999 2729 surreoeit:
3019 2666 3168 2748 quia
3202 2666 3268 2730 in
3301 2666 3580 2731 adversis
3609 2666 3811 2747 magis
3839 2686 3974 2729 suc-

2483 2768 2704 2844 currit,
2757 2775 2821 2830 et
2875 2765 3322 2846 ingruentibus
3377 2766 3676 2829 vitiorum
3735 2765 3975 2848 passio-

2485 2884 2768 2947 numque
2798 2864 3101 2942 tenebriS,
3134 2864 3276 2928 luce
3305 2883 3435 2926 suae
3465 2864 3844 2928 eruditionis
3870 2883 3974 2928 oc-

2481 2963 2703 3039 currit,
2740 2962 2998 3039 resistit,
3041 2982 3114 3027 ac
3153 2962 3483 3045 praevalet3
3517 2963 3973 3045 nocturnisque

882 3064 949 3125 in
1002 3062 1347 3143 Scriptura,
1402 3060 1466 3122 id
1516 3067 1633 3135 est,
1685 3077 1799 3141 per
1847 3058 2260 3121 directionem
2311 3066 2370 3120 et
2407 3063 2451 3127 C
2481 3062 2657 3127 horis
2685 3061 2836 3124 facit
2867 3060 3182 3124 studiosos
3208 3062 3286 3125 ad
3317 3061 3686 3124 studendum
3712 3070 3774 3125 et
3799 3080 3977 3125 oran·

880 3159 1379 3226 consolationem
1413 3159 1553 3239 ejus
1582 3167 1793 3241 sperat
1816 3157 1883 3219 in
1915 3156 2374 3220 tentationibus

879 3268 944 3323 et
988 3257 1478 3322 adversitatibus
1518 3258 1749 3338 juvari,
1780 3255 2184 3319 laudabiliter
2229 3274 2376 3319 con-

882 3358 1143 3435 versari,
1169 3356 1755 3438 beatitudinemque
1784 3355 2021 3419 sortiri.
2056 3356 2197 3418 ldeo
2225 3357 2376 3419 scri-

882 3466 1061 3541 ptum
1110 3464 1206 3520 est
1256 3474 1269 3519 ε
1320 3455 1743 3535 Quaecumque
1790 3453 2029 3535 scripta
2072 3462 2244 3529 sunt,
2296 3454 2373 3517 ad

883 3565 1162 3620 nostram
1220 3554 1570 3627 doctrinam
1622 3554 1857 3635 scripta
1916 3560 2087 3627 sunt,
2142 3561 2212 3613 ut
2263 3571 2375 3634 per

882 3654 1251 3739 patientiam
1284 3662 1345 3716 et
1371 3650 1870 3716 consolationem
1904 3649 2372 3733 Scripturarum

881 3774 1059 3837 spem
1089 3753 1455 3815 habeamus.
1487 3753 1575 3812 E'c
1603 3751 1829 3828 spoliis
1870 3770 1995 3810 non
2032 3751 2375 3826 indiyebic,

881 3854 946 3916 id
984 3859 1102 3929 est,
1134 3871 1211 3915 ex
1250 3850 1573 3932 Scriptura
1610 3868 1807 3926 sacra,
1841 3847 2058 3911 omnia
2097 3847 2222 3909 sibi
2269 3865 2376 3909 ne-

2481 3164 2631 3226 dum
2671 3178 3074 3241 consurgere.
3108 3162 3423 3241 Deditque
3445 3164 3736 3237 proedam
3765 3165 3975 3223 dome-

2480 3263 2659 3323 sticis
2684 3262 2846 3327 suis,
2865 3257 2928 3320 id
2956 3267 3075 3335 est,
3094 3258 3446 3321 naturalem
3477 3258 3970 3341 philosophiam,

2481 3378 2674 3442 quam
2717 3377 2754 3419 a
2799 3356 3171 3436 gentilibuS,
3223 3364 3523 3437 tanquam
3568 3356 3647 3419 ab
3693 3356 3972 3437 indignis

2484 3454 2956 3541 possessoribus
2985 3452 3268 3531 abstulit,
3305 3454 3606 3518 studiosis
3634 3454 3973 3519 Catholicis

2483 3554 2774 3620 contulit.
2826 3553 3089 3635 Propter
3143 3554 3310 3636 quod
3374 3572 3565 3636 super
3609 3553 3970 3634 Angelicam

2482 3652 2905 3716 hierarchiam
2951 3650 3180 3714 asserit
3227 3652 3427 3731 Hugo,
3477 3653 3650 3733 quod
3699 3651 3976 3734 philoso-

2484 3751 2630 3836 phis
2659 3750 2991 3833 appositus
3023 3758 3120 3811 est
3151 3749 3349 3825 labor,
3385 3748 3571 3812 nobis
3599 3768 3751 3812 vcro
3779 3768 3976 3812 reser-

2481 3859 2666 3915 vatus
2714 3858 2812 3912 est
2859 3847 3128 3912 fruetus,
3163 3850 3250 3910 Ec
3294 3850 3542 3909 cibaria
3591 3850 3878 3921 ancilliS,
3909 3848 3973 3910 id

880 3951 1157 4015 cessaria
1182 3947 1500 4013 obtinebit
1535 3965 1549 4009 :
1581 3947 1733 4029 quia
1770 3953 1834 4009 et
1872 3946 2011 4029 ipsa
2049 3944 2374 4027 Scriptura

884 4048 1155 4112 includit
1203 4044 1630 4110 ecclesiastica
1672 4052 2088 4121 sacramenta,
2122 4042 2188 4105 in
2234 4043 2375 4124 qui-

2481 3957 2579 4013 est
2607 3946 2942 4011 animabus
2973 3945 3386 4028 imperfectis,
3421 3965 3531 4009 seu
3563 3946 3822 4009 seminis
3850 3956 3974 4009 stu-

2482 4048 2702 4124 diosiS,
2735 4065 2896 4128 quas
2927 4043 3136 4107 reficit
3166 4044 3444 4127 copiose.

885 4147 1005 4210 bus
1036 4153 1189 4207 sunt
1215 4144 1495 4207 remedia
1522 4143 1845 4218 vitiorum,
1867 4141 2110 4205 fercula
2138 4142 2375 4204 anima·
2567 4146 3008 4208 Consideravit
3037 4162 3294 4221 ayrum,
3320 4144 3380 4206 id
3415 4152 3532 4221 est,
3563 4143 3840 4207 coelestis
3869 4164 3974 4226 pa-
4097 4165 4157 4220 ffi

884 4264 1048 4321 rum,
1095 4242 1478 4307 charismata
1523 4241 1885 4323 gratiarum,
1928 4259 2072 4321 quae
2118 4248 2184 4303 et
2228 4239 2377 4303 obe-
2405 4250 2454 4311 D
2484 4245 2621 4308 triae
2653 4241 3082 4326 contemplata
3123 4251 3219 4305 est
3256 4242 3703 4321 hereditatem3
3733 4252 3794 4303 et
3819 4246 3974 4304 emit

618 4358 855 4413 uacum.
883 4341 1209 4407 clientibus
1250 4340 1371 4403 sibi
1414 4340 1747 4423 promittit,
1791 4340 2010 4403 dicens
2044 4359 2058 4403 ε
2093 4338 2371 4401 Primum
2481 4366 2651 4415 eum,
2683 4342 2836 4424 quia
2864 4359 2982 4423 pro
3011 4359 3086 4403 ea
3113 4340 3544 4424 adipiscenda,
3579 4341 3762 4404 docet
3789 4350 3975 4404 terre·
4010 4368 4234 4413 numm,

592 4424 659 4465 ³³·
884 4444 1153 4527 quaerite
1196 4460 1459 4522 regnum
1508 4440 1617 4503 Dei
1660 4449 1723 4503 et
1757 4440 2068 4522 justitiam
2108 4441 2272 4522 ejuS,
2315 4449 2378 4503 et
2486 4461 2568 4504 na
2597 4447 2825 4504 cuncta
2863 4438 3211 4521 despicere,
3249 4458 3502 4503 carnem
3535 4439 3812 4517 domare,
3847 4438 3974 4503 imo
4001 4436 4065 4475 ²⁹·

693 4558 759 4614 12
886 4543 1020 4605 haec
1066 4540 1285 4604 omnia
1337 4539 1723 4622 adjicientur
1769 4538 1975 4603 vobis.
2024 4542 2272 4601 Reddet
2315 4542 2378 4599 ei
2485 4549 2548 4603 et
2576 4538 2889 4619 abnegare
2919 4556 2988 4601 se
3017 4538 3250 4620 ipsum.
3281 4541 3377 4599 De
3403 4540 3630 4617 fructu
3659 4559 3974 4599 manuum
4045 4554 4234 4599 laeam.

885 4644 1145 4707 bonum,
1166 4647 1224 4700 et
1256 4659 1385 4701 non
1414 4643 1689 4707 malum,
1710 4636 1775 4699 id
1804 4645 1921 4713 est,
1947 4637 2232 4700 studioso
2261 4655 2378 4700 suo
2483 4660 2756 4701 suarum
2777 4639 3109 4717 plantavit
3139 4638 3418 4698 vineam.
3455 4636 3668 4700 Manus
3699 4636 3975 4720 Scriptu-
4001 4624 4065 4664 ²⁴·

592 4860 857 4909 Provamt&

621 5148 855 5199 lth'm.1u,

596 5213 661 5263 16,
686 5215 750 5257 ¹7.

885 4738 1151 4803 amatori
1182 4736 1434 4802 confert
1462 4735 1947 4816 intelligentiam
1989 4744 2051 4798 et
2080 4736 2374 4799 salutem.

886 4838 995 4900 Est
1022 4836 1195 4901 enim
1228 4836 1470 4916 lignum
1510 4834 1654 4897 vitae
1691 4833 1991 4897 omnibus
2030 4835 2381 4917 apprehen-

886 4934 1185 4999 dentibus
1226 4953 1390 4997 eam.
1439 4933 1951 5013 Damascenoquc
1992 4940 2173 5007 teste,
2221 4931 2382 4996 Scri-

886 5042 1071 5118 ptura
1113 5041 1208 5096 est
1252 5030 1582 5115 paradisus
1620 5028 2015 5092 deliciarum.
2050 5030 2275 5112 Atque,
2313 5040 2381 5093 ut

886 5133 975 5195 ait
999 5128 1583 5214 ApostoluS,Omnis
1615 5128 1940 5212 Scriptura
1962 5129 2274 5192 divinitus
2298 5129 2384 5192 in·

887 5230 1145 5314 spirata,
1166 5227 1343 5291 utilis
1373 5235 1469 5289 est
1498 5227 1576 5290 ad
1607 5227 1985 5305 docendum,
2007 5228 2082 5290 ad
2116 5245 2383 5308 arguen-

888 5331 1064 5409 dum,
1097 5326 1175 5391 ad
1206 5325 1704 5411 corripiendum,
1736 5326 1813 5389 ad
1854 5324 2275 5394 erudiendum
2313 5326 2381 5393 in

2487 4756 2573 4801 rae
2605 4745 2776 4815 sunt,
2809 4735 2922 4818 qui
2955 4754 3094 4798 eam
3126 4743 3440 4811 exercent,
3461 4736 3752 4798 scribunt
3778 4744 3841 4799 et
3869 4735 3978 4799 do-

2487 4844 2633 4899 cent
2667 4852 2682 4897 :
2716 4852 2990 4917 quorum
3037 4833 3271 4911 fructu,
3307 4833 3544 4911 labore,
3579 4833 3868 4916 exemplo
3905 4852 3979 4896 ac

2487 4933 2737 5009 merito,
2774 4932 3074 5015 plantatae
3109 4940 3261 4994 sunt
3297 4930 3740 4995 ecclesiastic-ai
3775 4932 3980 4996 vineae

2489 5040 2622 5095 toto
2652 5031 2806 5094 orbe
2839 5040 3170 5107 terrarum,
3203 5030 3268 5093 id
3297 5039 3395 5093 est
3425 5028 3840 5111 particulares
3867 5030 3981 5093 Ec·

2488 5130 2720 5207 clesiae,
2772 5129 3110 5210 religiones
3157 5136 3412 5205 sanctae,
3461 5128 3980 5209 congregationes

2489 5228 2728 5292 electae.
2770 5230 3078 5290 Accinoeit
3105 5229 3497 5306 sbrtitudine
3542 5231 3785 5289 lumbos
3809 5249 3976 5301 suos,

2492 5326 2556 5393 id
2585 5335 2704 5409 est,
2736 5326 2866 5389 vim
2898 5344 3076 5389 suam
3107 5325 3524 5413 spiritualiter
3549 5326 3978 5413 generativam

4097 5243 4247 5301 Π.
