4284 6267
1048 518 1401 567 mmano
1442 519 1509 565 m
1550 518 1691 568 car.
1735 517 1841 563 x1v
1882 516 2368 566 rnovnnmonmr.
2417 539 2498 550 —-
2537 521 2680 569 Aur.
2729 524 2836 570 x1v
3404 505 3484 571 93

376 708 454 752 ac
504 689 988 772 persecutiones
1026 690 1370 772 justorum.
1424 690 1581 754 Hinc
1634 687 1881 753 inducit
1911 686 1958 749 A
1993 699 2055 752 et
2084 709 2211 770 quo
2241 691 2622 757 laudabilior
2649 703 2744 757 est
2774 695 3104 777 patientia,
3129 713 3206 760 eo
3235 695 3487 779 impati-

50 801 343 852 Νοωιιωτ,
376 787 655 852 Ioannes
692 806 707 851 :
740 788 949 852 Nolite
978 789 1153 852 omni
1186 789 1443 872 spiritui
1473 790 1751 864 credere,
1771 788 1879 850 sed

378 885 647 967 probate
678 886 776 968 spi
788 887 961 962 rituS,
978 887 1031 948 si
1058 907 1135 950 ex
1156 889 1284 950 Deo
1314 887 1474 964 sint;
1498 884 1885 950 Ecclesiasti-

66 1002 343 1053 Eecaef.m‚
376 1003 491 1046 cus
520 1003 803 1067 quoque,
823 985 941 1060 Qui
970 985 1099 1050 cito
1130 985 1347 1064 eredit,
1363 986 1523 1049 levis
1554 987 1743 1050 corde
1772 993 1878 1046 est.

378 1081 621 1146 Seneca
638 1103 903 1167 quoque
930 1085 997 1147 in
1028 1085 1300 1167 epistola
1329 1084 1554 1147 tertia:
1579 1085 1881 1147 Neutrum

378 1178 751 1245 faciendum
782 1191 899 1261 est,
942 1192 1004 1247 et
1037 1193 1381 1265 utrumque
1410 1184 1640 1246 vitium
1671 1192 1787 1258 est,
1822 1189 1885 1244 et

371 1281 676 1344 omnibus
705 1283 988 1360 credere,
1023 1291 1086 1346 et
1128 1282 1311 1344 nulli.
1347 1282 1748 1346 Pensandum
1787 1288 1886 1345 est

372 1395 523 1458 ergo
563 1380 783 1461 qualis
822 1381 907 1443 sit
944 1382 1083 1463 ipse
1121 1381 1235 1462 qui
1274 1380 1452 1445 dicit.
1494 1380 1639 1444 Ideo
1678 1379 1885 1462 sequi-

48 1066 91 1106 ὁ.

371 1485 477 1539 tur
496 1495 511 1540 τ
538 1483 815 1540 Astutus
832 1483 1198 1542 considerat
1211 1500 1465 1558 yressus
1482 1501 1645 1546 suos,
1670 1478 1733 1543 id
1764 1488 1877 1557 est,

368 1583 548 1638 actus
596 1595 752 1640 suos
802 1578 1165 1660 perpendit,
1213 1577 1490 1660 qualiter
1538 1577 1765 1641 debeat
1813 1596 1881 1639 se

369 1673 633 1752 habere,
666 1683 732 1738 et
770 1694 851 1738 ne
883 1675 1139 1739 incauta
1174 1695 1248 1739 ac
1291 1674 1469 1738 facili
1506 1676 1881 1739 credulitate

370 1771 659 1834 fallatur.
696 1773 855 1836 ilinc
888 1775 957 1836 in
987 1773 1347 1837 Proverbiis
1388 1773 1521 1836 suis
1550 1774 1735 1838 docet
1764 1773 1880 1856 Cy-

1991 788 2162 850 entia
2192 790 2676 872 vituperabilior
2705 801 2816 856 est.
2841 797 2928 856 Et
2953 797 3061 856 vir
3083 805 3392 864 versutus,
3418 795 3485 857 id

1991 895 2088 949 est
2120 887 2580 966 fraudulentuS,
2601 892 3308 974 hypocrita‚simulator,
3323 895 3490 954 odio-

1991 1009 2099 1047 sus
2128 999 2238 1059 est,
2265 988 2330 1050 in
2361 998 2672 1070 quantum
2705 991 2870 1054 talis.
2893 991 3127 1074 Estque
3159 992 3491 1075 impatien-

1994 1093 2053 1147 te
2084 1086 2380 1164 deterior,
2414 1088 2592 1168 juxta
2618 1088 2901 1152 Glossam
2930 1108 2943 1153 :
2969 1091 3120 1171 quia
3149 1089 3489 1173 impatiens

1994 1184 2202 1264 palam
2243 1187 2522 1250 ostendit
2559 1186 2894 1250 stultitiam
2941 1208 3155 1268 suam3
3190 1198 3488 1251 versutus

1993 1300 2166 1360 vero,
2198 1301 2396 1364 quum
2427 1285 2509 1347 sit
2547 1287 2736 1349 corde
2776 1306 3134 1369 perversuS,
3169 1287 3336 1369 simp
3353 1286 3494 1350 lici-

1992 1387 2186 1444 tatem
2215 1381 2494 1460 simulat,
2528 1391 2720 1466 atque
2758 1385 3038 1449 humano
3072 1385 3317 1467 judicio
3350 1404 3496 1448 san-

1992 1488 2132 1542 ctus
2163 1480 2328 1544 inter
2366 1482 2670 1564 reprobos
2705 1484 3080 1547 aestimatur.
3117 1485 3259 1562 Sed,
3296 1492 3368 1546 ut
3395 1483 3494 1546 Ci-

1993 1597 2139 1642 cero
2186 1578 2378 1658 fatur,
2430 1580 2814 1663 pleniusque
2863 1581 3160 1665 CyrilluS‚
3209 1583 3344 1646 Non
3397 1591 3492 1646 est

1993 1678 2333 1759 prudentia
2371 1697 2540 1754 vera,
2579 1680 2702 1742 nisi
2742 1699 2888 1763 quae
2928 1680 3358 1764 simplicitatis
3397 1682 3494 1744 in-

1992 1776 2286 1839 nocentia
2315 1777 2668 1840 decoratur.
2703 1779 3040 1842 Prudentia
3086 1798 3362 1861 namque
3395 1788 3492 1842 est

370 1869 557 1934 rillus
594 1889 608 1932 :
648 1871 983 1936 Velociore
1006 1872 1177 1955 jaure
1220 1881 1316 1936 est
1354 1872 1769 1950 audiendum,
1812 1881 1877 1936 et
1919 1876 1963 1937 B
1992 1893 2093 1936 ars
2133 1875 2621 1956 praeclarissima
2650 1885 2818 1940 recte
2857 1877 3117 1940 vivendi
3149 1897 3293 1941 cum
3339 1878 3492 1940 sim-

368 1969 548 2048 gravi
578 1972 775 2034 corde
802 1972 1218 2035 credendum.
1242 1970 1503 2054 Oportet
1535 1971 1705 2034 enim
1736 1971 1881 2034 dili-

366 2077 593 2146 genter
621 2070 977 2146 advertere‚
1004 2069 1155 2151 quid
1189 2078 1254 2132 et
1280 2070 1384 2133 cui
1416 2070 1729 2132 credatur.
1768 2070 1881 2133 Re·-

368 2185 517 2230 vera
556 2169 777 2231 minus
819 2169 1085 2250 provide
1122 2168 1332 2232 amico
1371 2177 1435 2232 et
1478 2167 1737 2232 inimico
1771 2188 1881 2251 pa-

368 2265 525 2328 riter
564 2267 873 2346 creditur,
909 2287 1111 2348 quum
1150 2286 1368 2330 amore
1407 2276 1471 2330 et
1509 2267 1677 2344 odio,
1715 2267 1879 2330 libra

369 2363 630 2445 linguae,
648 2366 931 2448 pondere
956 2365 1321 2430 affectionis
1348 2364 1595 2429 fallacis
1628 2366 1693 2429 iu
1724 2366 1880 2430 obli·

366 2463 687 2544 quitatem
736 2464 1043 2527 trahatur.
1076 2464 1309 2529 Verum
1360 2464 1518 2527 nulli
1566 2464 1872 2542 securiuS,

366 2581 565 2644 quam
595 2563 806 2627 amico
837 2564 917 2626 de
946 2563 1155 2640 maliS,
1184 2571 1249 2626 et
1281 2563 1547 2626 inimico
1580 2564 1659 2626 de
1691 2563 1879 2626 bonis

367 2661 897 2725 accommodatur
942 2661 1223 2724 auditus,
1276 2663 1361 2724 De
1410 2670 1471 2724 te
1519 2679 1669 2726 vero
1718 2681 1880 2724 nun-

372 2777 569 2840 quam
616 2760 845 2822 eredas
900 2758 1165 2822 inimico
1219 2769 1328 2823 tuo
1384 2759 1451 2821 in
1505 2769 1815 2823 aeternum
1860 2776 1874 2820 :

369 2859 528 2940 quia
576 2859 629 2921 si
674 2859 841 2923 bene
884 2859 1063 2936 dicit,
1108 2858 1394 2941 sophista
1432 2866 1549 2934 est,
1594 2859 1673 2922 de
1710 2859 1879 2922 bono

371 2958 582 3020 tendit
608 2958 691 3020 ad
722 2957 997 3037 malum3
1032 2955 1086 3019 si
1118 2957 1285 3020 male
1314 2956 1490 3034 dicit,
1524 2954 1678 3019 facit
1705 2957 1878 3039 quod

372 3075 569 3120 suum
609 3064 729 3119 est.

161 3171 235 3226 16
452 3157 735 3234 Sapiens
766 3157 947 3218 timet
974 3155 1173 3218 Deum
1211 3152 1570 3231 offendere,
1600 3165 1661 3216 et
1688 3157 1881 3215 decti-

368 3264 491 3316 nat
516 3277 559 3316 a
588 3258 787 3326 malo,
819 3253 887 3317 id
923 3262 1021 3317 est
1058 3273 1097 3316 a
1136 3261 1397 3335 peccato
1436 3260 1498 3316 et
1540 3252 1875 3317 occasione

80 3367 343 3418 {rme-v.
370 3353 647 3434 peccati,
670 3361 735 3417 et
762 3353 845 3418 ab
875 3351 1050 3417 omni
1082 3352 1297 3435 specie
1326 3350 1501 3428 mali,
1524 3351 1875 3414 secundum

368 3451 732 3515 doctrinam
771 3450 1082 3535 Apostoli,
1124 3469 1205 3514 ne
1240 3449 1525 3531 aliquem
1564 3448 1879 3513 scandali-

366 3559 494 3614 zet.
542 3554 803 3614 Stultus
846 3551 1162 3620 transilit,
1209 3548 1273 3611 id
1334 3556 1451 3623 est,
1499 3546 1875 3630 imprudens

370 3650 853 3735 praecipitanter
882 3649 950 3711 in
981 3646 1150 3710 mala
1178 3647 1387 3729 culpae
1413 3666 1481 3711 se
1512 3646 1767 3727 ingerit,
1800 3666 1875 3710 ac

370 3749 667 3833 periculo
714 3768 785 3812 se
830 3747 1128 3830 exponit3
1177 3757 1239 3807 et
1264 3747 1534 3824 confidit
1580 3746 1871 3822 evadere,

370 3849 619 3931 diuque
664 3847 901 3922 vivere,
952 3855 1017 3909 et
1052 3853 1273 3928 postea
1313 3843 1647 3926 poenitere.
1696 3842 1876 3907 Circa

370 3948 497 4012 hoc
537 3947 697 4011 dicit
738 3945 959 4009 Glossa
994 3962 1009 4007 :
1045 3943 1219 4007 Sicut
1262 3942 1439 4005 stulti
1482 3951 1598 4020 est,
1641 3943 1721 4005 de
1763 3962 1881 4005 sua

368 4046 715 4112 velocitate
768 4042 1121 4120 considere,
1186 4050 1655 4123 torrentemque
1714 4042 1879 4125 rapi-

368 4147 519 4209 dum
564 4153 679 4208 aut
722 4142 1090 4223 voraginem
1138 4141 1303 4203 saltu
1346 4139 1513 4204 velle
1565 4140 1871 4222 transire3

58 3431 127 3473 22.

1991 1971 2296 2054 plicitate‚
2350 1993 2493 2056 quae
2541 1985 2637 2038 est
2687 1976 3039 2040 nescientia
3094 1995 3486 2058 quemquam

1992 2071 2284 2134 laedendi.
2329 2109 2410 2119 —
2453 2077 2874 2136 Possidebunt
2909 2079 3180 2152 parvuli
3218 2078 3488 2138 stultiti-
3615 2081 3682 2136 18

1986 2191 2117 2231 am.
2152 2170 2280 2235 Hoc
2309 2172 2388 2234 de
2428 2172 2714 2253 parvulis
2753 2191 2966 2248 sensu,
3002 2173 3064 2236 id
3109 2182 3203 2237 est
3243 2172 3489 2236 intelle-

1988 2275 2115 2344 ctu,
2149 2275 2246 2330 est
2273 2268 2739 2350 accipiendum,
2772 2277 2835 2332 et
2864 2268 3056 2331 etiam
3087 2269 3168 2332 de
3196 2269 3482 2352 parvulis

1988 2374 2190 2440 aetate,
2225 2366 2339 2448 qui
2370 2376 2516 2429 ante
2555 2385 2756 2430 annos
2786 2366 3191 2430 discretionis
3234 2367 3316 2430 ad
3347 2367 3484 2430 ina-

1989 2465 2095 2528 nia
2124 2465 2536 2530 inclinantur.
2572 2467 2749 2530 Unde
2789 2467 3096 2548 scriptum
3133 2477 3229 2531 est
3262 2468 3430 2532 infra
3466 2486 3480 2531 ε

1989 2564 2270 2627 Stultitia
2304 2564 2600 2646 colligata
2629 2574 2724 2628 est
2761 2565 2829 2627 in
2857 2567 3046 2629 corde
3077 2567 3282 2648 pueri.
3318 2568 3485 2650 Apo-
3529 2579 3786 2632 Pm-xxm·

1990 2664 2190 2727 stolus
2220 2683 2476 2747 quoque
2501 2682 2515 2728 :
2541 2663 2766 2742 Nolite,
2795 2665 3025 2747 inquit,
3054 2664 3201 2728 fieri
3232 2666 3484 2749 parvuli
3516 2643 3674 2752 ¹?’Cm
3693 2722 3718 2750 ι

1990 2780 2203 2824 sensu.
2245 2765 2324 2824 Ec
2351 2765 2802 2840 exspectabunt
2832 2767 3055 2834 astuti,
3092 2763 3153 2826 id
3186 2772 3282 2826 est
3309 2782 3486 2844 saga-
3512 2770 3580 2813 2⁰-

1990 2880 2115 2937 ceS,
2160 2862 2498 2922 scientiam
2529 2859 2732 2942 :quia
2782 2845 2847 2922 in
2891 2860 3176 2924 scientiis
3227 2863 3486 2926 student

1990 2957 2332 3042 proficere.

3721 2723 3776 2760 iv,

1913 3059 1957 3122 C
2067 3060 2375 3119 Jacebunt
2408 3056 2744 3118 maliante
2771 3060 2981 3128 bono-r,
3012 3067 3074 3120 et
3103 3059 3300 3137 impii
3329 3071 3480 3122 ante
3611 3068 3678 3126 19

1981 3167 2205 3236 portas
2207 3158 2564 3234 justorum.
2589 3156 2717 3219 Hoc
2748 3175 2916 3238 saepe
2946 3157 3258 3238 contingit
3291 3158 3356 3220 in
3389 3159 3482 3222 vi-

1986 3263 2049 3318 ta
2076 3255 2216 3330 hac,
2251 3255 2319 3318 in
2356 3273 2484 3336 qua
2521 3254 2612 3318 rei
2646 3274 2684 3317 a
2710 3253 3032 3336 judicibus
3075 3255 3266 3337 justis
3304 3258 3479 3320 dam-

1984 3362 2235 3417 nantur.
2249 3354 2702 3418 Verumtamen
2731 3352 2800 3415 in
2831 3354 3064 3418 saeculo
3094 3355 3217 3418 isto
3246 3356 3480 3438 saepius

1984 3452 2298 3534 contingit
2331 3451 2708 3535 oppositum,
2744 3452 2833 3515 ita
2863 3453 3036 3534 quod
3073 3453 3228 3535 justi
3262 3454 3480 3537 impiis

1986 3550 2414 3634 subjiciuntur
2451 3559 2516 3615 et
2551 3551 3000 3633 opprimuntur
3037 3551 3117 3614 ab
3155 3553 3270 3632 eiS,
3315 3553 3480 3640 sicut

1984 3649 2212 3714 asserit
2238 3649 2525 3712 Habacuc
2552 3666 2566 3710 :
2592 3647 2749 3722 Quia
2779 3648 3014 3732 impius
3046 3650 3347 3732 praevalet
3375 3653 3480 3714 ad·
3509 3672 3766 3728 amaena.

1984 3767 2228 3813 versus·
2251 3747 2515 3828 justum,
2562 3755 2896 3829 propterea
2951 3750 3271 3827 egreditur
3314 3751 3478 3833 judi-

1984 3847 2156 3910 cium
2187 3865 2580 3929 perversum.
2603 3845 2723 3909 Sed
2757 3846 2823 3907 in
2854 3846 2959 3910 die
2983 3846 3234 3928 judicii,
3261 3867 3475 3914 coram

1985 3945 2204 4009 electis
2242 3953 2305 4008 et
2331 3944 2520 4026 justis
2558 3952 2743 4007 erunt
2781 3945 3076 4027 prostrati
3119 3948 3373 4030 reprobi
3413 3959 3476 4014 et

1985 4044 2210 4126 injusti
2231 4045 2377 4126 :qui
2407 4053 2469 4106 et
2499 4043 2562 4105 in
2596 4041 2848 4106 inferno
2877 4044 3086 4126 positi,
3103 4045 3477 4127 praebebunt

1985 4143 2188 4207 Beatis
2241 4142 2697 4224 spectaculum,
2749 4141 2860 4222 qui
2911 4142 3291 4207 laetabuntur
3337 4148 3474 4212 visa
3503 4167 3763 4222 eanum.

368 4245 469 4307 sic
497 4241 811 4326 sapientis
839 4249 955 4316 est,
972 4242 1050 4304 ad
1079 4239 1343 4324 planum
1373 4238 1475 4304 vel
1505 4239 1584 4303 ad
1615 4247 1875 4321 pontem
1901 4246 1951 4308 D
1984 4241 2266 4306 vindicta
2297 4250 2486 4322 atque
2515 4239 2772 4302 miseria
2801 4239 3190 4322 iniquorum,
3198 4243 3377 4324 juxta
3405 4247 3474 4309 il·

370 4343 718 4406 divertere.
751 4339 841 4402 lta
870 4340 983 4421 qui
1016 4339 1267 4421 eulpam
1304 4356 1421 4421 pro
1460 4356 1647 4420 posse
1683 4338 1875 4401 decli-

368 4450 504 4516 nat,
551 4440 791 4503 timens
842 4457 923 4501 ne
970 4437 1159 4501 malis
1207 4437 1592 4514 involvatur,
1640 4444 1737 4500 est
1778 4456 1874 4499 sa-

368 4539 585 4622 piens,
624 4537 871 4601 Stultus
916 4555 1069 4599 vero
1116 4544 1212 4599 cst
1259 4535 1369 4616 qui
1413 4533 1764 4598 contemnit
1811 4542 1875 4597 et

368 4647 617 4722 peccat,
652 4635 993 4700 blandiens
1032 4635 1155 4697 sibi
1198 4634 1371 4716 quod
1411 4642 1629 4714 postea
1673 4633 1876 4715 poeni-

370 4737 555 4813 tebit,
590 4744 706 4798 aut
732 4752 955 4817 poenas
988 4731 1237 4796 fortiter
1266 4731 1627 4795 sustinebit.

166 4844 236 4899 {7
452 4835 819 4915 Impatiens
846 4833 1218 4910 operabitur
1242 4832 1615 4903 stultitiam,
1650 4829 1711 4891 id
1751 4839 1868 4910 est,

368 4934 589 5010 stulte,
629 4929 1155 4994 irrationabiliter
1188 4937 1251 4991 et
1290 4927 1624 4991 inhoneste
1664 4947 1733 4991 se
1764 4928 1873 4991 ha-

362 5033 477 5096 bet
516 5031 585 5093 in
623 5036 958 5112 apparatu,
995 5026 1207 5090 verbis
1238 5047 1312 5090 ac
1342 5035 1547 5106 gestu,
1583 5044 1658 5090 eo
1701 5027 1872 5107 quod

362 5128 790 5213 impatientiae
828 5127 1041 5209 passio
1085 5126 1396 5190 rationem
1436 5125 1576 5207 ejus
1614 5124 1875 5194 obtene-

361 5231 533 5306 bret,
569 5236 635 5291 et
671 5226 885 5310 ipsum
933 5225 1294 5308 impetuose
1336 5223 1636 5305 exagitet.
1681 5223 1874 5314 Susti-

1984 4342 2092 4404 lud
2127 4358 2141 4403 :
2180 4338 2632 4422 Egrediemini,
2674 4346 2736 4401 et
2778 4339 3014 4402 salietis
3058 4342 3240 4422 quasi
3279 4344 3468 4408 vituli
3507 4365 3762 4420 Matutam,

1982 4441 2061 4502 de
2087 4447 2397 4515 armento,
2421 4445 2482 4500 et
2513 4436 2838 4500 calcabitis
2870 4437 3123 4520 impios,
3151 4439 3224 4503 Et
3255 4441 3412 4507 alibi
3449 4464 3463 4509 τ
3497 4428 3537 4478 ²¹
3559 4430 3595 4471 ³·

1982 4536 2493 4617 Egredieutunet
2520 4534 2831 4599 videbunt
2854 4538 3160 4602 cadavera
3189 4538 3470 4604 virorum
3501 4561 3760 4616 tamnu.

1982 4634 2095 4716 qui
2126 4633 2518 4716 praevaricati
2544 4633 2781 4697 suntin
2812 4653 2946 4716 me3
2969 4643 3032 4698 et
3061 4646 3245 4700 erunt
3270 4657 3473 4720 usque

1982 4733 2062 4796 ad
2108 4733 2458 4795 satietatem
2501 4731 2773 4795 visionis
2817 4733 2992 4796 omni
3039 4734 3238 4797 carni.
3285 4735 3474 4816 Egre-

1982 4832 2238 4895 dientur
2287 4839 2496 4893 autem
2555 4830 2747 4909 Beati,
2807 4849 2932 4894 non
2982 4840 3108 4894 tam
3161 4851 3472 4914 corporeo

1980 4929 2177 5006 exitu,
2218 4947 2410 5010 quam
2440 4927 2856 4991 intellectuali
2888 4928 3144 4992 intuitu.

2040 5029 2263 5090 Etiam
2284 5029 2588 5106 prooeimo
2615 5047 2730 5088 suo
2751 5047 3008 5106 pauper
3037 5029 3290 5090 odiosus
3318 5032 3468 5094 erit.
3593 5039 3666 5099 20

1979 5125 2246 5201 Quidam
2291 5125 2463 5188 enim
2507 5133 2654 5188 sunt
2694 5133 2821 5187 tam
2863 5123 3035 5202 elati,
3079 5126 3366 5190 crudeles
3408 5137 3472 5192 et

1983 5224 2188 5307 impii,
2224 5224 2394 5305 quod
2431 5232 2852 5304 aspernantur
2885 5231 2952 5286 et
2978 5223 3206 5286 odiunt
3231 5243 3474 5307 paupe-

362 5329 583 5394 nenda
622 5336 775 5391 sunt
804 5343 955 5408 ergo
990 5325 1257 5390 adversa
1294 5323 1535 5407 absque
1578 5323 1869 5406 tristitia3
1982 5343 2105 5403 rea,
2137 5331 2200 5386 et
2241 5323 2321 5386 de
2355 5320 2744 5405 pauperibus
2789 5321 2923 5384 suis
2963 5322 3249 5404 cognatis
3287 5343 3468 5392 vere-
