4284 6267
828 496 949 561 498

1480 516 1833 563 muliano
1876 516 1940 563 m
1981 516 2119 564 cAP.
2157 516 2242 563 vn
2283 515 2444 563 Lmlu
2483 516 2841 563 sAPmNTIAE.
2889 536 2970 547 -
3008 517 3151 564 An'r.
3186 517 3276 563 vn

826 684 1066 747 Bonum
1120 704 1397 769 namque
1454 695 1551 750 est
1601 687 1699 749 sui
1750 685 2159 751 diffusivum.
2213 687 2324 749 Est
2354 688 2405 749 A
2432 689 2549 767 qui
2593 708 2741 749 cum
2777 689 3104 766 sapientia
3153 688 3499 757 inhabitat,
3533 684 3599 747 id
3638 692 3757 760 est,
3799 682 3930 746 nisi

828 781 1043 863 itaque
1090 783 1413 866 Sapientia
1463 785 1745 847 increata
1794 805 1867 848 ae
1919 785 2156 865 genita,
2209 804 2322 847 seu

827 880 1202 961 Unigenitus
1264 883 1485 961 Patris,
1547 883 1857 945 naturalis
1916 892 1980 946 et
2039 881 2323 965 perfecta

831 978 1039 1059 imago
1071 980 1293 1062 ipsius,
1330 981 1540 1063 ipsum
1582 980 1955 1064 plenissime
1983 999 2326 1064 repraesen-

829 1086 994 1140 tanS.
1043 1078 1491 1143 Intellectualis
1538 1090 1751 1143 autem
1796 1088 2105 1157 ereatura,
2140 1098 2327 1143 voca-

2434 803 2542 847 eos
2572 785 2684 867 qui
2716 805 2829 867 per
2871 785 3198 848 caritatem
3245 784 3555 846 uniuntur
3587 782 3931 864 Sapientiae

2436 884 2754 961 increatae,
2777 893 2841 946 et
2869 891 3128 947 manent
3160 883 3226 945 in
3256 902 3332 946 ea
3361 901 3474 965 per
3500 881 3928 945 adhaesionem

2439 981 2732 1062 fidelem;
2765 982 2867 1045 vel
2905 982 3020 1064 qui
3069 983 3279 1065 ipsum
3325 981 3653 1064 sapientiae
3699 978 3930 1041 infusae

2435 1081 2672 1143 donum
2715 1081 2880 1144 intra
2921 1100 2990 1143 se
3025 1079 3263 1145 habent
3307 1099 3381 1143 ac
3422 1087 3699 1142 servant.
3745 1076 3928 1140 Tales

537 1182 663 1286 ξω.
684 1196 713 1233 ι,
733 1184 799 1233 2⁷:
830 1182 936 1238 tur
966 1177 1173 1257 imago
1206 1179 1311 1241 Dei
1358 1178 1692 1256 imitativa,
1724 1179 1824 1241 vel
1856 1178 2071 1260 potius
2100 1179 2179 1241 ad
2214 1177 2324 1239 Dei
2434 1180 2672 1242 etenim
2703 1180 2916 1259 diligit
2943 1180 3107 1242 Deus
3145 1178 3486 1242 dilectione
3523 1176 3931 1260 praedcstina-

575 1246 787 1300 ‘'¹'’¹¹’²³'
832 1275 1174 1355 imaginem
1207 1276 1483 1340 condita.
1524 1277 1806 1359 Denique
1848 1278 1927 1339 de
1977 1276 2219 1339 ratione
2248 1275 2327 1337 si·
2437 1279 2628 1342 tionis
2657 1288 2929 1353 aeternis,
2949 1279 3296 1341 dummodo
3329 1277 3610 1340 finaliter
3639 1296 3928 1360 perseve-

833 1374 902 1435 lii
943 1383 1060 1450 est,
1093 1376 1267 1455 quod
1304 1375 1387 1437 sit
1425 1376 1655 1437 similis
1699 1375 1995 1454 genitori.
2031 1374 2140 1436 His
2181 1391 2326 1438 con·
2435 1386 2610 1458 rent3
2640 1378 2744 1443 vel
2785 1378 3132 1441 secundum
3181 1384 3558 1459 praesentem
3587 1374 3926 1456 justitiam,

829 1474 1049 1535 cordat
1097 1473 1257 1536 illud
1309 1474 1620 1556 Apostoli,
1653 1474 1977 1556 loquentis
2025 1473 2104 1535 de
2148 1472 2326 1535 Chri·
2435 1476 2737 1555 quamdiu
2772 1484 2920 1537 sunt
2949 1475 3128 1537 tales
3153 1475 3306 1537 Nam
3337 1474 3667 1556 sapientiai
3695 1474 3926 1536 donum

552 1574 800 1627 Febr-¹³·
832 1578 930 1633 sto
978 1590 993 1635 ε
1036 1570 1151 1645 Qui
1213 1590 1409 1652 quum
1468 1571 1552 1633 sit
1609 1571 1910 1653 splendor
1967 1571 2210 1650 gloriae,
2261 1577 2327 1632 et
2433 1591 2472 1634 a
2512 1574 2776 1637 caritate
2823 1593 2949 1637 non
2999 1582 3346 1655 separatur.
3394 1570 3786 1654 Quicumque
3821 1590 3930 1633 au-

834 1666 1045 1749 figura
1087 1669 1458 1732 substantiae
1486 1670 1651 1751 ejuS,
1686 1677 2075 1752 portansque
2105 1668 2324 1731 omnia
2437 1680 2558 1734 tem
2603 1672 2723 1735 hoe
2766 1674 2934 1736 dono
2981 1680 3174 1746 earet,
3222 1671 3414 1734 habet
3461 1671 3528 1733 in
3577 1690 3646 1733 se
3691 1668 3924 1735 vitium

564 1769 801 1875 5⁶⁰1⁰·⁸·¹·
830 1766 1027 1831 verbo
1058 1768 1313 1831 virtutis
1342 1788 1509 1847 suae3
1542 1776 1606 1831 et
1633 1767 1811 1845 alibi,
1841 1766 1956 1841 Qui
1988 1776 2084 1830 est
2114 1767 2322 1847 imago
2435 1770 2818 1852 puerilitatis
2848 1771 3017 1834 dono
3048 1770 3144 1833 illi
3175 1770 3587 1846 contrarium,
3617 1769 3785 1850 quod
3817 1786 3925 1831 vo-

540 1837 556 1875 ¹
594 1864 606 1876 '
829 1865 940 1927 Dei
989 1865 1357 1941 invisibilis,
1394 1865 1855 1949 primogenitus
1900 1865 2109 1928 omnis
2152 1882 2326 1928 crea·
2359 1864 2407 1925 B
2434 1878 2612 1931 catur
2644 1869 2952 1931 stultitia:
2977 1870 3148 1950 quod
3179 1868 3428 1931 cunctis
3459 1868 3625 1930 inest
3653 1866 3916 1948 iniquia,

832 1972 1012 2027 turae.
2434 1968 2512 2028 de
2542 1966 2778 2048 quibus
2815 1966 2880 2027 in
2922 1965 3302 2029 Ecclesiaste
3342 1964 3612 2027 habetur
3645 1980 3660 2025 τ
3693 1962 3920 2027 Stulto-
3996 1981 4148 2024 seete-
4181 1996 4211 2029 ι..

634 2047 706 2103 ²7
930 2066 1015 2125 Et
1058 2083 1262 2141 quum
1306 2066 1392 2125 sit
1453 2084 1611 2134 una,
1664 2062 1730 2124 id
1778 2070 1875 2125 est
1932 2061 2204 2144 simplex
2252 2079 2323 2124 ac
2435 2085 2574 2128 rum
2625 2064 2923 2127 infinitus
2983 2072 3080 2127 est
3122 2081 3450 2126 numerus.
3493 2063 3796 2126 Praeterea
3848 2061 3918 2124 in
3951 2048 4019 2087 ¹⁵·

830 2158 1105 2225 indivisa
1137 2162 1202 2222 in
1234 2180 1350 2223 sua
1375 2162 1651 2224 essentia
1678 2180 1750 2224 ac
1780 2179 2074 2243 persona,
2099 2161 2322 2221 omnia

818 2269 1050 2336 potest,
1097 2259 1251 2342 quia
1297 2258 1726 2342 omnipotenS‚
1776 2257 1943 2322 sieut
1979 2268 2043 2321 et
2088 2259 2266 2321 Pater
2303 2274 2316 2319 ε

2432 2163 2572 2244 lege
2601 2172 2864 2239 naturae,
2897 2172 2960 2225 et
2995 2171 3213 2245 postea
3248 2170 3537 2243 tempore
3567 2160 3722 2242 legis
3763 2161 3920 2223 scri-

2431 2271 2576 2344 ptae,
2611 2261 2798 2323 multi
2828 2261 3100 2341 gentiles
3131 2258 3282 2323 faeti
3313 2268 3464 2321 sunt
3492 2260 3671 2338 talea,
3703 2269 3764 2322 et
3796 2278 3918 2322 non

816 2474 1228 2532 permanens,
1252 2455 1316 2518 id
1342 2464 1437 2518 est
1467 2454 1931 2517 invariabiliter
1964 2454 2324 2538 impermix-
2512 2462 2626 2521 Est
2662 2460 2840 2519 enim
2873 2460 3006 2519 koec
3045 2459 3382 2535 speciosior
3423 2459 3551 2516 sole
3580 2477 3604 2515 .·
3634 2475 3762 2538 quo
3791 2456 3919 2518 uti-
4051 2466 4126 2519 29

825 2552 1217 2634 tibiliterque
1259 2554 1635 2630 consistenS,
1668 2553 1821 2636 quia
1870 2553 1960 2615 nil
2004 2554 2064 2616 ei
2113 2560 2324 2636 potest
2431 2575 2558 2638 que
2614 2556 2894 2619 increata
2942 2554 3266 2636 Sapientia
3315 2553 3574 2617 infinite
3631 2562 3726 2617 est
3783 2555 3924 2636 pul-

825 2650 1105 2729 miseeri‚
1152 2654 1371 2713 omnia
1430 2654 1724 2721 innovat,
1768 2650 1830 2713 id
1880 2660 1997 2729 est,
2045 2652 2322 2732 regendo
2433 2654 2667 2718 chi-ior.
2703 2653 3029 2735 Sapientia
3054 2671 3310 2735 quoque
3342 2652 3575 2730 infusa,
3609 2672 3806 2734 quum
3837 2652 3924 2715 sit

827 2750 1143 2828 immutat,
1190 2758 1255 2813 et
1298 2769 1411 2832 per
1450 2750 1932 2831 generationum
1974 2750 2323 2814 successio·
2435 2752 2752 2835 spirituali
2786 2751 3036 2834 pollens
3067 2751 3316 2827 decore,
3351 2760 3417 2813 et
3442 2750 3927 2832 praeclarissima

827 2866 975 2911 nem
1024 2857 1335 2912 restaurat
1379 2848 1514 2912 haec
1562 2848 1785 2925 mixta,
1821 2857 1881 2911 et
1932 2850 2321 2912 elementum
2435 2852 2602 2914 inter
2642 2851 2830 2927 dona,
2875 2849 3222 2932 speciosior
3271 2857 3368 2912 est
3403 2848 3578 2911 omni
3623 2867 3930 2931 corporea

828 2954 1010 3010 terrae
1041 2947 1108 3010 in
1137 2966 1307 3024 vere,
1343 2955 1675 3023 autumno,
1712 2946 1943 3024 hieme,
1978 2954 2043 3009 et
2069 2955 2320 3027 aestate3
2433 2957 2785 3012 venustate.
2819 2951 2906 3011 Et
2933 2968 3126 3026 super
3151 2968 3404 3009 omnem
3438 2948 3928 3026 dispositionem

828 3045 1073 3109 animas
1102 3063 1360 3128 quoque
1409 3044 1925 3137 rationales-per
1966 3045 2186 3127 gratiae
2228 3044 2326 3106 in-
2361 3050 2404 3113 C
2433 3051 2768 3109 stellarum
2800 3048 2934 3108 luci
2963 3055 3359 3124 comparata,
3395 3044 3458 3107 id
3489 3052 3585 3108 est
3611 3045 3929 3127 corporali

835 3141 1153 3207 fusionem
1184 3162 1293 3206 seu
1322 3144 1923 3223 augmentationem,
1964 3150 2028 3205 et
2065 3142 2327 3225 spiritu-
2435 3144 2708 3207 claritati
2737 3153 3077 3219 astrorum,
3104 3162 3214 3205 seu
3246 3144 3374 3207 luci
3405 3142 3608 3206 stellis
3637 3143 3931 3225 superfu-

832 3244 999 3307 alem
1028 3241 1411 3325 profectum.
1444 3241 1622 3306 Unde
1659 3242 1894 3305 dicitur
1925 3240 1992 3304 in
2022 3242 2268 3304 Psalmo
2305 3256 2318 3303 :
2435 3263 2519 3306 sae
2557 3242 2926 3317 assimilata,
2968 3245 3158 3321 prior
3205 3244 3542 3303 invenitur
3571 3264 3594 3303 .·
3622 3242 3926 3324 quoniam

540 3354 804 3407 Picumno.
834 3342 1099 3405 Emittes
1138 3340 1445 3424 Spiritum
1490 3348 1693 3417 tuum,
1728 3349 1792 3404 et
1821 3339 2227 3416 creabuntur,
2261 3348 2325 3401 et
2436 3341 2760 3424 Sapientia
2797 3340 3078 3403 increata
3117 3339 3293 3422 prior
3321 3347 3417 3403 cst
3457 3340 3571 3403 illa
3599 3340 3760 3419 luce,
3797 3359 3927 3404 non

834 3439 1173 3504 renovabis
1212 3438 1439 3502 faciem
1481 3446 1701 3518 terrae3
1741 3446 1934 3519 atque
1977 3439 2045 3501 in
2088 3439 2324 3520 Apoca-
2435 3442 2640 3503 solum
2673 3439 2934 3502 infinita
2961 3438 3292 3519 dignitate,
3327 3438 3434 3501 sed
3465 3448 3528 3500 et
3555 3439 3926 3502 causalitate

561 3542 804 3598 Amo-¹1¹·
835 3539 1001 3621 lypsi
1034 3558 1047 3602 :
1085 3537 1253 3600 Dixit
1290 3536 1402 3619 qui
1447 3535 1707 3599 sedebat
1754 3536 1821 3598 in
1869 3536 2119 3611 throno,
2162 3537 2323 3600 Ecce
2433 3548 2624 3620 atque
2662 3537 3037 3601 {eternitate
3073 3536 3395 3618 Sapientia
3424 3554 3678 3617 quoque
3709 3536 3924 3599 infusa

540 3607 581 3647 δ’
834 3656 997 3702 nova
1031 3635 1197 3700 facio
1234 3636 1469 3699 omnia.
1503 3639 1589 3697 Et
1622 3656 1743 3715 per
1772 3638 2090 3706 nationes,
2122 3635 2186 3697 id
2227 3644 2325 3699 est
2433 3637 2608 3719 prior
2637 3646 2731 3699 est
2773 3635 3082 3716 dignitate
3117 3652 3130 3697 :
3167 3634 3294 3698 imo
3342 3634 3410 3696 in
3457 3634 3702 3715 angelis
3749 3635 3924 3716 prior

834 3736 900 3799 in
932 3735 1202 3801 diversis
1232 3733 1599 3797 nationibus
1628 3732 1870 3815 absque
1905 3752 2321 3816 personarum
2434 3735 2560 3797 fuit
2605 3734 2711 3797 illa
2762 3734 2903 3797 luce
2953 3734 3141 3797 etiam
3192 3732 3547 3795 duratione.
3593 3734 3710 3793 Illi
3743 3734 3920 3794 enim
4059 3749 4136 3803 30

832 3834 1224 3918 acceptione,
1278 3842 1341 3896 et
1386 3851 1501 3915 per
1544 3834 2027 3911 generationum
2074 3851 2324 3896 succes·
2431 3834 2711 3895 succedit
2741 3854 2897 3902 noa,
2931 3831 2993 3893 id
3023 3839 3142 3907 est,
3178 3830 3384 3893 lucem
3414 3830 3719 3893 claritatis
3746 3830 3924 3892 diur-

833 3935 1068 4011 sione‘S,
1120 3935 1193 3993 in
1248 3933 1507 3993 animas
1555 3942 1811 3992 sanctas
1866 3952 1931 3991 se
1985 3933 2319 4009 transfert,
2435 3951 2530 3995 nae
2570 3949 2694 3995 nox
2735 3930 3057 4011 sequitur3
3087 3931 3482 4007 sapientiam
3523 3940 3739 3991 aulem
3789 3949 3922 3990 non

832 4032 1318 4114 multiplicando
1349 4030 1415 4092 in
1444 4030 1537 4093 eis
1568 4029 1785 4094 divina
1824 4029 2225 4107 charismata,
2261 4039 2324 4093 et
2433 4034 2638 4091 vaincit
2666 4031 2926 4090 malitia
2948 4048 2970 4088 .·
3002 4027 3153 4103 imo,
3180 4047 3292 4110 per
3320 4028 3560 4090 donum
3593 4027 3922 4109 sapientiai

829 4140 959 4194 tam
990 4130 1209 4210 gratiae
1245 4135 1494 4209 gratum
1528 4126 1847 4204 facientiS,
1882 4147 2074 4210 quam
2102 4128 2324 4210 gratiae
2433 4127 2672 4191 resistit
2704 4126 2894 4190 homo
2937 4125 3292 4199 tentationi,
3325 4134 3389 4189 et
3421 4126 3618 4189 vineit
3651 4126 3717 4187 in
3751 4125 3922 4189 bono
4001 4148 4138 4192 non.
4159 4162 4226 4196 m,

830 4229 1026 4309 gratis
1056 4229 1218 4290 datae
1264 4227 1451 4289 dona.
1483 4225 1639 4287 Nam
1687 4226 1917 4289 animae
1960 4236 2193 4289 sanctae
2224 4246 2324 4289 ca-
2352 4231 2401 4293 D
2435 4227 2694 4300 malum,
2727 4243 2986 4289 servans
3018 4223 3389 4307 patientiam
3424 4224 3490 4285 in
3519 4224 3823 4300 adversi3‚
3859 4233 3922 4287 et
3949 4212 4028 4252 ²¹·

831 4328 1118 4411 paciores
1173 4333 1323 4388 sunt
1370 4324 1595 4388 ceteris
1634 4324 1869 4387 divinae
1909 4325 2326 4389 illuminatio-
2433 4344 2548 4387 sua
2577 4322 2892 4405 probitate
2922 4322 3194 4385 aliorum
3226 4340 3532 4404 superans
3559 4341 3636 4385 ac
3665 4321 3926 4385 confun-

834 4426 935 4489 nis
983 4434 1046 4489 et
1093 4423 1577 4487 inhabitationis
1617 4442 1908 4505 supernae
1944 4440 1958 4484 :
1992 4424 2120 4488 imo
2159 4425 2326 4506 jugi·
2432 4424 2592 4486 dens
2622 4420 3117 4503 improbitatem.
3152 4419 3328 4494 Quod
3359 4420 3413 4482 si
3451 4420 3766 4502 sapientia
3795 4421 3926 4485 vin-

834 4533 930 4588 ter
966 4532 1135 4587 stant
1172 4522 1355 4604 quasi
1386 4522 1452 4583 in
1484 4530 1778 4584 contactu
1808 4520 1971 4585 Solis
2006 4523 2253 4599 aeterni,
2287 4543 2324 4586 a
2431 4523 2490 4585 ei
2519 4522 2767 4584 dicatur
2794 4540 2831 4582 a
2860 4519 3104 4582 malitia
3131 4527 3241 4581 aut
3268 4518 3654 4600 insipientia,
3683 4519 3804 4583 hoc
3829 4530 3926 4583 est

833 4641 961 4705 quo
1002 4621 1211 4685 radios
1255 4619 1605 4702 sapientias,
1642 4619 2182 4684 inflammationes
2223 4640 2324 4683 ea-
2431 4638 2507 4682 ex
2538 4618 2884 4701 fragilitate
2909 4626 2972 4681 et
2996 4617 3289 4679 libertate
3313 4616 3412 4679 sui
3437 4617 3726 4698 subjecti,
3753 4619 3922 4700 quod

832 4721 1038 4784 ritatis
1086 4720 1342 4794 divinae,
1392 4718 1717 4781 stillicidia
1758 4718 1976 4797 gratiae
2025 4718 2325 4800 frequen·
2434 4727 2659 4802 sponte
2709 4717 3028 4781 consentit
3079 4715 3427 4797 iniquitati.
3479 4715 3922 4780 Verumtamen

834 4827 928 4883 ter
976 4838 1049 4883 ac
1099 4818 1448 4881 liberaliter
1497 4816 1871 4879 sortiuntur.
1904 4819 2163 4878 Amicos
2202 4820 2326 4879 Dei
2433 4817 2600 4880 istud
2634 4816 2713 4879 de
2743 4816 3022 4878 increata
3060 4814 3383 4896 Sapientia
3427 4813 3668 4877 dictum
3717 4833 3926 4878 cense-

832 4928 891 4979 ει
928 4920 1291 4995 Prophetas
1327 4917 1660 4976 constituit
1694 4936 1715 4973 .·
1748 4914 1812 4976 id
1856 4922 1973 4991 est,
2010 4934 2118 4978 eos
2163 4934 2324 4996 quos
2434 4923 2559 4991 tur,
2593 4914 2744 4996 quia
2788 4932 2935 4977 mox
2981 4913 3279 4976 subditur
3331 4930 3344 4975 :
3397 4912 3666 4993 Attingit
3715 4932 3753 4975 a
3791 4912 3922 4977 fine

835 5015 1151 5097 sapientia
1199 5014 1590 5095 caritateque
1640 5011 1861 5093 replet,
1918 5022 1979 5076 et
2029 5014 2108 5077 de
2155 5013 2327 5076 futu·
2435 5032 2638 5094 usque
2681 5012 2760 5075 ad
2800 5011 3004 5075 finem
3054 5010 3327 5087 fortiter,
3357 5018 3478 5073 etc.
3527 5009 3780 5073 Certum
3827 5020 3922 5073 est

836 5114 925 5176 ris
954 5112 1297 5189 illuminat,
1339 5111 1492 5174 facit
1532 5111 1639 5172 Dei
1684 5110 1923 5173 amicos
1967 5120 2160 5193 atque
2189 5113 2328 5175 Pro·
2436 5113 2631 5188 enim,
2684 5111 2855 5192 quod
2905 5110 3250 5173 increatam
3303 5108 3688 5191 Sapientiam
3751 5109 3918 5171 nulla

837 5212 1083 5294 phetas
2437 5219 2627 5291 queat
2666 5208 2910 5271 malitia
2955 5226 3290 5289 superare3
3325 5226 3442 5269 nee
3483 5207 3776 5271 diabolus
3815 5228 3918 5289 po-

638 5320 712 5375 28
920 5313 1261 5375 Neminem
1304 5312 1480 5370 enim
1509 5310 1737 5385 diciqit
1775 5312 1973 5378 DeuS,
2000 5310 2136 5369 nisi
2179 5331 2326 5371 eum
2438 5308 2561 5371 tuit
2603 5307 2736 5369 suis
2766 5304 3224 5371 tentationibus
3255 5304 3510 5369 vincere
3538 5304 3875 5369 Christum.

828 2356 957 2420 imo
1004 2358 1339 2440 utriusque
1384 2366 1481 2420 est
1523 2376 1649 2420 una
1694 2366 2011 2439 potestas3
2056 2368 2115 2419 et
2157 2359 2230 2417 in
2259 2377 2323 2416 se

2430 2368 2678 2424 tantum
2710 2359 2979 2423 Hebraei.
