4284 6267
583 756 694 811 Sap.
707 768 766 807 ιιι,
782 758 846 799 15.

605 950 640 994 11
649 952 764 995 Par.
777 965 829 993 xv

581 1017 622 1057 7.

610 1149 646 1193 11
665 1149 768 1193 Cor.
786 1163 844 1199 tx,

581 1214 616 1316 ξς
633 1211 842 1263 Galatas,

580 2191 647 2241 ¹5,
670 2192 736 2233 ¹0.
751 2160 762 2169 ι

603 4008 771 4053 March.
788 4021 844 4055 xi.

579 4075 646 4116 30.

574 4400 726 4444 Iacob.
739 4401 839 4451 ι,14.

673 5271 742 5328 12

875 454 956 517 46
1591 470 1942 519 manna-rio
1984 470 2047 517 m
2089 469 2229 517 car.
2264 470 2328 515 vi
2368 468 2851 519 Pnovnnmonmr.
2896 491 2976 501 —
3016 472 3159 519 Ait-r.
3192 474 3256 519 vi

875 648 936 703 ει
968 641 1305 704 retributio
1335 639 1842 721 gloriosazsicut
1869 639 2025 702 alibi
2055 640 2363 721 scriptum
2395 638 2448 700 A
2476 639 2578 703 vel
2634 659 2671 702 a
2734 640 3063 721 religione,
3116 642 3252 705 sive
3296 662 3335 705 a
3382 643 3511 705 Deo
3567 662 3681 725 per
3732 644 3967 707 mentis

877 747 994 815 est,
1043 741 1358 803 Bonorum
1409 739 1696 803 laborum
1739 739 2055 820 gloriosus
2103 746 2201 801 est
2240 738 2369 799 fru·
2474 738 2893 816 aversionem,
2928 743 3033 801 vir
3069 743 3332 801 inutilis
3369 740 3494 803 sibi
3533 749 3596 803 et
3627 741 3792 818 aliis,
3836 742 3967 804 imo

876 846 1037 901 ctuS.
1089 839 1262 900 Unde
1316 838 1549 917 legitur
1609 838 1890 901 secundo
1946 836 2368 917 Paralipome-
2476 836 2743 899 nocivus
2788 846 2852 899 et
2892 838 3346 916 scandalizanS,
3390 846 3459 900 ut
3498 838 3723 918 refuga
3760 840 3961 919 legis;

835 984 846 1002 ‚
877 954 1004 998 non
1032 936 1204 999 :Non
1235 936 1663 998 dissolvantur
1693 954 1918 996 manus
1957 942 2214 1013 vestrae3
2245 933 2367 996 erit
2466 936 2781 1008 oradicur
2817 956 2925 995 ore
2958 956 3279 1013 perverso,
3318 936 3381 999 id
3415 945 3513 999 est
3555 937 3783 1001 vitiosa
3820 956 3966 1018 pro-

874 1033 1045 1095 enim
1075 1052 1316 1096 merces
1345 1034 1522 1115 operi
1565 1042 1796 1098 vestro.
1833 1033 1988 1095 Hinc
2017 1033 2179 1095 dixit
2210 1032 2367 1113 Apo-
2475 1029 2686 1093 ferens
2716 1033 2931 1111 verba,
2976 1041 3045 1096 ut
3095 1034 3256 1097 alios
3296 1034 3430 1097 suis
3471 1035 3755 1100 involvat
3793 1054 3966 1098 erro-

873 1132 1106 1194 stolus:
1131 1131 1245 1206 Qui
1277 1152 1467 1215 parce
1496 1132 1787 1209 seminat,
1823 1151 2011 1214 parce
2039 1139 2103 1194 et
2130 1139 2363 1211 metet3

872 1230 1076 1311 etqui
1117 1232 1389 1293 seminat
1419 1232 1487 1293 in
1528 1229 2104 1304 benedictionibuS,
2140 1230 2219 1292 dc
2262 1230 2365 1292 be-

873 1328 1345 1393 nedictionibus
1376 1337 1440 1392 ει
1467 1337 1660 1391 metet
1691 1328 1885 1392 vitam
1919 1336 2243 1391 aeternam.
2276 1330 2363 1389 Et

869 1439 1110 1505 eyescas
1141 1432 1322 1505 lonye
1349 1429 1564 1505 fuyiet
1591 1450 1632 1488 a
1665 1438 1741 1489 te.
1784 1427 1955 1489 Istud
1996 1426 2062 1488 in
2102 1426 2361 1490 Hebraeo

869 1527 971 1607 (ut
997 1524 1262 1605 dicitur)
1290 1543 1419 1588 non
1449 1524 1744 1589 habetur.

937 1623 1027 1685 Ex
1058 1622 1158 1685 his
1188 1624 1504 1699 docemur,
1527 1622 1594 1684 in
1623 1622 1733 1686 Dei
1763 1621 2072 1703 obsequio
2102 1640 2358 1685 omnem

871 1721 1219 1804 pigritiam,
1269 1720 1780 1797 somnolentiam,
1813 1719 2226 1800 acediamque
2272 1719 2363 1781 vi·-

2474 1128 2692 1209 ribus3
2726 1134 2966 1192 annuit
3012 1135 3239 1201 oculis,
3270 1132 3474 1211 idest,
3524 1151 3718 1197 vanos
3767 1140 3963 1195 nutus
4089 1139 4151 1193 13

2473 1245 2587 1308 per
2627 1228 2833 1291 visum
2874 1231 3190 1311 ostendit3
3226 1232 3373 1291 terit
3393 1234 3580 1308 pede,
3614 1230 3677 1293 id
3714 1238 3832 1307 est,
3878 1231 3965 1293 la-

2472 1324 2665 1401 scive,
2718 1344 2831 1389 seu
2878 1329 3231 1410 composito
3285 1336 3507 1409 gressu
3554 1348 3631 1391 ex
3688 1328 3963 1393 elatione

2472 1426 2790 1507 procedit3
2822 1429 3032 1504 diyico
3064 1430 3374 1507 loquitur,
3398 1427 3462 1490 id
3490 1436 3608 1505 est,
3643 1428 3961 1509 loquendo

2470 1522 2739 1602 digitum
2772 1524 3129 1605 petulanter
3150 1524 3433 1587 extendit
3454 1531 3519 1587 et
3542 1524 3737 1605 agitat
3756 1525 3961 1605 :quod

2471 1620 2708 1682 malum
2750 1640 2917 1698 esse,
2960 1630 3133 1704 patet
3175 1642 3252 1685 ex
3293 1640 3389 1697 eo,
3436 1622 3607 1703 quod
3652 1622 3959 1703 scriptum

2470 1728 2563 1781 est
2593 1718 2769 1783 lsaiae
2791 1720 3322 1802 quinquagesimo
3351 1728 3589 1798 octavo,
3606 1720 3667 1783 Si
3694 1720 3959 1783 desieris
4004 1739 4065 1783 ιε.
4086 1744 4227 1789 ιω».

871 1827 1026 1895 tare,
1079 1827 1270 1899 atque
1311 1818 1582 1882 viriliter
1623 1818 1879 1899 aggredi
1928 1835 2121 1899 opera
2166 1816 2355 1879 bona.
2396 1818 2443 1878 B
2470 1816 2740 1896 digitum
2770 1820 3131 1896 extendere,
3163 1827 3226 1882 et
3264 1818 3441 1900 loqui
3471 1819 3641 1900 quod
3680 1818 3795 1881 tibi
3828 1837 3955 1882 non

871 1916 948 1978 Et
976 1924 1146 1979 certe
1184 1916 1384 1999 pigris
1413 1916 1598 1980 valde
1626 1924 1721 1979 est
1761 1916 2250 1998 ponderandum
2285 1933 2361 1977 ac

873 2014 1364 2091 formidandum,
1397 2015 1563 2096 quod
1607 2014 1673 2075 in
1710 2014 2090 2097 Apocalypsi
2127 2014 2219 2076 ait
2258 2012 2362 2075 Al-

784 2141 842 2180 m.
873 2113 1158 2175 tissimus
1193 2131 1206 2175 :
1241 2113 1493 2175 Utinam
1538 2112 1782 2176 calidus
1822 2131 1996 2175 esses
2038 2119 2142 2173 aut
2186 2110 2361 2190 frigi-

872 2212 1033 2291 dus3
1079 2212 1188 2275 sed
1232 2230 1403 2274 nunc
1450 2211 1602 2293 quia
1630 2211 1884 2292 tepidus
1925 2230 2015 2287 eS,
2050 2210 2353 2292 incipiam

871 2318 934 2372 te
974 2329 1268 2374 evomere
1307 2330 1384 2373 ex
1419 2328 1529 2373 ore
1566 2328 1730 2372 meo.
1765 2308 2048 2391 Denique
2085 2310 2252 2392 pigri
2292 2310 2357 2372 in

868 2408 1130 2487 divinis,
1165 2409 1230 2470 in
1263 2408 1560 2491 praesenti
1589 2414 1654 2470 et
1694 2407 1761 2469 in
1794 2407 2008 2471 futuro
2038 2408 2359 2470 sustinent

868 2508 1346 2584 detrimentum,
1398 2504 1550 2587 quia
1599 2506 1661 2569 id
1712 2506 1921 2587 ipsum
1980 2505 2134 2570 boni
2182 2506 2357 2588 quod

869 2616 1086 2686 agunt,
1130 2604 1374 2668 faciunt
1413 2623 1559 2667 cum
1604 2603 1820 2668 labore
1861 2612 1924 2667 et
1965 2604 2174 2679 taedio,
2218 2605 2358 2668 sine

868 2704 1303 2769 consolatione
1354 2711 1417 2767 et
1456 2710 1644 2782 gustu
1676 2719 1690 2764 ε
1726 2710 1986 2785 propter
2035 2703 2207 2784 quod
2249 2710 2361 2765 aut

869 2821 1116 2885 parum,
1141 2810 1250 2864 aut
1277 2800 1437 2863 nihil
1471 2808 1816 2863 merentur.
1839 2800 2178 2864 Ferventes
2207 2818 2359 2863 vero

869 2907 932 2962 et
959 2900 1178 2979 agiles,
1213 2898 1498 2963 serviunt
1526 2897 1652 2962 Deo
1689 2917 1834 2962 cum
1871 2897 2125 2978 gaudio,
2162 2906 2225 2961 et
2253 2898 2361 2959 de-

2469 1915 2745 1996 expedit.
2806 1915 3166 1999 Aliquando
3224 1924 3437 1980 tamen
3494 1917 3813 1999 sapientes
3868 1917 3960 1979 lo-

2469 2014 2722 2093 quendo
2764 2014 3035 2094 digitum
3077 2016 3425 2079 extendunt
3462 2024 3525 2077 et
3564 2033 3847 2091 manum,
3878 2014 3956 2077 ad

2466 2112 2863 2175 excitandam
2901 2113 3300 2176 audientium
3329 2114 3768 2177 attentionem.
3802 2112 3956 2175 Nam

2466 2217 2531 2272 et
2576 2211 3040 2295 sacratissimus
3089 2213 3359 2275 Ioannes
3415 2212 3686 2293 digitum
3743 2220 3958 2274 exten-

2466 2308 2675 2371 dendo
2706 2307 3025 2371 Christum
3066 2310 3441 2373 monstravit
3475 2328 3490 2373 ε
3524 2309 3705 2383 Ecce,
3742 2309 3955 2389 inqui·
4024 2325 4179 2369 amn.
4202 2337 4227 2371 ι.

869 2998 1161 3061 lectabile
1205 3006 1302 3060 est
1342 2996 1436 3059 eis
1479 3015 1772 3061 exercere
1813 2996 2054 3060 divina.
2087 2996 2359 3077 Ideoque
2394 2999 2437 3062 C
2467 2998 2640 3079 quod
2681 3007 2777 3061 est
2818 3006 3147 3080 peccatum
3189 2998 3661 3078 gravissimum,
3706 2997 3955 3061 caritati

868 3095 937 3157 in
967 3095 1229 3178 praemio
1257 3104 1552 3159 crescunt
1587 3094 1930 3177 praecipue,
1962 3103 2026 3157 ει
2055 3102 2205 3157 sunt
2234 3095 2360 3158 Deo

868 3194 998 3258 cari
1037 3203 1100 3257 et
1136 3193 1626 3275 complacentes
1663 3192 1923 3273 Pigritia
1958 3210 2035 3255 ex
2077 3193 2360 3255 caritatis

867 3292 1146 3369 defectu,
1181 3300 1245 3355 et
1282 3291 1861 3355 inconsideratione
1900 3292 2136 3357 divinae
2168 3292 2362 3373 maje-

869 3393 1050 3456 statis
1085 3410 1160 3454 ac
1199 3390 1690 3454 novissimorum
1741 3390 2046 3472 procedit.
2085 3390 2229 3453 ldeo
2273 3390 2363 3452 ait

869 3489 1222 3553 Bernardus
1244 3488 1450 3571 :·Pigri
1482 3488 1537 3550 si
1567 3488 1675 3550 diu
1705 3487 1770 3549 in
1801 3507 1916 3551 suo
1945 3497 2197 3570 torpore
2226 3507 2363 3571 per-

869 3587 1244 3665 manserint,
1277 3595 1388 3649 aut
1423 3586 1875 3668 opprimuntur
1903 3587 2025 3649 sub
2061 3604 2257 3649 onere
2298 3594 2362 3649 ει

869 3686 1326 3766 succumbunt3
1360 3693 1469 3748 aut
1502 3684 1968 3767 quodammodo
1998 3686 2066 3747 in
2103 3684 2359 3749 inferno

870 3794 1042 3863 sunt,
1075 3794 1146 3847 ut
1177 3803 1502 3865 nunquam
1537 3784 1614 3846 ad
1645 3784 1906 3866 plenum
1944 3784 2262 3865 respirent
2292 3784 2358 3847 in

872 3885 1078 3947 lucem
1111 3882 1588 3945 miserationum
1619 3882 1890 3957 Domini,
1926 3900 2042 3944 nec
2071 3883 2138 3944 in
2169 3882 2361 3946 liber-

873 3990 1066 4045 tatem
1123 3980 1409 4063 spiritus,
1461 4000 1602 4061 quae
1658 3980 1863 4043 solum
1920 3979 2077 4043 facit
2131 3980 2355 4062 jugum

873 4100 1066 4145 suave
1093 4088 1157 4143 et
1183 4098 1347 4142 onus
1377 4079 1538 4141 leve.
1568 4078 1720 4141 Inde
1748 4085 1958 4140 autem
1992 4085 2116 4141 tam
2151 4080 2359 4160 perni-

2468 2425 2605 2484 enS,
2628 2406 2843 2487 Agnus
2874 2408 3005 2471 Dei.
3040 2408 3115 2471 Et
3146 2408 3211 2469 in
3239 2408 3411 2472 Actis
3442 2407 3643 2470 fertur
3676 2426 3691 2469 :
3726 2407 3957 2470 Paulus
3984 2392 4227 2497 {ffifffgm

2470 2514 2723 2569 extenta
2743 2525 2933 2568 manu
2955 2506 3151 2589 coepit
3176 2508 3481 2571 rationem
3508 2506 3783 2569 reddere.
3798 2508 3959 2568 Pra-
4086 2518 4149 2571 u

2472 2625 2547 2667 vo
2587 2608 2773 2666 corde
2820 2608 3234 2666 machinatur
3281 2610 3555 2676 malum,
3601 2605 3666 2668 id
3714 2614 3831 2683 est,
3881 2624 3959 2669 ex

2472 2703 2797 2785 proposito
2838 2705 3075 2784 cogitat
3109 2703 3385 2786 qualiter
3426 2704 3571 2766 aliis
3610 2703 3811 2786 possit
3851 2721 3959 2766 no-

2470 2820 2636 2879 cere,
2667 2811 2727 2862 et
2766 2804 2947 2864 omni
2988 2812 3261 2880 tempore
3283 2804 3523 2880 juryia
3558 2804 3861 2871 seminat,
3892 2801 3956 2863 id

2468 2908 2566 2962 est
2594 2900 2737 2962 lites
2773 2909 2963 2981 atque
2992 2898 3339 2963 discordias
3379 2899 3545 2962 inter
3584 2900 3904 2981 proximos
3938 2916 3953 2961 τ

2466 3104 2532 3159 ει
2559 3096 2700 3178 paci
2734 3096 2997 3161 omnino
3026 3096 3436 3160 contrarium.

2548 3198 2725 3259 Huic
2750 3199 3088 3273 eoetemplO,
3117 3195 3181 3256 id
3226 3202 3323 3256 est
3359 3195 3572 3257 statim
3602 3213 3675 3257 ac
3712 3194 3949 3270 subito,
4082 3204 4144 3259 15

2468 3296 2677 3355 veniet
2697 3295 2985 3372 perditio
3014 3313 3154 3365 sua,
3184 3293 3248 3355 id
3283 3302 3379 3356 est
3415 3294 3737 3357 damnatio
3770 3313 3786 3357 :
3824 3293 3953 3356 imo

2470 3394 2603 3457 haec
2661 3392 2977 3467 faciend0,
3030 3392 3241 3474 perdit
3295 3392 3598 3457 continuo
3654 3392 3955 3475 semetip-

2468 3511 2633 3553 sum.
2667 3493 2753 3552 Et
2782 3493 2988 3551 subito
3018 3500 3377 3551 conteretur
3404 3498 3606 3554 morte
3650 3490 3956 3573 improvi-

2469 3610 2559 3665 sa,
2594 3610 2709 3650 nec
2754 3591 3006 3651 habebit
3055 3594 3234 3650 ultra
3274 3591 3691 3662 medicinam,
3744 3590 3809 3652 id
3860 3597 3956 3651 est

2467 3686 2911 3771 poenitentiam
2972 3686 3335 3763 salutarem,
3392 3688 3744 3769 praesertim
3810 3695 3955 3769 post

2467 3793 2759 3850 mortem.
2793 3785 2972 3848 Tales
3013 3802 3268 3866 quoque
3310 3804 3453 3847 raro
3490 3804 3562 3848 ac
3596 3783 3955 3848 difficulter

2468 3884 2778 3967 poenitent
2838 3884 2905 3945 in
2963 3882 3081 3946 hac
3139 3884 3289 3958 vita,
3336 3902 3534 3964 quum
3590 3884 3721 3945 sint
3770 3882 3955 3949 vehe-

2468 3991 2715 4046 menter
2762 3982 3085 4045 malitiosi.
3138 3982 3588 4044 Verumtamen
3638 3982 3955 4044 auxilian-

2466 4091 2528 4145 te
2575 4082 2809 4163 pietate
2860 4080 3120 4143 infinita
3160 4100 3232 4143 ac
3285 4081 3722 4162 omnipotente
3770 4080 3955 4143 Medi-

871 4180 1042 4243 ciosa
1078 4186 1330 4243 emanat
1373 4176 1690 4259 tepiditaS,
1727 4176 1877 4258 quia
1921 4176 2215 4239 voluntas
2253 4197 2359 4241 eo-
2385 4180 2436 4241 D
2466 4182 2523 4243 ci
2555 4179 3051 4261 supercoelestiS,
3082 4187 3349 4259 possunt
3378 4178 3685 4242 converti.
3710 4178 3953 4242 Idcirco

869 4298 1010 4340 rum
1041 4277 1323 4340 nondum
1346 4284 1609 4358 purgata
1636 4283 1746 4351 est,
1765 4293 1881 4337 nec
1911 4274 2002 4337 sic
2033 4276 2255 4339 volunt
2282 4296 2356 4341 ac

868 4377 1142 4456 diligunt
1169 4375 1426 4452 bonum,
1461 4374 1626 4437 sicut
1664 4381 2001 4451 noverunt,
2033 4394 2070 4436 a
2101 4376 2358 4457 propria

867 4474 1386 4558 concupiscentia
1422 4473 1720 4537 abstracti
1763 4482 1827 4536 et
1868 4473 2086 4536 illecti.
2129 4474 2359 4537 Amant

867 4575 1038 4637 enim
1070 4575 1136 4636 in
1165 4592 1356 4637 carne
1393 4592 1507 4635 sua
1533 4580 1813 4635 terrenas
1851 4572 2359 4635 consolatiuncu-

867 4673 982 4747 laS‚
1027 4672 1160 4736 sive
1206 4672 1271 4735 in
1321 4670 1537 4749 verbo,
1570 4670 1706 4734 sive
1749 4670 1816 4731 in
1861 4670 2066 4751 signo,
2111 4670 2246 4734 sive
2288 4670 2356 4733 in

867 4769 1058 4834 facto.
1092 4771 1168 4832 Et
1205 4770 1258 4833 si
1299 4771 1432 4833 haec
1471 4768 1815 4851 aliquando
1859 4768 2352 4851 interrumpunt,

867 4888 993 4933 non
1025 4877 1237 4931 tamen
1267 4868 1522 4950 penitus
1547 4875 1866 4949 rumpunt.
1883 4866 2033 4929 Inde
2061 4875 2157 4929 est
2185 4868 2355 4949 quod

866 4988 1008 5032 raro
1036 4968 1321 5050 dirigunt
1348 4965 1725 5029 affectiones
1763 4984 1911 5027 suas
1942 4964 2006 5026 in
2037 4966 2259 5042 Deum,
2295 4974 2359 5028 ει

865 5064 1267 5148 compunctio
1309 5082 1527 5128 eorum
1573 5082 1700 5126 non
1739 5064 2062 5139 continua,
2097 5063 2208 5125 sed
2251 5063 2358 5127 ho-

867 5164 1032 5227 raria
1075 5172 1194 5225 est.

947 5264 1151 5325 Homo
1187 5268 1500 5339 apostata,
1533 5259 1597 5325 id
1639 5268 1735 5324 est
1775 5260 2076 5324 recedens
2115 5278 2155 5323 a
2196 5258 2352 5337 fide,

2465 4278 2771 4360 quamdiu
2801 4277 2905 4340 hic
2935 4277 3183 4352 vivunt,
3201 4294 3329 4340 non
3359 4285 3455 4340 est
3483 4277 3949 4358 desperandum

2465 4379 2545 4440 de
2581 4376 2693 4439 eis.
2729 4376 2835 4438 His
2881 4376 3140 4438 demum
3186 4374 3396 4438 verbis
3434 4382 3739 4438 consonat
3774 4374 3950 4456 quod

2467 4475 2697 4555 legitur
2728 4474 2794 4535 in
2823 4473 2983 4535 lsaia
3018 4490 3031 4535 ε
3064 4473 3181 4537 Pro
3206 4490 3283 4535 eo
3314 4473 3483 4554 quod
3515 4473 3772 4535 clevatae
3800 4482 3950 4535 sunt
4012 4492 4223 4543 1·.m.1⁶.

2467 4570 2622 4634 filiae
2658 4571 2831 4648 Sion,
2864 4578 2927 4633 et
2955 4570 3443 4634 ambulaverunt
3479 4568 3643 4632 collo
3671 4578 3946 4646 extento,
3981 4557 4044 4601 ¹⁷·

2464 4679 2527 4733 et
2572 4669 2835 4732 nutibus
2875 4667 3205 4732 oculorum
3257 4668 3457 4742 ibant,
3489 4675 3551 4730 ει
3598 4669 3951 4750 composito

2466 4768 2663 4851 gradu
2723 4766 3104 4830 incedebant
3146 4784 3163 4846 ;
3229 4766 3590 4829 decalvabit
3646 4765 3951 4829 Dominus

2467 4866 2768 4931 verticem
2800 4864 3085 4927 filiarum
3116 4864 3291 4928 Sion.

2546 4968 2679 5027 Sem
2716 4974 2868 5025 sunt
2914 4984 3057 5044 quae
3101 4966 3239 5023 odic
3278 4965 3599 5024 Dominus
3644 4972 3950 5045 tanquam
4076 4972 4140 5027 16

2464 5062 2750 5125 enormia
2804 5061 3094 5136 crimina,
3149 5070 3210 5121 et
3255 5064 3601 5137 septimum
3646 5070 3951 5143 tanquam

2461 5159 3299 5240 gravissimum,detestacur
3325 5161 3551 5220 anima
3578 5162 3744 5237 ejus,
3760 5160 3823 5222 id
3852 5165 3952 5221 est

2461 5278 2644 5323 mens
2672 5260 2812 5343 ejus
2846 5280 2861 5325 ι
2894 5278 3024 5324 non
3053 5260 3225 5341 quod
3262 5258 3427 5322 Deus
3464 5259 3533 5321 in
3572 5278 3687 5322 sua
3714 5267 3951 5321 natura
