4284 6267
1070 515 1425 565 mumulo
1466 516 1531 563 m
1574 516 1714 565 cu.
1752 514 1839 562 vn
1879 514 2318 564 EGCLBSIASTAE.
2364 537 2445 546 -
2487 519 2628 565 ΛΒΤ.
2664 512 2750 565 m

3341 502 3460 567 253

338 702 495 745 eum
540 684 877 751 Dominus,
917 686 1183 763 Quidam
1226 697 1556 770 exponunt
1594 688 1687 752 sic
1722 708 1736 752 :
1769 690 1854 750 In
1886 687 1933 751 A
1965 706 2143 751 meae.
2174 694 2398 751 Justus
2427 692 2599 768 perit
2632 692 2992 769 injustitia
3028 712 3148 753 sua
3180 712 3202 751 .·
3233 691 3298 753 id
3338 699 3456 768 est,

338 783 453 841 die
512 785 707 853 bona,
768 784 832 847 id
892 794 987 848 est
1046 785 1115 847 in
1170 785 1399 849 diebus
1455 786 1853 863 solennibuS,

342 880 577 957 fruere
624 886 829 956 boni-5,
868 884 932 946 id
973 893 1071 947 est
1113 884 1275 948 cibis
1317 893 1383 948 et
1424 884 1683 967 potibus
1726 885 1862 947 lau-

346 977 651 1042 tioribus.
698 980 873 1055 Quod
917 990 1069 1045 tunc
1112 982 1285 1058 licet,
1327 985 1505 1065 juxta
1547 983 1705 1045 illud
1747 982 1862 1045 Ne-

66 1086 315 1141 Πῖσαν-ππ,
346 1076 587 1140 hemiae
636 1096 651 1139 :
698 1079 809 1158 lte,
863 1080 1177 1144 comedite
1222 1081 1507 1163 pinguia,
1556 1090 1617 1144 et
1662 1081 1862 1144 bibite

66 1144 119 1185 ω’
346 1175 653 1251 mulsum,
675 1186 737 1240 et
768 1178 1003 1240 mittite
1034 1186 1247 1261 partes
1275 1179 1377 1242 his
1407 1180 1518 1261 qui
1551 1198 1678 1242 non
1711 1198 1863 1262 prae-

350 1283 745 1357 paraverunt
778 1276 923 1353 sibi,
958 1278 1112 1359 quia
1144 1278 1280 1341 dies
1323 1287 1581 1341 sanctus
1612 1277 1862 1341 Domini

70 1393 316 1445 m.==,n,2.
348 1381 473 1439 est.
499 1372 683 1437 Unde
713 1384 778 1437 et
809 1374 876 1437 in
908 1375 1107 1439 Tobia
1137 1375 1371 1457 legitur
1404 1396 1419 1441 z
1454 1375 1657 1450 Quum
1698 1385 1863 1439 esset

350 1471 493 1535 dies
523 1470 731 1536 festus
772 1474 1049 1550 Domini,
1088 1483 1150 1538 et
1192 1474 1435 1537 factum
1470 1484 1638 1538 esset
1671 1494 1861 1557 pran-

350 1572 533 1633 dium
582 1571 825 1635 bonum
878 1574 945 1635 in
992 1574 1181 1638 domo
1232 1573 1466 1651 Tobiae,
1510 1574 1672 1637 dixit
1720 1573 1864 1636 filio

352 1688 473 1733 suo
498 1688 512 1731 :
538 1670 738 1746 Vade,
773 1680 837 1734 et
866 1691 1025 1736 voca
1050 1672 1303 1755 aliquos
1334 1673 1413 1735 dc
1444 1672 1616 1734 tribu
1646 1681 1861 1736 nostra

350 1769 656 1831 timentes
712 1770 935 1847 Deum,
990 1778 1063 1832 ut
1108 1770 1449 1853 epulentur
1498 1772 1857 1834 nobiscum.

1964 788 2133 868 juste
2180 787 2475 865 vivendo,
2519 797 2584 851 et
2630 798 2888 871 propter
2929 808 3109 851 suam
3149 788 3460 871 justitiam

1968 887 2440 967 persecutiones
2489 896 2887 969 mortemque
2931 887 3203 969 patitur:
3243 898 3302 948 et
3345 890 3464 948 im-

1960 986 2113 1063 pius
2140 990 2342 1048 multo
2377 988 2538 1046 vivit
2573 996 2844 1063 tempore
2877 988 2951 1047 in
2991 988 3248 1047 malitia
3288 1008 3408 1049 sua
3441 1008 3462 1046 .·

1972 1083 2059 1145 ita
2105 1085 2276 1165 quod
2319 1083 2548 1147 vitiose
2592 1085 2888 1161 vivendo,
2937 1094 3346 1167 prosperatur
3397 1086 3464 1147 in

1971 1182 2232 1243 munde.
2256 1180 2433 1243 Unde
2461 1180 2650 1244 Isaias
2681 1190 2947 1245 testatur
2982 1198 2995 1242 ε
3030 1182 3242 1245 Justus
3273 1181 3460 1265 perit,
3511 1200 3685 1252 tamn,
3706 1203 3744 1245 ι.

1972 1288 2034 1341 et
2078 1298 2206 1343 non
2251 1289 2346 1341 est
2389 1280 2502 1361 qui
2551 1280 2876 1361 recogitet.
2921 1280 2998 1342 Et
3040 1288 3250 1344 tamen
3297 1282 3466 1345 istud

1972 1378 2224 1443 videtur
2251 1378 2487 1441 divinae
2524 1379 2828 1459 derogare
2855 1379 3118 1460 justitia>
3156 1400 3229 1444 ac
3258 1380 3471 1462 provi-

1971 1477 2206 1540 dentiae
2247 1477 2597 1560 provisoris
2641 1478 2884 1540 aeterni.
2921 1479 2995 1540 Et
3031 1478 3254 1561 utique
3291 1480 3473 1542 dero-

1972 1584 2170 1656 garet,
2208 1576 2262 1638 si
2305 1595 2434 1637 non
2475 1584 2640 1639 esset
2677 1576 2806 1637 vita
2849 1576 2978 1639 alia
3018 1586 3160 1659 post
3199 1596 3474 1659 praesen-

1974 1684 2124 1750 tem,
2161 1694 2278 1738 nec
2314 1672 2601 1737 futurum
2643 1674 2749 1737 Dei
2789 1675 3124 1756 judicium,
3158 1676 3272 1758 qui
3301 1677 3474 1758 juste

1974 1792 2045 1836 ac
2076 1774 2399 1856 sapienter
2432 1773 2552 1835 ista
2582 1774 2895 1856 permittit
2925 1793 3034 1837 seu
3067 1774 3218 1855 agit,
3255 1783 3474 1856 quate-

354 1870 439 1929 Ει
470 1872 719 1930 malam
746 1871 919 1929 diem
940 1890 1256 1947 praeeave,
1290 1870 1353 1931 id
1396 1878 1513 1947 est,
1552 1889 1588 1931 a
1630 1869 1861 1932 talibus
1900 1870 1945 1931 B
1976 1891 2093 1933 nus
2137 1872 2322 1935 electi
2366 1881 2430 1935 et
2469 1872 2623 1953 justi
2673 1871 2879 1935 taliter
2924 1872 3222 1954 patiendo
3263 1892 3301 1935 a
3338 1874 3471 1936 suis

354 1966 609 2030 deliciis
656 1986 813 2030 cave
858 1966 1087 2055 diebus
1134 1968 1455 2050 deputatis
1512 1967 1861 2032 afflictioni

354 2073 549 2146 atque
572 2065 845 2147 jejuniis
873 2083 887 2127 :
915 2067 1453 2148 quemadmodum
1485 2067 1551 2129 in
1581 2066 1863 2132 Levitico

98 2181 325 2231 tamn,
358 2163 565 2227 fertur
622 2164 704 2226 de
753 2164 857 2227 die
910 2164 1314 2246 expiationis,
1370 2166 1588 2229 Omnis
1644 2167 1859 2230 anima

356 2282 501 2345 quae
522 2262 781 2325 afflicta
810 2281 940 2326 non
972 2262 1169 2326 fuerit
1195 2264 1301 2327 die
1338 2264 1481 2343 hoc,
1516 2266 1751 2347 peribit
1780 2266 1859 2328 de

352 2361 617 2445 populis
657 2362 815 2424 suis.
862 2360 983 2425 Sed
1028 2381 1156 2425 non
1198 2372 1461 2445 apparet
1503 2364 1676 2445 quod
1719 2363 1855 2428 dies

349 2460 525 2537 festi,
578 2461 891 2525 virtutum
939 2460 1187 2523 actibus
1225 2462 1510 2543 deputati
1559 2471 1623 2525 et
1665 2464 1851 2543 sacri,

346 2568 666 2624 vocentur
708 2560 777 2622 in
820 2559 1169 2641 Scripturis
1213 2559 1391 2621 mali.

428 2661 623 2721 Sicut
650 2660 829 2719 enim
856 2660 1053 2728 hanc,
1077 2659 1171 2717 sic
1193 2667 1251 2718 et
1280 2659 1470 2719 illam
1488 2659 1643 2736 fecit
1664 2662 1851 2721 Deus.

346 2756 701 2838 Utramque
756 2755 928 2819 enim
990 2755 1161 2817 diem
1222 2755 1500 2818 instituit
1556 2757 1717 2820 Deus
1776 2758 1854 2819 ad

348 2864 529 2919 actus
568 2872 887 2935 congruos
928 2854 1080 2916 illis.
1112 2853 1189 2916 Et
1229 2853 1395 2917 sicut
1431 2854 1566 2918 dies
1607 2874 1859 2938 prospe-

350 2954 560 3016 ritatis
608 2973 683 3016 ac
728 2953 1125 3030 meritorum,
1158 2960 1256 3016 est
1290 2951 1563 3016 effectus
1601 2954 1857 3036 pietatis

1970 1970 2178 2051 culpis
2210 1970 2274 2031 in
2305 1969 2422 2031 hac
2452 1970 2584 2032 vita
2621 1979 2995 2051 purgentur,
3031 1971 3470 2053 maioremque
3559 2004 3571 2015 ·

1967 2068 2238 2148 gloriam
2280 2078 2776 2149 consequantur,
2832 2088 2905 2132 ac
2952 2068 3095 2131 aliis
3143 2069 3210 2132 in
3261 2088 3472 2132 exem-

1970 2166 2147 2248 plum
2194 2174 2544 2247 ponantur3
2580 2166 2763 2249 impii
2805 2175 3020 2230 autem
3065 2186 3138 2231 ac
3186 2168 3464 2250 reprobi,

1967 2266 2211 2346 majora
2258 2284 2388 2329 suae
2445 2265 2879 2347 perversitatis
2939 2265 3286 2329 sortiantur
3350 2274 3469 2329 tor-

1965 2371 2200 2426 menta.
2252 2363 2486 2425 Tamen
2532 2362 2685 2444 quia
2731 2364 2810 2427 de
2851 2364 2973 2428 isto
3017 2364 3203 2427 multi
3255 2364 3461 2427 solent

1962 2461 2205 2539 mirari,
2260 2461 2328 2523 in
2375 2480 2596 2525 eorum
2645 2480 2911 2543 persona
2962 2462 3249 2545 loquitur
3294 2464 3460 2526 Jere-

1964 2560 2125 2623 mias
2173 2578 2187 2623 z
2233 2560 2444 2623 Justus
2492 2560 2751 2642 quidem
2803 2568 2867 2623 tu
2919 2580 3007 2637 es,
3059 2561 3347 2639 Domine,
3401 2563 3454 2625 si
3502 2582 3747 2634 lemna.

1964 2656 2284 2738 disputem
2313 2664 2552 2734 tecum3
2581 2663 3016 2720 verumtamen
3039 2656 3210 2737 justa
3234 2657 3459 2739 loquar

1964 2754 2043 2816 ad
2094 2761 2175 2817 te.
2223 2752 2424 2827 Quare
2469 2754 2573 2815 via
2621 2753 2964 2835 impiorum
3014 2760 3460 2837 prosperatum

1967 2852 2224 2915 Talibus
2282 2870 2540 2933 quoque
2589 2870 2701 2933 per
2753 2851 3118 2915 Malachiam
3179 2853 3462 2935 loquitur

1966 2952 2130 3014 Deus
2167 2967 2180 3011 :
2215 2949 2623 3012 lnvaluerunt
2652 2968 2843 3031 super
2872 2970 2973 3013 me
3003 2952 3196 3015 verba
3225 2961 3458 3030 vestra,
3493 2977 3750 3029 Mazacam.

348 3052 625 3131 divinae3
659 3051 753 3115 sic
782 3051 921 3114 dies
949 3050 1175 3132 judicii
1214 3060 1277 3114 et
1304 3051 1567 3115 ultionis
1608 3071 1719 3115 seu
1750 3053 1859 3115 ad·-
1887 3054 1937 3117 .C
1968 3059 2031 3113 ct
2072 3050 2324 3113 dixistis
2360 3066 2374 3111 t
2417 3048 2634 3112 Vanus
2678 3056 2774 3110 est
2816 3048 2928 3129 qui
2975 3050 3172 3114 servit
3212 3051 3369 3131 De03
3402 3058 3466 3114 et
3497 3043 3631 3084 ¹³⁴⁵·

350 3150 701 3226 versitatiS,
725 3168 886 3232 opus
914 3159 1013 3213 est
1039 3148 1275 3213 divinae
1303 3150 1588 3231 justitiae.
1623 3154 1699 3213 Ut
1727 3171 1859 3213 non

350 3252 657 3311 inveniat
704 3253 889 3310 homo
936 3258 1162 3310 contra
1205 3268 1353 3309 eum
1382 3250 1603 3326 justa-3
1644 3252 1862 3328 queri-

354 3352 637 3421 monia-3,
671 3347 737 3410 id
774 3354 893 3425 est,
928 3366 1009 3409 ne
1048 3345 1512 3409 rationabiliter
1551 3347 1859 3429 conqueri

354 3448 587 3530 possit,
620 3446 795 3528 quod
826 3446 989 3508 Deus
1018 3446 1257 3526 injuste
1294 3464 1683 3527 quemquam
1713 3465 1863 3510 con-

82 3566 325 3621 anum.
355 3548 643 3623 demnet,
676 3553 789 3607 aut
817 3544 1344 3608 inconvenienter
1371 3544 1688 3627 disponat.
1719 3543 1864 3609 Om-

355 3646 469 3709 nia
524 3646 703 3709 enim
763 3643 831 3705 in
888 3642 1203 3725 sapientia
1259 3642 1435 3719 fecit,
1495 3652 1558 3707 et
1608 3652 1863 3727 tempus

354 3743 718 3828 poenitendi
749 3762 823 3806 ac
854 3742 1262 3825 promerendi
1293 3741 1580 3822 largitur,
1606 3762 1725 3808 nec
1753 3743 1865 3805 ali-

353 3844 461 3907 cui
514 3842 884 3924 injuriatur.
916 3840 1247 3904 Certamen
1292 3859 1550 3923 quoque
1594 3842 1864 3923 requirit

356 3962 395 4005 a
428 3942 563 4004 suis
594 3939 936 4016 ministriS‚
974 3946 1047 4001 ut
1076 3938 1142 4001 in
1174 3939 1635 4003 tentationibus
1667 3949 1729 4003 et
1754 3942 1864 4004 ad·-

358 4039 779 4105 versitatibus
809 4037 1083 4100 viriliter
1108 4036 1478 4119 praelientur
1508 4046 1729 4102 contra
1756 4040 1864 4103 ho-

84 4155 330 4215 mimis.
360 4148 491 4203 stes
542 4158 675 4201 suae
724 4137 947 4201 salutis
994 4154 1009 4199 ε
1058 4136 1360 4218 quoniam
1411 4155 1537 4199 non
1586 4148 1863 4202 meretur

1968 3148 2137 3231 quod
2201 3147 2728 3225 emolumentum,
2791 3146 2940 3228 quia
2995 3148 3465 3213 custodivimus

1970 3256 2284 3331 praecepta
2329 3246 2488 3327 ejuS,
2531 3255 2594 3309 et
2636 3246 2789 3327 quia
2835 3247 3311 3311 ambulavimus
3360 3249 3468 3312 tri-

1970 3355 2097 3410 stes
2135 3365 2348 3409 coram
2387 3345 2689 3408 Domino?
2718 3345 2883 3426 Ergo
2912 3365 3082 3410 nunc
3123 3346 3339 3410 beatos
3369 3348 3465 3410 di-

1971 3445 2178 3508 cimus
2217 3452 2605 3526 arroganteS,
2639 3442 2952 3525 siquidem
2987 3444 3285 3509 aedificati
3318 3454 3468 3511 sunt

1974 3542 2282 3607 facientes
2324 3541 2743 3624 impietatem.

2052 3644 2211 3707 Noli
2237 3641 2606 3717 essejustus
2633 3642 2936 3701 multum.
2966 3641 3221 3705 Iustitia
3260 3644 3462 3708 virtus
3594 3658 3660 3713 Π

1972 3750 2067 3805 est
2101 3758 2115 3803 ε
2150 3759 2290 3823 quae
2323 3746 2496 3802 tanto
2528 3736 2724 3800 fuerit
2761 3738 2987 3820 major,
3025 3748 3199 3804 tanto
3239 3752 3301 3805 et
3331 3762 3461 3806 me-

1973 3841 2115 3904 lior.
2164 3837 2488 3914 Quomodo
2537 3854 2685 3917 ergo
2732 3836 2842 3914 ait,
2890 3837 3029 3901 Noli
3071 3858 3209 3902 esse
3251 3842 3460 3922 justus

1972 3939 2282 4003 multum?
2303 3936 2379 3998 Et
2403 3936 2942 4018 respondendum,
2965 3939 3136 4018 quod
3167 3940 3460 4021 quamvis

1968 4037 2218 4122 justitia
2246 4037 2328 4098 sit
2356 4036 2558 4100 virtus
2589 4034 2655 4096 in
2685 4053 2773 4111 se,
2809 4035 2876 4096 in
2906 4055 3033 4118 qua
3060 4038 3302 4102 directe
3333 4058 3460 4103 non

1972 4146 2068 4203 est
2121 4153 2437 4211 θκθθεειιε,
2491 4134 2642 4215 quia
2685 4135 3116 4213 augmentatio
3169 4138 3310 4218 eJus
3367 4148 3463 4201 est

358 4236 681 4313 coronari,
720 4236 847 4299 nisi
878 4235 989 4317 qui
1029 4243 1228 4298 certat
1268 4234 1571 4315 legitime.
1607 4236 1763 4300 Hinc
1796 4237 1862 4300 in
1892 4244 1941 4305 D
1974 4257 2087 4299 sua
2116 4232 2492 4316 completio;
2525 4242 2734 4295 tamen
2765 4232 2832 4293 in
2871 4234 3194 4297 exercitiis
3221 4244 3284 4298 et
3315 4237 3464 4300 acti-

360 4335 736 4417 Evangelio,
768 4334 1195 4397 murmuranti
1235 4333 1468 4413 legitur
1504 4336 1867 4416 respondis-

92 4518 173 4622 ¹23⁶
190 4596 231 4631 n·
254 4586 317 4627 w·
361 4543 625 4601 sanctus
653 4532 772 4597 Job
808 4532 969 4595 dixit
1002 4550 1016 4593 :
1052 4532 1113 4595 Si
1144 4533 1310 4596 bona
1350 4534 1747 4615 suscepimus
1786 4536 1866 4599 dc

362 4655 561 4699 manu
610 4631 884 4707 Domini,
930 4630 1097 4693 mala
1142 4650 1337 4712 quare
1380 4650 1506 4695 non
1563 4633 1869 4697 sustinea-

360 4737 544 4797 mus?
577 4731 855 4812 Angelus
894 4747 1152 4811 quoque
1185 4729 1398 4793 Tobiae
1428 4731 1676 4794 locutus
1715 4742 1813 4795 est
1844 4750 1861 4796 :

100 4846 333 4903 mmm.
361 4832 521 4907 Quia
572 4837 873 4912 acceptus
919 4846 1059 4891 eras
1112 4826 1256 4905 Deo,
1307 4846 1565 4892 necesse
1616 4840 1748 4893 erat
1796 4839 1866 4893 ut

360 4929 637 4995 tentatio
668 4926 969 5011 probaret
1008 4934 1091 4989 te.
1129 4925 1601 5007 consequenter
1640 4927 1867 5010 probat

360 5027 859 5112 praecavendum
888 5024 1129 5087 malum
1169 5024 1363 5101 diem,
1394 5024 1569 5104 juxta
1608 5045 1865 5089 sensum

364 5128 727 5201 inductum,
764 5133 827 5187 et
867 5124 1040 5205 quod
1084 5124 1167 5186 sit
1211 5121 1417 5185 factus
1459 5141 1496 5183 a
1536 5122 1823 5188 Domino.

186 5224 245 5279 16
468 5228 627 5288 Haec
666 5244 917 5304 quoque
966 5224 1112 5283 vidi
1159 5223 1234 5283 in
1282 5222 1506 5281 diebus
1556 5224 1869 5283 vanitatis

364 5344 543 5397 meoe,
594 5322 659 5385 id
715 5330 812 5385 cst
871 5320 1250 5384 transitoriae
1298 5337 1371 5382 ac
1420 5319 1667 5384 miserae
1722 5319 1869 5384 vitae

1972 4337 2115 4412 buS,
2163 4333 2398 4416 quibus
2439 4332 2512 4393 ad
2558 4331 2871 4412 justitiam
2917 4350 3028 4395 seu
3070 4334 3207 4415 ejus
3245 4335 3464 4418 profe-

1972 4444 2143 4498 ctum
2175 4430 2577 4515 pertingitur,
2601 4437 2665 4493 et
2692 4448 2835 4511 quae
2863 4431 2938 4493 ad
2970 4450 3109 4494 eam
3139 4436 3460 4516 pertinere

1974 4539 2296 4615 putantur,
2338 4536 2545 4611 potest
2584 4547 2878 4591 excessus
2922 4530 3462 4615 superfluitasque

1973 4630 2271 4702 accidere,
2310 4628 2475 4690 sicut
2510 4636 2573 4689 et
2601 4627 2771 4689 circa
2807 4628 3134 4691 caritatem
3164 4637 3229 4693 et
3263 4632 3462 4696 absti-

1976 4727 2280 4792 nentiam.
2303 4726 2518 4806 ltaque
2547 4724 2737 4789 homo
2767 4743 2896 4787 non
2925 4726 3114 4789 debet
3142 4746 3210 4791 εθ
3240 4728 3463 4793 immo-

1974 4826 2233 4901 deratiS,
2267 4823 2649 4900 indiscretiS,
2683 4832 2746 4887 et
2783 4822 2906 4885 sibi
2946 4824 3459 4907 importabilibus

1974 4925 2237 5006 vigiliis,
2278 4922 2564 5004 jejuniiS,
2594 4922 2977 5005 discipliniS,
3012 4932 3076 4986 et
3112 4926 3464 4990 consimili-

1976 5026 2094 5089 bus
2126 5022 2394 5103 fatigare
2429 5038 2643 5082 amore
2670 5020 2931 5101 justitiae
2961 5020 3323 5087 obtinendae
3351 5034 3462 5089 aut

1974 5120 2408 5206 perficiendae,
2458 5118 2557 5181 vel
2607 5119 2921 5182 desiderio
2966 5121 3348 5203 proficiendi
3391 5124 3458 5187 in

1974 5220 2234 5285 caritate
2291 5224 2400 5279 aut
2452 5216 2811 5281 devotione.
2862 5218 2985 5281 Nec
3041 5218 3235 5283 debet
3291 5222 3461 5285 circa

1972 5318 2308 5403 justitiam,
2341 5334 2455 5398 per
2491 5314 2762 5378 nimium
2801 5314 3074 5397 rigorem
3109 5338 3222 5383 seu
3245 5328 3464 5386 auste-
