4284 6267
855 480 938 545 48

1565 496 1917 544 :annulo
1957 494 2023 543 IN
2065 495 2209 542 ω.
2240 494 2305 540 Vl
2346 492 2835 542 emmonim.
2878 514 2961 525 ——
3000 494 3143 541 m.
3177 492 3241 540 VI

849 672 1096 747 qilans,
1137 678 1280 752 post
1325 687 1619 732 somnum
1669 667 2090 749 corporalem,
2127 666 2227 729 vel
2276 666 2345 727 in
2374 662 2425 726 A
2452 666 2650 727 vitam
2694 666 2761 729 in
2808 685 3005 749 regno
3046 684 3062 728 :
3110 664 3265 748 quia
3300 684 3414 748 per
3444 663 3937 745 increpationem

857 770 1320 833 resurrectione
1371 768 1606 845 futura,
1641 773 1894 847 coquere
1933 788 2082 827 eum
2121 769 2239 834 eis,
2282 766 2344 827 id

857 876 977 945 est,
1027 888 1104 930 ea
1157 887 1304 931 mox
1359 868 1438 929 ad
1499 867 1872 929 memoriam
1933 884 2217 940 revoces,
2274 883 2349 925 ac
2452 864 2624 945 apud
2652 863 2771 926 Job
2801 864 3071 944 legitur:
3098 864 3261 926 Deus
3290 861 3546 924 instruit
3574 859 3931 942 disciplina,
3988 879 4077 922 ,τοῦ
4094 894 4256 929 ωηι,4

857 968 1212 1029 mercedem
1262 985 1380 1049 pro
1425 984 1646 1028 eorum
1697 965 1986 1027 custodia
2026 962 2351 1045 praestole-

859 1065 970 1126 ris.
1010 1065 1194 1127 Juxta
1229 1065 1402 1128 hunc
1445 1064 1704 1127 modum
1749 1064 1814 1124 in
1861 1059 2351 1125 Deuteronomio

580 1175 834 1226 Dat-vm-
859 1163 1166 1244 scriptum
1197 1172 1292 1225 est
1329 1180 1345 1224 :
1379 1163 1578 1224 Erunt
1609 1161 1805 1224 verba
1833 1160 2084 1223 Domini
2115 1159 2184 1221 in
2212 1178 2353 1221 cor-

597 2654 678 2699 Pe.
695 2668 832 2707 cxvnt,

569 2722 638 2762 21.

572 2919 638 2960 ss.

674 3158 744 3195 xx,
767 3148 833 3189 10.

599 4423 682 4467 Pu.
698 4437 790 4467 cxvi

571 4489 667 4530 ¹05.

859 1261 940 1323 de
969 1269 1078 1324 tuo
1103 1280 1122 1341 ;
1169 1268 1234 1323 et
1262 1260 1551 1323 narrabis
1579 1279 1656 1322 ea
1687 1258 1845 1321 filiis
1875 1260 2028 1335 1015,
2053 1268 2118 1321 01
2156 1257 2353 1319 medi-

861 1358 1098 1421 taberis
1138 1360 1366 1422 sedens
1407 1358 1472 1420 in
1509 1359 1700 1421 domo
1742 1367 1871 1433 tua,
1904 1366 1969 1420 et
2008 1355 2351 1419 ambulans

861 1456 928 1518 in
961 1457 1210 1535 itinere,
1247 1466 1310 1519 et
1339 1458 1663 1519 dormiens
1693 1465 1886 1537 atque
1913 1473 2305 1535 consurgens
2330 1470 2349 1532 3

861 1563 926 1618 et
967 1555 1196 1635 ligabis
1235 1575 1310 1618 ea
1345 1555 1532 1637 quasi
1573 1554 1826 1635 siguum
1875 1554 1943 1615 in
1985 1572 2181 1615 manu
2217 1561 2347 1627 tua,

859 1662 1177 1735 eruntque
1217 1662 1280 1715 et
1316 1652 1746 1716 movebuntur
1787 1652 1954 1714 inter
1995 1651 2217 1714 000105
2254 1658 2353 1710 tu-

859 1770 954 1828 05,
1007 1752 1376 1833 scribesque
1425 1771 1502 1815 ea
1549 1752 1614 1813 in
1664 1751 1892 1813 limine
1939 1758 2006 1813 et
2051 1750 2120 1811 in
2168 1748 2351 1811 ostiis

861 1852 1088 1915 domus
1119 1859 1264 1913 1οω.

940 1949 1030 2010 Ex
1074 1949 1312 2031 quibus
1359 1947 1634 2025 elicitur,
1669 1967 1814 2010 cum
1857 1966 2048 2029 quam
2097 1964 2352 2008 summa

859 2048 1194 2129 diligentia
1229 2057 1294 2110 et
1329 2046 1692 2129 frequentia
1738 2046 2077 2110 recolenda
2118 2045 2249 2107 sint
2286 2053 2351 2107 et

863 2146 1190 2229 implenda
1236 2146 1456 2209 divina
1501 2154 1842 2227 praecepta,
1882 2154 2016 2207 tum
2068 2143 2351 2226 praecipi·

861 2246 1030 2309 entis
1067 2244 1306 2307 intuitu
1343 2252 1410 2307 ct
1441 2262 1679 2321 amore,
1699 2252 1834 2306 tum
1871 2251 2132 2325 propter
2174 2260 2352 2305 0001-

861 2345 1147 2406 mitatem
1187 2342 1708 2423 transgressionis
1745 2361 1964 2405 001010
1995 2341 2345 2417 vitandam,

863 2451 998 2505 tum
1027 2450 1288 2524 propter
1317 2438 1654 2503 ineffabile
1685 2439 2016 2522 praemium
2058 2440 2352 2504 observa-

861 2540 1056 2602 tionis
1099 2541 1405 2622 ipsorum,
1449 2549 1582 2601 tum
1625 2547 1885 2621 propter
1921 2538 2351 2602 intolerabilia

861 2638 1180 2720 supplicia
1215 2638 1770 2720 praevaricantium
1801 2656 1898 2700 ca.
1931 2637 2181 2699 Etenim
2220 2656 2353 2699 ma-

861 2736 1074 2799 ledicti
1114 2737 1226 2818 qui
1263 2736 1586 2800 declinant
1621 2756 1660 2797 a
1707 2736 2022 2799 mandatis
2065 2736 2197 2799 Dei.
2230 2734 2349 2809 Qui

717 2868 832 2901 xm.
863 2844 924 2899 et
971 2836 1040 2898 in
1087 2835 1300 2915 ignem
1344 2834 1727 2916 dejicientur
1773 2843 2138 2911 tartareum,
2172 2843 2234 2897 et
2280 2834 2347 2895 in

861 2934 1138 2996 miseriis
1185 2952 1312 2997 000
1359 2933 1730 2995 subsistent.
1779 2934 1864 2995 De
1910 2932 2147 3014 quibus
2194 2932 2347 2994 satis

2452 764 2617 826 hanc
2676 784 2947 846 peccans
3004 765 3351 840 reducitur,
3400 762 3931 844 quemadmodum

2456 970 2523 1023 ut
2568 972 2812 1025 avertat
2840 962 3165 1025 hominem
3208 961 3291 1023 ab
3332 961 3433 1023 his
3475 978 3617 1041 0οω
3662 958 3831 1035 fecit,
3874 964 3935 1020 et
3968 946 4037 993 ¹⁶·
4062 945 4131 985 ¹⁷·

2456 1059 2685 1123 liberet
2716 1080 2860 1123 cum
2898 1062 2981 1125 de
3016 1060 3335 1143 superbia.
3358 1060 3435 1121 Et
3469 1058 3625 1122 alibi
3663 1058 3931 1120 dicitur:

2456 1158 2707 1221 Etenim
2759 1161 2963 1223 multo
3014 1170 3300 1242 tempore
3360 1177 3485 1221 non
3540 1157 3749 1219 sinere
3798 1174 3937 1238 pec-
3964 1173 4225 1221 nuceam

2458 1259 2780 1321 catoribus
2825 1277 2905 1322 ex
2948 1260 3263 1321 sententia
3308 1277 3514 1339 agere,
3566 1257 3679 1319 sed
3722 1254 3935 1317 statim

2460 1357 2737 1420 ultiones
2776 1357 3102 1434 adhibere,
3126 1357 3338 1438 magni
3378 1354 3681 1419 beneficii
3710 1361 3806 1417 est
3844 1354 3939 1415 in-

2460 1454 2723 1518 dicium.

2530 1558 2604 1615 Ut
2621 1557 2985 1615 custodiant
3006 1565 3064 1615 te
3080 1576 3121 1615 α
3142 1557 3405 1615 muliere
3424 1554 3612 1617 mala,
3624 1562 3683 1613 et
3702 1552 3938 1613 blanda
4066 1554 4139 1609 2⁴

2460 1656 2692 1730 linqua
2718 1664 3065 1723 extraneoe,
3096 1653 3161 1715 id
3202 1661 3299 1715 est
3334 1651 3417 1713 ab
3450 1650 3625 1714 omni
3670 1648 3940 1713 fornica-

2460 1751 2555 1813 ria
2590 1762 2785 1833 atque
2812 1752 3099 1814 adultera
3134 1769 3149 1813 :
3183 1772 3220 1814 a
3252 1750 3494 1833 quibus
3530 1769 3601 1813 50
3638 1748 3934 1823 custodit,

2386 1850 2433 1911 B
2460 1850 2569 1930 qui
2608 1851 2907 1913 mandata
2935 1850 3045 1913 Dei
3088 1858 3388 1932 praetacto
3416 1849 3605 1911 modo
3644 1847 3933 1909 attendit.

2459 1953 2607 2011 Non
2636 1952 3044 2027 concupiscat
3076 1951 3637 2027 pulchritudinem
3663 1948 3802 2023 ejus
3830 1966 3936 2005 cor

2458 2058 2645 2108 tuum
2671 2048 2752 2109 ad
2794 2067 2983 2109 usum
3022 2046 3343 2123 illicitum,
3376 2068 3456 2106 ne
3480 2047 3777 2125 capiaris
3816 2065 3938 2104 nu-

2460 2148 2629 2207 tibus
2664 2148 2874 2214 illius,
2906 2146 2970 2208 id
3010 2154 3127 2221 est,
3170 2164 3252 2207 ne
3288 2162 3401 2227 per
3442 2144 3623 2224 signa
3660 2142 3939 2206 lasciviae

2456 2244 2787 2307 oculorum
2816 2244 3021 2326 ipsius
3048 2244 3355 2307 alliciaris
3383 2243 3462 2305 ad
3491 2242 3743 2324 culpam
3768 2260 3786 2321 3
3826 2240 3937 2303 sed

2454 2361 2567 2405 ora
2610 2362 2758 2406 cum
2804 2342 3163 2424 Propheta:
3196 2343 3427 2405 Averte
3470 2341 3687 2404 000105
3733 2342 3931 2415 10005,
3993 2358 4223 2407 nemu,

2458 2460 2539 2504 00
2564 2442 2823 2505 videant
2849 2442 3239 2519 vanitatem3
3292 2440 3357 2501 in
3388 2441 3495 2503 via
3532 2449 3637 2502 tua
3675 2436 3941 2504 vivifica

2458 2541 2773 2603 100.Ποἀο
2802 2548 2865 2603 01
2894 2540 2961 2601 10
2994 2540 3439 2603 Ecclesiastico
3466 2539 3719 2619 legitur,
3755 2538 3941 2602 Aver·
3966 2557 4224 2605 nectam.

3968 2426 4034 2465 37.

4066 1949 4139 2002 25

2459 2648 2521 2702 te
2556 2640 2775 2703 oculos
2820 2648 2961 2703 tuos
2999 2658 3037 2701 a
3074 2639 3343 2702 muliere
3370 2645 3663 2720 compta3
3700 2644 3783 2710 et,
3806 2636 3941 2697 Vir-
4002 2637 4123 2680 1⁶¹³-
4154 2641 4191 2679 ⁵-

2454 2738 2669 2819 ginem
2730 2756 2811 2801 00
2858 2738 3183 2819 inspicias,
3237 2756 3319 2799 00
3376 2735 3816 2799 scandalizeris
3874 2733 3938 2794 in

2456 2836 2932 2920 pulchritudine
2970 2836 3132 2919 ejus.
3166 2836 3489 2911 Praeterea,
3526 2833 3801 2915 qualiter
3829 2850 3942 2915 per

2457 2936 2789 2998 mulierem
2827 2935 3126 2997 blandam
3165 2943 3357 3015 atque
3396 2941 3778 3006 extraneam,
3812 2932 3941 3013 spi-

863 3031 1232 3094 terribiliter
1277 3040 1470 3112 atque
1512 3029 1843 3095 verissime
1883 3030 1975 3092 ait
2017 3029 2349 3092 Psalmista
2382 3038 2427 3101 C
2458 3034 2772 3096 ritualiter
2801 3032 3199 3113 intelligatur
3231 3031 3591 3095 idololatria
3628 3030 3937 3113 pravitas-

861 3130 939 3192 ad
963 3130 1340 3193 Dominum:
1370 3129 1567 3191 Pones
1595 3146 1705 3190 eos
1736 3138 1807 3190 ut
1829 3128 2154 3192 clibanum
2181 3128 2348 3208 ignis

863 3230 930 3291 in
959 3238 1244 3311 tempore
1273 3228 1490 3293 vultus
1523 3228 1638 3290 tui.
1671 3228 1979 3291 Dominus
2008 3227 2075 3290 in
2108 3228 2205 3289 ira
2234 3247 2349 3290 sua

861 3327 1272 3391 conturbabit
1313 3345 1446 3401 005,
1479 3334 1544 3389 01
1579 3324 1913 3389 devorabit
1947 3344 2058 3389 eos
2098 3324 2290 3405 ignis,

971 3428 1140 3495 Quia
1197 3428 1584 3486 mandatum
1639 3429 1904 3485 lucerna
1961 3435 2074 3492 est,
2127 3434 2188 3485 et
2246 3429 2351 3485 lex

866 3528 1008 3585 luz.
1055 3524 1341 3586 Lucerna
1383 3542 1500 3604 per
1539 3532 1786 3599 testam,
1822 3530 1886 3585 et
1925 3523 2140 3584 minus
2179 3522 2349 3586 clare

865 3620 1244 3701 illuminat3
1299 3622 1408 3683 lux
1461 3640 1574 3702 per
1625 3620 2055 3703 semetipsam,
2105 3628 2172 3683 et
2228 3621 2351 3684 cla-

863 3720 1021 3781 rius.
1053 3720 1410 3782 Mandatum
1449 3737 1599 3799 0130
1643 3719 1877 3781 (1101101
1927 3718 2189 3782 1000100
2234 3720 2351 3782 im-

863 3817 1376 3900 perfectioribuS,
1429 3818 1538 3899 qui
1583 3818 1866 3880 nondum
1915 3819 2084 3881 clare
2130 3818 2351 3882 divina

865 3917 1268 3999 intelligunt3
1299 3916 1400 3978 lex
1431 3934 1582 3979 vero
1610 3915 1846 3978 (1101101
1874 3916 1982 3979 lux
2013 3914 2352 3998 perfectio-

864 4015 1066 4091 ribus,
1090 4015 1326 4096 quibus
1354 4015 1454 4076 lex
1481 4013 1590 4076 Dei
1621 4014 1857 4077 clarius
1887 4013 1915 4075 f
1919 4014 2113 4096 uiget,
2145 4023 2210 4077 et
2237 4015 2349 4096 qui

863 4113 1130 4195 limpide
1167 4113 1680 4195 contemplantur
1716 4132 1860 4194 quae
1897 4113 2004 4175 Dei
2049 4122 2222 4176 sunt.
2248 4113 2349 4177 Sic

2456 3150 2582 3213 que
2624 3129 2941 3207 haeretica,
2990 3138 3227 3192 tactum
3270 3138 3367 3191 est
3406 3126 3785 3210 praecedenti
3837 3146 3938 3190 ca-

2457 3229 2683 3311 pitulo.
2724 3231 3024 3291 Pretium
3058 3230 3234 3288 enim
3266 3230 3481 3298 scorti,
3514 3226 3579 3288 id
3616 3234 3734 3303 est,
3766 3225 3937 3307 quod

2456 3328 2773 3391 meretrici
2804 3328 2990 3389 datur
3029 3344 3145 3408 pro
3182 3326 3323 3407 ejus
3357 3325 3675 3407 amplexu,
3710 3327 3825 3385 vix
3850 3334 3941 3385 esc

2456 3429 2658 3487 unius
2678 3428 2919 3504 panis:
2938 3426 3094 3507 quia
3120 3424 3356 3486 modici
3388 3431 3485 3486 051
3510 3422 3765 3498 valoris,
3792 3441 3941 3505 prae-

2458 3526 2675 3588 sertim
2708 3525 2882 3607 quod
2911 3524 3098 3585 datur
3135 3530 3343 3585 scorto
3381 3522 3627 3585 cunctis
3656 3540 3723 3583 50
3753 3540 3941 3604 expo·

2458 3623 2660 3687 nenti.
2693 3624 2922 3704 Atque,
2959 3629 3031 3684 ut
3065 3622 3290 3684 asserit
3330 3620 3571 3697 Glossa‚
3606 3620 3819 3684 brevis
3848 3629 3944 3683 est

2458 3722 2751 3805 voluptas
2799 3720 3263 3796 fornicationiS,
3296 3728 3361 3781 et
3403 3727 3707 3801 perpetua
3753 3736 3943 3800 poena

2459 3822 2661 3903 ipsius
2698 3828 2811 3884 :et
2856 3820 3021 3881 sicut
3066 3837 3233 3881 unus
3281 3818 3465 3900 panis
3508 3817 3712 3880 solum
3766 3814 3945 3897 fugat

2459 3920 2651 3981 unius
2698 3918 2827 3981 diei
2874 3916 3171 3991 esuriem,
3206 3923 3270 3979 et
3316 3914 3507 3998 paulo
3555 3922 3699 3997 post
3744 3914 3943 3975 fame-

2458 4019 2579 4081 scit
2622 4016 2736 4099 qui
2788 4014 2999 4079 fuerat
3044 4022 3409 4093 saturatus3
3453 4013 3545 4076 sic
3593 4012 3705 4094 qui
3750 4012 3943 4074 intrat

2458 4117 2537 4179 ad
2586 4124 2889 4191 scortum,
2934 4114 3013 4176 ad
3060 4114 3280 4177 horam
3337 4111 3595 4193 quidem
3644 4118 3944 4192 evaporat

862 4213 1288 4278 communiter
1341 4214 1680 4295 exponitur
1725 4214 1917 4276 istud.
1967 4212 2181 4277 Nihilo
2236 4214 2353 4276 mi-
2378 4218 2429 4280 D
2460 4215 2816 4290 libidinem,
2850 4214 2959 4276 sed
2992 4221 3136 4295 post
3164 4210 3495 4293 paululum
3528 4210 3692 4273 redit
3718 4209 3945 4272 ardeu-

865 4331 986 4374 nus
1033 4321 1374 4393 utrumque
1423 4311 1502 4373 ad
1543 4311 1797 4373 eosdem
1841 4319 2050 4393 potest
2100 4311 2345 4389 referri,

793 4438 836 4476 ιι,
863 4410 1215 4493 praesertim
1243 4428 1444 4491 quum
1472 4409 1642 4473 dicat
1673 4409 1982 4490 Propheta
2015 4430 2030 4473 ε
2065 4411 2351 4473 Lucerna

863 4508 1133 4591 pedibus
1179 4508 1340 4571 meis
1377 4507 1643 4570 verbum
1691 4515 1893 4584 tuum,
1945 4509 2234 4586 Domine,
2286 4517 2351 4572 ct

863 4607 1078 4670 lumen
1131 4606 1376 4669 semitis
1426 4606 1609 4669 meis,
1659 4606 2013 4668 Mandatum
2063 4625 2214 4688 0130
2263 4607 2351 4670 lu-

860 4724 1066 4769 cernae
1093 4712 1519 4787 comparatur,
1543 4704 1694 4785 quia
1725 4704 2002 4767 illustrat
2029 4724 2103 4768 ac
2132 4705 2351 4787 dirigit

858 4805 938 4867 ad
971 4804 1135 4867 bene
1165 4802 1550 4883 vivendum3
1593 4812 1655 4865 01
1684 4801 1808 4880 lex,
1843 4803 2144 4885 quoniam
2179 4804 2349 4866 intus

857 4901 1182 4965 illuminat
1228 4908 1531 4978 mentem,
1583 4900 1882 4964 similiter
1922 4901 2075 4964 luci.
2112 4906 2196 4964 Et
2241 4906 2350 4963 via

859 5005 1034 5072 vitoe,
1061 5002 1421 5078 increpatio
1456 5002 1850 5077 disciplinae,
1881 5000 1944 5061 id
1992 5008 2108 5075 est,
2142 5018 2351 5063 corre-

859 5098 995 5183 ptio
1025 5096 1458 5180 disciplinaris
1489 5104 1552 5159 01
1581 5116 1657 5159 ex
1687 5096 1975 5159 interiori
2005 5097 2349 5179 disciplina

859 5198 1233 5280 procedenS,
1267 5203 1364 5258 est
1409 5196 1514 5258 via
1561 5194 1967 5276 pertingendi
2013 5196 2094 5257 ad
2141 5196 2337 5259 vitam

857 5295 1078 5377 gratim
1121 5294 1190 5357 in
1239 5294 1362 5358 isto
1392 5294 1641 5370 exsilio,
1692 5294 1923 5357 deinde
1968 5294 2049 5356 ad
2095 5294 2319 5375 gloriae

2460 4314 2603 4377 tior.
2656 4315 2902 4375 Mulier
2950 4322 3165 4372 autem
3216 4311 3351 4370 viri
3397 4311 3750 4386 pretiosam
3798 4310 3945 4369 arci-

2458 4433 2629 4473 mam
2663 4413 2866 4489 rapit,
2898 4410 2961 4472 id
3005 4418 3123 4486 est,
3168 4407 3449 4471 nobilem
3494 4406 3617 4470 viri
3661 4406 3940 4469 animam

2456 4520 2519 4574 et
2566 4528 2903 4593 personam
2950 4518 3203 4571 oeternae
3252 4504 3576 4568 felicitatis
3620 4523 3939 4587 capacem,

2454 4608 2689 4672 Christi
2722 4607 3029 4687 sanguine
3058 4604 3505 4682 liberatam,ad
3534 4620 3799 4665 summae
3818 4602 3945 4664 Tri·

2458 4708 2675 4770 nitatis
2704 4704 3195 4769 similitudinem
3228 4701 3482 4779 factam,
3508 4702 3695 4765 donis
3724 4700 3942 4782 gratiae
3996 4710 4104 4754 Gen·
4118 4723 4147 4760 ι.
4162 4712 4219 4751 26-

2456 4808 2812 4869 decoratam
2843 4804 3103 4883 decipit,
3138 4810 3203 4865 et
3228 4801 3619 4864 damnationi
3656 4800 3938 4883 exponit.

2455 4904 2659 4979 Quum
2709 4923 2859 4985 0130
2902 4911 3027 4966 1010
3078 4901 3208 4965 vile
3256 4900 3337 4962 sit
3392 4900 3667 4983 pretium
3720 4897 3936 4974 scorti,

2456 5010 2834 5082 tantumque
2891 5000 3194 5062 damnum
3250 4996 3716 5075 fornicationiS,
3770 5005 3941 5078 patet

2456 5108 2765 5181 quantum
2798 5098 2882 5160 sit
2908 5097 3398 5160 contemnenda.

2524 5198 2870 5276 Numquid
2884 5206 3085 5274 potest
3112 5198 3295 5256 homo
3316 5196 3695 5255 abscondere
3722 5195 3938 5271 iynem

2455 5298 2531 5357 in
2564 5297 2715 5356 sinu
2746 5315 2885 5365 suo,
2916 5304 2991 5355 ut
3036 5295 3407 5355 vestimenta
3438 5295 3623 5353 illius
3660 5312 3795 5353 non
3840 5312 3944 5352 ar-

4066 5198 4136 5253 27
