4284 6267
821 469 898 533 10
1557 490 1904 537 amaluino
1947 492 2011 538 m
2052 491 2190 539 car.
2237 494 2258 537 1
2300 494 2782 543 rnovnamonuu.
2830 514 2910 525 -
2950 496 3091 541 Ali-r.
3138 497 3159 542 1

823 658 999 735 dum,
1043 663 1214 743 quod
1264 664 1450 726 timor
1490 662 1709 727 filialis
1743 672 1944 728 cessat
1981 673 2044 728 et
2083 684 2310 729 evacu-
2336 664 2389 727 A
2420 666 2571 747 quia
2595 666 2713 728 etsi
2739 667 2883 749 quis
2915 668 2995 729 sit
3022 688 3059 729 a
3079 676 3337 749 peccato
3363 670 3897 751 purgatuS,adhuc

824 768 965 820 atur
1019 761 1083 822 in
1133 761 1357 843 patria,
1412 771 1719 844 quantum
1767 766 1846 827 ad
1904 772 2114 827 actum
2169 767 2308 845 ejus

821 858 935 939 qui
974 867 1070 921 est
1119 860 1446 924 sollicitari
1501 882 1579 925 ne
1626 864 1946 945 peccando
1987 864 2180 926 Deum
2221 862 2311 927 of-

824 955 1044 1020 fendat
1087 976 1101 1020 :
1143 960 1296 1041 quia
1335 960 1503 1023 Beati
1556 962 1622 1024 in
1669 964 1873 1042 gratia
1916 962 2303 1039 confirmati,

822 1056 1029 1118 sciunt
1062 1077 1128 1120 se
1167 1078 1294 1121 non
1339 1078 1524 1142 posse
1569 1080 1852 1143 peccare.
1887 1063 1961 1124 Et
1998 1071 2309 1143 quantum

821 1155 898 1217 ad
939 1156 1111 1220 hunc
1147 1166 1382 1233 actum,
1419 1177 1745 1241 nunquam
1781 1159 1904 1223 fuit
1944 1161 2010 1223 in
2061 1161 2309 1223 Christo

822 1255 1012 1318 timor
1049 1254 1288 1319 filialis.
1326 1258 1775 1321 Verumtamen
1813 1259 2002 1323 timor
2033 1260 2151 1322 iste
2184 1280 2313 1322 ma-

823 1362 932 1416 net
979 1356 1044 1416 in
1097 1354 1333 1431 futuro,
1381 1366 1691 1438 quantum
1739 1359 1819 1421 ad
1861 1367 2069 1422 actum
2122 1379 2310 1421 suum

821 1454 934 1534 qui
985 1461 1081 1516 est
1131 1456 1634 1519 reverentialiter
1678 1455 1859 1520 affici
1909 1458 2078 1521 circa
2125 1456 2313 1519 Altis-

823 1552 1080 1629 simum,
1125 1561 1188 1615 et
1234 1572 1310 1615 ex
1353 1554 1587 1616 intuitu
1639 1555 1914 1619 infinitae
1963 1557 2311 1637 majestatis

824 1651 1028 1734 ipsius
1059 1652 1124 1713 in
1160 1653 1532 1733 parvitatem
1565 1656 1887 1737 propriam
1920 1656 2187 1718 resilire.

902 1750 1186 1831 Denique
1217 1752 1294 1813 ad
1336 1752 1819 1833 intelligendum
1855 1774 1929 1817 ea
1961 1774 2104 1836 quae
2145 1753 2314 1816 infra

823 1851 902 1913 de
951 1851 1179 1913 timore
1225 1852 1482 1933 copiose
1532 1852 2041 1926 introducuntur,
2093 1853 2313 1915 adver·
2350 1853 2397 1915 B

825 1950 1014 2013 tenda
1064 1958 1214 2012 sunt
1269 1969 1412 2032 quae
1466 1950 1534 2013 in
1584 1951 1767 2014 tertia
1815 1961 1991 2034 parte
2040 1952 2315 2015 Summae

828 2068 956 2111 suae
995 2048 1219 2110 scribit
1261 2048 1562 2111 Dominus
1595 2049 2132 2113 Antisiodorensis
2170 2068 2183 2112 :
2219 2050 2319 2111 Ti—

826 2166 986 2221 mor,
1023 2148 1254 2227 inquit,
1298 2148 1564 2211 initialis
1602 2157 1665 2211 et
1708 2148 1928 2212 filialis
1969 2158 2116 2211 sunt
2154 2149 2319 2230 ejus-

828 2250 972 2311 dem
1005 2247 1257 2328 speciei,
1292 2248 1582 2329 quamvis
1622 2246 1932 2311 disserant
1965 2248 2313 2312 accidente.

832 2349 1008 2412 Sicut
1061 2348 1232 2410 enim
1292 2347 1482 2409 homo
1531 2346 1713 2409 albus
1772 2356 1835 2409 et
1889 2348 2080 2410 homo
2139 2348 2320 2427 niger

833 2456 981 2509 sunt
1011 2446 1298 2527 ejusdem
1341 2446 1598 2527 speciei,
1633 2454 1844 2508 tamen
1885 2445 2100 2508 nullus
2128 2445 2320 2509 homo

833 2546 1016 2608 albus
1045 2552 1142 2608 est
1179 2544 1370 2607 homo
1403 2544 1624 2624 niger3
1660 2544 1747 2606 ita
1780 2545 1970 2607 timor
2001 2543 2221 2607 filialis
2261 2552 2324 2606 et

832 2643 1023 2706 timor
1073 2642 1339 2705 initialis
1391 2650 1540 2703 sunt
1588 2644 1822 2724 speciei
1872 2643 2182 2724 ejusdem,
2236 2652 2325 2705 ta-

833 2761 980 2823 men
1017 2741 1232 2804 nullus
1273 2742 1464 2803 timor
1502 2741 1765 2803 initialis
1803 2750 1899 2804 est
1939 2742 2182 2804 filialis.
2226 2742 2326 2803 Ti-

834 2860 974 2904 mor
1003 2850 1212 2905 autem
1245 2840 1468 2903 filialis
1499 2841 1880 2921 quandoque
1919 2840 2153 2904 dicitur
2184 2860 2325 2923 pos-

834 2940 1095 3012 sessive,
1160 2947 1229 3001 ut
1285 2938 1533 3002 dicatur
1591 2939 1780 3001 timor
1843 2937 2066 3001 filialis
2135 2938 2324 3001 timor

2418 774 2679 827 manent
2718 766 2785 828 in
2824 785 2899 829 eo
2946 766 3233 847 reliquiae
3270 776 3693 849 peccatorum,
3728 768 3897 830 scili-

2419 870 2517 923 cet
2546 860 2903 926 difficultas
2933 862 3095 925 bene
3138 864 3384 943 agendi,
3419 863 3771 926 obscuritas
3806 866 3901 927 in-

2420 960 2769 1040 telligendi,
2832 962 3134 1041 obligatio
3198 962 3626 1025 satisfaciendi
3678 980 3692 1025 :
3746 983 3901 1044 quas

2418 1059 2681 1141 expellit
2710 1061 2901 1124 timor
2938 1060 3227 1122 initialis.
3263 1060 3493 1142 Sicque
3532 1062 3719 1124 corde
3759 1082 3905 1145 pur-

2418 1168 2561 1239 gato
2597 1178 2709 1241 per
2742 1159 2938 1222 fidem
2969 1168 3161 1240 atque
3199 1161 3517 1235 timorem,
3551 1161 3742 1223 sentit
3770 1162 3910 1223 dul-

2419 1258 2708 1320 cedinem
2740 1258 2847 1320 Dei
2878 1278 2893 1322 z
2926 1260 3463 1339 quemadmodum
3494 1278 3683 1321 causa
3716 1259 3909 1323 febris

2421 1376 2565 1419 cum
2606 1356 2897 1438 reliquiis
2937 1358 3071 1419 suis
3109 1357 3393 1439 expulsa,
3427 1358 3621 1421 sentit
3658 1368 3911 1421 sanatus

2420 1456 2825 1519 dulcedinem
2855 1456 3007 1519 cibi.
3038 1492 3119 1501 —-
3142 1456 3425 1538 Insuper,
3454 1465 3607 1519 teste
3636 1457 3915 1521 Philoso-

2422 1554 2569 1636 pho,
2586 1554 2775 1617 timor
2805 1555 2969 1638 parit
2999 1554 3421 1635 diligentiam,
3448 1564 3509 1618 et
3537 1554 3692 1618 facit
3719 1556 3916 1619 homi-

2424 1671 2569 1715 nem
2620 1654 2781 1717 bene
2830 1653 3328 1730 consiliativum,
3364 1654 3584 1735 sicque
3634 1655 3915 1737 disponit

2423 1754 2502 1815 ad
2548 1754 2951 1835 sapientiam.

2523 1845 2955 1929 Sapientiam,
3008 1871 3120 1935 per
3168 1872 3361 1934 quam
3410 1852 3915 1935 contemplamur

2423 1949 2663 2023 divina,
2682 1962 2742 2011 ec
2760 1954 3147 2019 doctrinam,
3166 1952 3232 2013 id
3260 1959 3355 2013 est
3385 1952 3697 2014 moralem'
3720 1951 3917 2013 scien-

2425 2050 2599 2123 tiam,
2624 2052 2812 2110 ειη-ιιι·
2838 2051 3226 2127 despiciunt.
3252 2050 3317 2111 ln
3350 2048 3713 2132 ScripturiS,
3740 2050 3913 2112 stulti

2426 2150 2727 2213 dicuntur
2766 2168 2986 2212 omnes
3026 2149 3316 2213 homines
3360 2149 3597 2224 vitiosi,
3635 2148 3917 2211 carnales

2426 2258 2489 2312 et
2520 2248 2953 2331 imperiti,qui
2984 2268 3234 2311 summo
3264 2258 3327 2311 et
3357 2247 3719 2311 invariabili
3752 2248 3919 2311 bono

2428 2345 2779 2429 praeferunt
2810 2348 3193 2421 transitoria,
3228 2347 3510 2409 carnalia
3538 2354 3601 2409 et
3630 2347 3867 2409 caduca
3902 2364 3915 2408 :

2430 2446 2495 2508 in
2529 2446 2767 2527 quibus
2798 2453 3017 2525 regnat
3049 2443 3720 2526 vitiumpuerilitatis,
3754 2446 3921 2508 dono

2432 2546 2770 2627 sapientiae
2814 2545 3051 2607 directe
3094 2544 3504 2607 contrarium.
3557 2543 3710 2606 Nam
3761 2545 3924 2606 sicut

2430 2646 2613 2726 pueri
2675 2662 2864 2726 poma
2918 2651 2981 2706 et
3030 2642 3169 2724 pira
3227 2641 3581 2724 praeserunt
3636 2662 3790 2706 auro
3850 2662 3923 2706 ac

2429 2743 2721 2824 gemmiS,
2759 2744 2851 2805 sic
2889 2742 2995 2804 isti
3039 2751 3286 2805 terrena
3327 2751 3391 2804 et
3422 2761 3583 2805 vana
3623 2742 3923 2822 spiritua-

2432 2843 2602 2905 libus
2633 2851 2695 2904 et
2726 2842 3000 2917 aeterniS,
3038 2849 3107 2902 ut
3142 2840 3367 2903 scribit
3404 2840 3783 2903 Guillelmus
3816 2841 3925 2903 Pa-

2434 2940 2745 3003 risiensiS.
2802 2939 2875 3001 Hi
2935 2957 3086 3021 ergo
3146 2940 3523 3021 sapientiam
3582 2940 3921 3002 salutarem

837 3037 1124 3101 filiorum
1166 3038 1276 3100 Dei
1324 3055 1337 3099 :
1379 3046 1442 3101 et
1485 3038 1575 3101 sic
1621 3057 1749 3101 non
1791 3038 2207 3119 distinguitur
2247 3038 2324 3100 ti-
2359 3037 2403 3101 C
2434 3049 2497 3104 et
2536 3039 2889 3101 doctrinam
2926 3038 3242 3101 salubrem
3274 3046 3691 3101 contemnunt
3725 3055 3739 3100 :
3771 3039 3926 3119 quia

837 3156 976 3199 mor
1017 3135 1238 3199 filialis
1277 3136 1358 3199 ab
1398 3136 1652 3198 initiali.
1687 3135 2074 3217 Quandoque
2111 3145 2323 3198 autem

837 3236 1070 3299 dicitur
1101 3236 1291 3298 timor
1322 3234 1543 3297 filialis
1574 3255 1687 3317 per
1718 3235 2228 3307 similitudinem,
2259 3234 2328 3296 ti-

840 3354 976 3397 mor
1012 3354 1139 3417 quo
1174 3334 1436 3396 timetur
1471 3335 1633 3396 Deus
1676 3335 1902 3396 timore
1939 3332 2047 3395 illo
2085 3351 2213 3414 quo
2258 3331 2328 3393 fi-

841 3434 908 3497 lii
954 3434 1180 3496 timent
1219 3443 1451 3515 patreS,
1484 3433 1738 3513 quando
1781 3433 2008 3494 timent
2048 3430 2328 3514 separari

840 3554 877 3596 a
905 3533 1217 3615 patribuS,
1253 3531 1389 3594 solo
1425 3532 1650 3593 timore
1679 3530 1779 3593 vel
1809 3548 2045 3605 amore,
2080 3530 2329 3592 etiamsi

840 3631 1018 3693 nulla
1067 3649 1142 3692 ex
1191 3630 1311 3692 hoc
1359 3630 1451 3692 eis
1501 3629 1827 3691 immineat
1876 3646 2084 3711 poena.
2119 3628 2194 3689 Et
2238 3628 2331 3689 sic

842 3728 1358 3792 diversificantur
1389 3728 1491 3790 isti
1541 3728 1821 3789 timoreS.
1854 3728 1931 3789 At
1961 3746 2110 3789 vero
2144 3727 2333 3789 timor

845 3828 1112 3892 initialis
1159 3835 1276 3903 est,
1318 3846 1446 3907 quo
1500 3827 1792 3888 timemus
1841 3826 2057 3902 Deum,
2101 3825 2334 3907 partim

847 3928 1082 3990 intuitu
1135 3944 1359 4009 poenae,
1413 3925 1644 4008 partim
1693 3944 1907 3987 amore
1951 3925 2170 4005 gloriae
2213 3945 2226 3988 :
2272 3934 2336 3986 et

849 4036 1109 4093 vocatur
1139 4023 1427 4101 initialis,
1463 4024 1614 4105 quia
1651 4032 1747 4085 est
1783 4026 1990 4105 primo
2029 4024 2338 4106 incipien-

571 4146 743 4189 {Joann
762 4160 818 4198 w,
849 4127 1032 4190 tium.
1052 4124 1332 4188 Perfecta
1361 4142 1614 4205 quoque
1643 4124 1870 4185 caritas
1900 4123 2135 4186 dicitur
2168 4121 2335 4185 foras

556 4212 624 4253 ιε.

847 4326 968 4387 hoc
991 4323 1164 4405 quod
1197 4321 1455 4404 respicit
1484 4338 1760 4403 poenam.
1793 4321 1898 4382 His
1928 4320 2139 4384 verbis
2165 4320 2339 4381 addit

847 4424 951 4487 hic
983 4423 1200 4485 doctor
1237 4438 1249 4482 :
1282 4420 1490 4483 Potest
1518 4420 1706 4482 etiam
1739 4419 1864 4482 dici
1909 4419 2098 4481 timor
2130 4418 2341 4480 initia-

850 4523 952 4597 lis,
984 4521 1138 4603 quia
1165 4527 1260 4582 est
1293 4519 1547 4581 initium
1579 4519 1929 4599 sapientiae.
1953 4518 2138 4580 Fides
2170 4536 2341 4579 nam-

848 4639 974 4702 que
1017 4627 1080 4682 et
1126 4619 1316 4681 timor
1360 4617 1616 4700 proprie
1660 4617 1962 4679 dicuntur
2010 4615 2341 4697 sapientiae

852 4720 1056 4793 initia,
1104 4718 1404 4799 quoniam
1448 4717 1758 4778 mundant
1804 4715 2012 4779 cordis
2057 4715 2339 4798 palatum

851 4838 888 4882 a
917 4818 1126 4899 culpa.
1161 4816 1249 4879 De
1290 4815 1420 4879 fide
1464 4814 1698 4877 etenim
1745 4815 1811 4876 in
1851 4814 2109 4877 Actibus
2152 4812 2345 4875 habe-

572 4933 820 4979 Act.xv.9.
856 4926 976 4992 tur,
1022 4917 1173 4979 Fide
1220 4913 1574 4997 purificans
1617 4914 1808 4976 corda
1851 4931 2114 4991 eorum3
2161 4920 2225 4973 et
2268 4912 2345 4973 de

565 5031 822 5082 Eccli.1‚27.
858 5016 1080 5078 timore
1113 5015 1177 5076 in
1211 5012 1650 5076 Ecclesiastico
1681 5011 1933 5092 legitur,
1969 5010 2184 5072 Timor
2230 5010 2347 5072 Do—

855 5114 1013 5177 mini
1047 5112 1307 5195 expellit
1335 5119 1689 5193 peccatum.
1711 5110 1924 5173 Timor
1955 5108 2192 5170 etenim
2222 5126 2349 5169 ser-

857 5211 1028 5288 vilis,
1051 5220 1115 5274 et
1146 5210 1332 5286 fides,
1355 5210 1666 5272 mundant
1695 5207 1776 5271 ab
1807 5206 2080 5269 essentia
2111 5204 2345 5287 culpae3

860 5311 1051 5374 timor
1080 5328 1231 5373 vero
1271 5307 1560 5387 initialiS,
1593 5327 1633 5371 a
1661 5306 1952 5389 reliquiis
1993 5305 2295 5368 vitiorum
2331 5322 2345 5366 ε

2436 3138 2555 3201 etsi
2602 3136 2816 3201 verbis
2865 3136 3082 3199 dicant
3130 3154 3196 3198 se
3242 3156 3347 3199 eas
3394 3136 3681 3217 diligere,
3734 3156 3923 3219 opere
3972 3155 4189 3205 natis.

2436 3246 2647 3299 tamen
2698 3243 2951 3315 negant.
3005 3234 3080 3296 Et
3133 3236 3301 3311 dato,
3350 3237 3518 3315 quod
3568 3254 3684 3319 pro
3729 3236 3927 3319 adipi-

2437 3335 2669 3397 scenda
2698 3331 2959 3395 informi
2993 3334 3305 3416 sapientia
3333 3352 3405 3396 ac
3436 3335 3723 3397 doctrina
3754 3334 3927 3397 scho-

2439 3433 2661 3495 lastica
2690 3432 2985 3493 studeant
3012 3451 3084 3495 ac
3115 3430 3423 3505 laborent,
3440 3433 3517 3494 ad
3544 3452 3929 3514 consequen-

2440 3534 2594 3595 dum
2623 3531 2955 3593 commoda
2983 3538 3047 3593 et
3076 3530 3350 3593 honores
3381 3531 3527 3594 vitae
3556 3532 3884 3613 praesentis
3910 3550 3926 3608 ;

2442 3630 2822 3711 sapientiam
2858 3636 3068 3691 tamen
3111 3627 3471 3706 formatam,
3508 3638 3571 3691 et
3599 3628 3928 3692 scientiam

2442 3727 2776 3804 actualem,
2810 3725 2961 3789 boni
2997 3726 3500 3809 approbativam,
3547 3727 3926 3809 despiciunt,

2443 3827 2563 3889 hoc
2621 3834 2737 3900 est,
2791 3844 2919 3887 non
2976 3834 3220 3901 curant,
3286 3844 3403 3888 nec
3457 3826 3933 3908 apprehendere

2444 3924 2818 3987 moliuntur.
2870 3923 2999 3986 lmo
3050 3924 3311 4005 quidam
3361 3943 3583 3986 eorum
3642 3933 3792 3986 sunt
3846 3923 3935 3985 ita

2444 4022 2729 4086 carnales
2758 4030 2822 4084 et
2850 4022 3020 4098 vani,
3048 4022 3215 4104 quod
3248 4040 3351 4084 eas
3383 4021 3671 4097 irrident,
3690 4040 3803 4084 nec
3833 4040 3937 4102 ap-

2448 4130 2693 4203 petunt.
2727 4120 2907 4182 Tales
2947 4120 3210 4183 fuerunt
3244 4118 3477 4183 Scribae
3511 4130 3574 4183 et
3612 4120 3929 4197 Pharisaei,

849 4226 1098 4289 mittere
1157 4224 1448 4286 timorem
1510 4221 1840 4297 initialem,
1893 4230 2200 4302 quantum
2258 4222 2335 4283 ad
2369 4222 2419 4284 D
2447 4221 2559 4300 qui
2603 4218 2924 4282 Christum
2963 4226 3181 4280 contra
3222 4218 3551 4280 avaritiam
3592 4218 3938 4300 praedican—
4009 4238 4119 4280 Luc.
4146 4248 4217 4281 m.

2452 4328 2577 4381 tem
2628 4319 3005 4391 deriserunt,
3057 4316 3339 4380 dicentes
3386 4337 3399 4381 ε
3452 4318 3735 4397 Insanit3
3780 4318 3938 4398 quid
3968 4302 4219 4405 ’3334ηῶ

2452 4436 2595 4479 eum
2646 4416 2927 4479 auditis?
2978 4415 3119 4477 ldeo
3170 4423 3555 4496 protestat-ur
3604 4415 3937 4497 Apostolus
3966 4430 4037 4468 ²0-

2452 4514 2796 4580 Corinthiis
2837 4531 2851 4575 :
2894 4514 3205 4575 Animalis
3249 4514 3440 4575 bomo
3490 4531 3617 4576 non
3669 4514 3941 4596 percipit
3969 4524 4217 4574 wer-ud*-

2453 4634 2525 4677 ea
2573 4632 2717 4695 quae
2760 4620 2909 4674 sunt
2952 4611 3225 4694 Spiritus
3269 4612 3419 4691 Dei:
3452 4610 3723 4674 stultitia
3768 4612 3939 4675 enim

2454 4723 2549 4777 est
2591 4711 2708 4773 illi.

2525 4811 2850 4886 Praeterea‚
2886 4808 3217 4891 sapientia,
3258 4808 3545 4885 scientia,
3582 4810 3937 4891 prudentia,

2455 4912 2533 4973 de
2566 4908 2802 4991 quibus
2844 4908 2908 4969 in
2944 4907 3043 4970 his
3076 4906 3569 4989 Sapientialibus
3604 4906 3784 4969 libris
3826 4916 3947 4970 tra-

2456 5015 2684 5082 ctatur,
2723 5008 2862 5067 sine
2896 5005 3240 5069 virtutibus
3282 5023 3408 5067 non
3444 5005 3793 5085 habentur3
3830 5025 3947 5069 nec

2460 5107 2630 5169 nuda
2660 5105 2884 5168 notitia
2918 5102 3131 5167 efficit
3159 5104 3509 5185 sapientem
3538 5122 3551 5165 ε
3580 5104 3707 5166 imo
3738 5106 3945 5168 sciens

2458 5213 2523 5268 et
2571 5222 2699 5267 non
2748 5202 3012 5275 faciem,
3066 5202 3245 5284 pejor
3286 5210 3477 5283 atque
3525 5202 3814 5265 stolidior
3853 5213 3950 5266 est

2468 5304 2711 5387 ignar0.
2745 5302 2889 5365 ldeo
2920 5302 3129 5365 omnis
3158 5300 3391 5363 stultus
3420 5320 3635 5365 veram
3666 5301 3831 5365 hanc
3862 5320 3953 5364 sa-
