4284 6267
537 4957 617 5002 lob
637 4972 708 5012 xx,
724 4961 762 5003 2.

813 509 933 572 232

1538 526 1889 573 ENARRATIO
1930 525 1994 572 m
2035 525 2173 573 GAP.
2221 527 2283 572 lv
2322 525 2760 573 BccmslAS'rAE.
2807 548 2888 557 -
2928 528 3069 574 ART.
3116 528 3178 573 lv

815 715 1057 780 poenas,
1098 699 1537 763 absolvuntur.
1580 698 1741 763 Sane
1783 699 2174 781 quicumque
2217 700 2304 765 vi·
2332 699 2381 760 A
2413 699 2656 763 sistere.
2689 700 3001 777 Secundo,
3033 708 3104 762 ut
3143 699 3500 763 introducat
3535 700 3668 763 baec
3703 699 3897 763 verba

813 797 1135 860 debuntur
1176 797 1615 861 incurabiliter
1657 818 1725 861 se-
1766 798 2019 876 habere,
2052 799 2134 863 ob
2173 818 2304 861 ma-

812 895 1181 975 gnitudines
1222 897 1633 978 piaculorum,
1679 898 1790 960 hos
1826 898 1989 961 Deus
2030 898 2095 959 in
2136 916 2304 961 com-

812 1001 1032 1075 petens
1068 996 1225 1077 jacit
1260 996 1652 1059 barathrum.

892 1087 1157 1175 Insuper
1196 1094 1565 1157 Aristoteles
1596 1094 1949 1158 clarissime
1978 1095 2185 1172 docet,
2211 1095 2304 1157 in-

816 1189 1147 1254 tellectum
1183 1178 1322 1255 esse
1355 1192 1841 1256 immaterialem
1880 1202 1942 1255 ct
1980 1193 2302 1257 immorta-

811 1289 961 1366 lem,
996 1298 1121 1352 tam
1166 1290 1351 1354 tertio
1389 1291 1468 1353 de
1501 1291 1749 1368 Anima,
1782 1310 1973 1373 quam
2018 1292 2182 1354 libro
2222 1293 2300 1355 de

814 1387 1236 1451 AnimalibuS.
1268 1389 1525 1452 Proclus
1555 1407 1811 1471 quoque
1842 1390 2200 1454 Platonicus
2232 1390 2298 1453 in

813 1487 1319 1551 Elementatione
1354 1508 1467 1552 sua
1502 1488 1848 1570 theologica
1883 1489 2300 1553 subtilissime

812 1586 1341 1650 immortalitatem
1402 1587 1629 1651 animae
1688 1587 1932 1671 probat,
1994 1606 2069 1651 eo
2126 1590 2297 1671 quod

810 1703 999 1748 omne
1042 1686 1488 1751 conversivum
1527 1688 1603 1749 ad
1647 1706 1715 1749 se
1762 1686 1994 1769 ipsum,
2034 1696 2098 1751 et
2136 1688 2300 1752 redi-

809 1784 1011 1849 tivum
1060 1803 1133 1847 ac
1173 1783 1549 1848 reflexivum
1602 1803 1793 1866 super
1830 1786 2158 1868 proprium
2199 1806 2301 1851 ac-

2412 816 2489 860 ex
2519 799 2830 861 sententia
2860 798 3138 880 propria,
3173 798 3758 880 ad-reprobandum
3787 797 3899 859 im-

2414 896 2632 979 plicite
2675 915 2954 961 errorem
2997 896 3353 979 praefatum,
3388 905 3460 959 ut
3501 896 3584 959 sit
3625 915 3847 959 sensus
3881 916 3894 959 :

2414 995 2488 1057 Et
2516 996 2929 1077 deprehendi,
2964 1014 3040 1059 ex
3070 997 3315 1059 ratione
3343 1004 3408 1059 et
3435 994 3901 1058 illuminatione

2413 1094 2653 1172 divina,
2687 1093 2848 1155 nihil
2895 1094 3125 1157 melius
3168 1112 3327 1170 esse,
3361 1111 3552 1175 quam
3596 1093 3789 1156 laetari
3834 1094 3898 1155 in

2411 1212 2603 1275 opere
2643 1211 2780 1270 suo,
2813 1193 2881 1255 id
2922 1201 3018 1256 est
3059 1193 3126 1255 in
3172 1192 3420 1255 actibus
3464 1192 3785 1267 virtuosiS‚
3825 1211 3899 1255 ex

2412 1292 2659 1355 ratione
2694 1311 2767 1354 ac
2806 1290 3262 1354 deliberatione
3298 1290 3706 1353 manantibus
3741 1308 3756 1351 z
3787 1290 3899 1371 qui

2411 1390 2668 1473 proprie
2720 1390 3124 1472 appellantur
3181 1397 3358 1452 actus
3415 1388 3700 1464 humani,
3750 1390 3900 1470 quia

2410 1507 2524 1573 per
2555 1488 2864 1578 rationem
2894 1487 3117 1551 differt
3145 1487 3334 1551 homo
3361 1506 3399 1549 a
3428 1485 3657 1562 brutiS,
3677 1495 3740 1550 et
3769 1506 3898 1569 spe-

2409 1588 2572 1651 ciem
2604 1607 2641 1649 a
2673 1587 2966 1652 rationali
2999 1585 3394 1669 perfectione
3425 1586 3707 1648 sortitur.
3743 1588 3896 1655 Quis

2407 1689 2584 1747 enim
2627 1708 2771 1747 eum
2812 1690 3108 1759 adducet,
3145 1685 3206 1747 id
3251 1693 3366 1759 est,
3410 1682 3554 1764 quis
3595 1685 3896 1767 perducet

2408 1785 2735 1848 hominem
2779 1784 3086 1850 viatorem
3125 1784 3202 1846 ad
3255 1783 3396 1860 hoc,
3429 1794 3502 1845 ut
3535 1794 3675 1861 post
3702 1804 3766 1843 se.
3791 1785 3897 1863 su-

812 1890 968 1959 tum,
1008 1900 1266 1945 necesse
1308 1884 1391 1945 sit
1430 1884 1876 1965 incorporeum
1910 1893 1972 1945 et
2015 1885 2299 1948 incorru-
2335 1887 2380 1947 B
2412 1896 2561 1947 tura
2605 1894 2959 1963 coynoscat,
2999 1882 3062 1945 id
3105 1891 3222 1958 est,
3264 1891 3333 1944 ut
3371 1881 3898 1944 certitudinaliter

811 1980 1037 2063 ptibile
1072 2000 1232 2043 esse.
1265 1981 1424 2044 Hinc
1455 1981 1844 2044 theoremate
1875 1981 1990 2042 168
2019 1981 2292 2047 fatetur:

810 2077 1028 2142 Omnis
1074 2079 1456 2155 intellectuS,
1501 2080 1566 2142 in
1612 2080 1961 2143 {eternitate
2008 2081 2300 2144 substan-

810 2176 963 2240 tiam
995 2177 1205 2252 habet,
1238 2185 1301 2240 et
1334 2177 1705 2259 potentiam,
1737 2186 1801 2240 et
1829 2179 2296 2260 operationcm3

810 2283 875 2339 et
913 2283 1151 2358 postea,
1190 2276 1429 2354 OmniS‚
1469 2275 1699 2356 inquit,
1736 2276 1969 2353 anima,
2016 2276 2302 2360 incorpo-

811 2392 919 2437 rea
953 2373 1463 2450 substantia-est,
1499 2383 1558 2437 et
1596 2375 1968 2456 separabilis
2010 2395 2047 2438 a
2087 2395 2303 2459 corpo-

810 2490 901 2547 re,
936 2472 1349 2555 impertibilis
1388 2491 1647 2554 quoque
1675 2482 1735 2536 et
1765 2473 2294 2557 incorruptibilis.

909 2574 995 2634 Et
1038 2574 1433 2647 deprehendi
1478 2574 1580 2632 nil
1628 2574 1860 2634 melius
1905 2594 2054 2642 esse,
2103 2596 2300 2654 qaam

810 2672 1025 2731 loetari
1051 2671 1374 2731 hominem
1404 2672 1476 2731 in
1504 2691 1689 2749 opere
1714 2691 1854 2743 suc,
1884 2683 1942 2733 el
1979 2676 2149 2733 Itane
2174 2694 2302 2734 esse

798 2779 1055 2847 partem
1083 2769 1291 2830 illiue.
1312 2768 1479 2831 Istud
1509 2769 1850 2851 dupliciter
1880 2778 2085 2851 potest
2116 2790 2302 2853 expo-

804 2868 893 2929 ni.
930 2866 1159 2943 Prim0,
1194 2876 1263 2929 ut
1293 2866 1588 2930 Salomon
1619 2868 1684 2930 in
1714 2868 2064 2932 carnalium
2096 2889 2302 2952 perso-

803 2985 886 3028 na
929 2966 1220 3047 loquenS,
1255 2966 1469 3030 eliciat
1508 2986 1583 3029 ex
1626 2967 2018 3049 praeinducto
2061 2987 2295 3045 errore,

2409 1989 2784 2067 praenoscat,
2816 1981 3036 2064 quales
3078 1990 3220 2062 post
3257 1988 3526 2043 mortem
3565 1999 3742 2043 suam
3773 1978 3898 2042 filii

2410 2094 2472 2147 et
2509 2082 2774 2145 heredes
2816 2081 2954 2162 ejus
2993 2079 3363 2154 consistent,
3397 2088 3461 2143 et
3497 2079 3770 2160 qualiter
3810 2080 3899 2145 vi-

2408 2192 2582 2259 vent,
2603 2200 2674 2244 ac
2702 2180 2871 2243 bona
2898 2200 3012 2242 sua
3040 2182 3452 2243 consument?
3483 2178 3664 2260 quasi
3695 2179 3894 2243 dicat:

2409 2282 2537 2345 Hoc
2567 2279 2991 2344 communiter
3017 2297 3144 2341 non
3177 2277 3490 2341 revelatur
3517 2277 3894 2351 hominibus,

2411 2400 2528 2444 nec
2576 2379 2812 2461 poterit
2860 2377 3122 2440 revelari
3175 2376 3299 2439 nisi
3347 2396 3385 2439 a
3433 2378 3580 2453 Deo,
3625 2376 3898 2439 mediate

2411 2476 2511 2541 vel
2562 2476 2948 2539 immediate.
3004 2477 3146 2539 {deo
3194 2478 3467 2560 expedit,
3520 2474 3896 2539 sollicitudi-

2412 2594 2557 2638 nem
2590 2576 3070 2639 immoderatam
3101 2584 3166 2637 et
3201 2574 3751 2657 congregationem
3785 2582 3897 2637 ter-

2411 2692 2712 2737 renorum
2760 2692 3038 2749 avaram,
3090 2691 3349 2755 prorsus
3400 2673 3696 2754 abjicere,
3747 2690 3896 2735 con-

2410 2772 2736 2853 cessisque
2780 2770 2968 2834 rebus
3011 2772 3336 2835 moderate
3375 2780 3565 2852 atque
3610 2768 3896 2833 hilariter

2411 2870 2520 2945 uti,
2538 2890 2611 2933 ac
2639 2868 3072 2948 indigentibus
3105 2868 3418 2951 impertiri
3446 2885 3460 2930 ε
3485 2878 3547 2932 et
3568 2869 3732 2932 banc
3759 2887 3897 2932 esse

2411 2976 2653 3052 partem
2687 2968 2883 3046 illius,
2913 2968 2973 3031 id
3005 2978 3100 3031 est
3130 2967 3368 3031 bonum
3400 2967 3812 3051 praecipuum,
3834 2976 3899 3030 et

801 3083 930 3128 non
967 3083 1108 3128 esse
1134 3066 1384 3141 meliuS,
1418 3085 1610 3147 quam
1649 3074 1719 3128 ut
1749 3066 1938 3130 homo
1978 3068 2083 3130 det
2112 3087 2178 3131 se
2215 3070 2291 3132 ad
2337 3073 2380 3136 C
2410 3067 2895 3149 occupationem
2929 3066 3272 3144 salubrem,
3299 3075 3368 3129 ut
3398 3066 3464 3128 in
3493 3065 3788 3149 praesenti
3811 3066 3898 3127 vi-

800 3162 1232 3226 deliciandum
1273 3163 1340 3225 in
1379 3163 1567 3226 rebus
1606 3162 1967 3227 carnalibus
2010 3173 2075 3228 et
2112 3175 2302 3231 terre—

802 3260 927 3338 nis,
972 3260 1165 3343 idque
1208 3269 1459 3343 reputet
1505 3260 1871 3325 felicitatem
1920 3282 2099 3326 suam
2148 3282 2300 3329 con-

2412 3174 2475 3228 ta
2514 3165 2580 3228 id
2619 3173 2783 3246 agat,
2819 3174 2962 3248 post
3003 3184 3194 3247 quam
3234 3164 3512 3248 amplius
3551 3164 3894 3247 promereri

2412 3282 2539 3329 non
2572 3272 2800 3347 potest.

1941 3692 2589 3780 ARTICULUS
2653 3695 2770 3778 IV

1508 3969 1865 4017 ELucmATm
1909 3971 2186 4019 CAPITULI
2229 3971 2456 4026 QUARTI
2503 3971 2517 4016 :
2563 3970 2742 4017 vulin
2782 3970 2866 4016 ΜΕ
2911 3970 2995 4016 ΑΒ
3037 3970 3204 4016 ALIA.

950 4247 1164 4310 DHUC
1215 4247 1280 4310 in
1322 4247 1442 4311 isto
1485 4248 1764 4332 capitulo
1807 4248 2150 4312 introducit
2189 4249 2306 4311 mi—
2336 4250 2385 4311 D
2414 4248 2800 4325 inferuntur,
2851 4261 2912 4311 et
2970 4252 3276 4311 lacrimas
3332 4251 3797 4320 innocentium,
3845 4259 3905 4310 et

968 4345 1234 4408 rabilem
1264 4365 1337 4409 ac
1365 4345 1795 4409 miserabilem
1823 4347 2186 4422 vanitatem,
2212 4348 2305 4409 in-

810 4443 1242 4523 stabilitatem,
1286 4464 1360 4508 ac
1396 4444 1787 4528 impietatem
1832 4464 2041 4509 rerum
2081 4446 2304 4508 buma-

810 4560 1034 4604 narum
1078 4543 1143 4606 in
1178 4551 1345 4606 statu
1380 4544 1700 4626 praesenti.
1734 4544 1993 4626 Propter
2026 4545 2199 4625 quod
2233 4545 2300 4607 in

809 4641 939 4707 vita
976 4640 1095 4705 hac
1136 4661 1264 4705 non
1302 4650 1398 4705 est
1438 4644 1731 4725 ponenda
1772 4643 2061 4706 ultimata
2097 4643 2302 4706 homi-

808 4740 911 4802 nis
940 4740 1133 4803 salus,
1159 4743 1330 4803 Verti
1358 4762 1458 4803 me
1485 4745 1573 4802 ad
1600 4744 1756 4813 alia,
1782 4741 1844 4803 id
1878 4750 1993 4819 est,
2018 4750 2298 4805 mentem

808 4838 1089 4903 converti
1139 4838 1217 4902 ad
1268 4839 1390 4902 alia
1439 4840 1898 4903 consideranda
1940 4858 1955 4902 :
1998 4840 2179 4921 juxta
2226 4839 2301 4901 il-

808 4936 920 4999 lud
952 4937 1018 4999 in
1047 4938 1185 5016 Iob,
1218 4938 1644 5017 Cogitationes
1676 4958 1835 5002 meae
1863 4939 2055 5001 variae
2084 4958 2300 5001 succe-

807 5036 969 5099 dunt
1006 5035 1153 5114 sibi,
1186 5043 1251 5099 et
1288 5055 1468 5099 mens
1512 5036 1577 5098 in
1618 5036 1870 5099 diversa
1914 5037 2179 5119 rapitur.
2215 5041 2298 5100 Et

808 5137 951 5196 vidi
977 5136 1366 5203 calumnias,
1400 5135 1461 5197 id
1493 5143 1590 5199 est
1621 5136 2065 5218 injuriationes
2096 5143 2158 5199 et
2187 5155 2296 5219 op-

804 5232 1167 5317 pressiones
1196 5232 1473 5314 iniquaS,
1492 5254 1635 5314 quae
1661 5238 1777 5295 sub
1804 5238 1930 5295 sole
1950 5244 2295 5312 geruntur,

804 5332 870 5396 id
902 5339 1019 5411 est,
1054 5331 1120 5393 in
1150 5340 1314 5395 terra
1341 5330 1424 5393 ab
1462 5331 1831 5395 hominibus
1862 5331 1986 5396 sibi
2018 5333 2292 5397 invicem

2411 4352 2864 4409 consolatorem
2909 4350 3256 4416 neminem,
3291 4346 3352 4409 id
3392 4355 3508 4424 est,
3543 4366 3752 4410 rarum
3795 4355 3905 4409 aut

2412 4445 2661 4507 nullum
2705 4464 2844 4508 esse
2883 4446 3346 4509 consolatorem
3388 4463 3606 4508 eorum
3654 4444 3764 4526 qui
3806 4464 3903 4507 ca-

2410 4542 2686 4607 lumnias
2730 4544 3081 4625 patiuntur,
3113 4544 3292 4625 juxta
3321 4543 3493 4605 illud
3535 4542 3708 4607 lsaiae
3748 4564 3762 4607 :
3805 4543 3904 4606 Ju-
3941 4563 4162 4611 lam-,1

2410 4652 2545 4705 stus
2576 4643 2763 4725 perit,
2799 4650 2862 4705 et
2893 4662 3021 4706 non
3051 4651 3148 4705 est
3175 4642 3289 4724 qui
3321 4642 3653 4723 recogitet3
3686 4650 3748 4705 et
3778 4641 3897 4706 viri

2409 4741 2862 4805 misericordiae
2913 4741 3248 4816 tolluntur,
3281 4741 3436 4823 quia
3475 4757 3600 4802 non
3647 4747 3742 4802 est
3787 4740 3898 4821 qui

2409 4840 2742 4920 intelligat.
2795 4841 2972 4903 Unde
3020 4840 3086 4902 in
3135 4838 3383 4902 Psalmo
3430 4839 3518 4901 ait
3563 4838 3893 4902 Salvator:

2407 4938 2692 5002 Sustinui
2735 4938 2846 5020 qui
2890 4937 3081 5000 simul
3133 4937 3634 5014 contristaretur,
3667 4946 3729 5001 et
3769 4956 3896 5000 non
3923 4954 4034 5060 ἐκ.
4059 4967 4189 5003 uun.

2405 5036 2563 5117 fuit3
2595 5046 2655 5100 et
2699 5037 2811 5118 qui
2857 5037 3312 5112 consolaretur,
3361 5045 3424 5099 et
3465 5055 3592 5100 non
3641 5036 3891 5116 inven13

2403 5156 2475 5200 ac
2525 5156 2742 5198 rursus
2792 5136 2858 5198 in
2907 5136 3086 5214 lsaia,
3138 5135 3596 5218 Circumspexi,
3646 5144 3710 5197 et
3763 5153 3890 5199 non
3934 5152 4187 5203 1=.21u·‚⁵.

2401 5243 2535 5299 erat
2578 5234 2936 5298 auxiliator.
2973 5237 3106 5300 Nec
3136 5255 3314 5313 posse
3349 5237 3636 5295 resistere
3671 5255 3890 5296 eorum

2401 5336 2724 5396 violentioe
2750 5344 3128 5397 cunctorum
3159 5335 3409 5395 awm‘lio
3435 5335 3793 5405 destituto&
3822 5331 3888 5394 id
