4284 6267
192 1175 243 1229 ¹3

998 509 1351 557 mumulo
1395 511 1456 554 m
1496 509 1637 555 CAP.
1682 508 1813 556 xxn
1856 507 2342 556 PnovERmonun.
2387 529 2468 538 --
2509 510 2651 556 ART.
2699 508 2830 556 xxn

3335 490 3452 556 145

348 685 493 739 ctus
544 688 883 744 conservat
934 681 1001 743 in
1050 691 1265 745 mente
1323 681 1641 744 salubrem
1693 681 1856 744 noti·
1887 680 1937 741 A
1968 699 2043 743 ex
2087 681 2206 744 hoc
2250 681 2476 745 melior
2522 681 2834 759 videatur,
2880 688 3141 762 cogetur
3189 681 3452 743 reddere

352 775 525 851 tiam,
562 785 627 840 et
668 780 1023 860 praesertim
1064 781 1395 844 scientiam
1442 800 1587 862 quae
1628 788 1724 842 est
1750 780 1857 843 do-

353 892 507 936 num
530 894 547 955 3
579 886 643 937 et
668 883 1187 956 supplantantur
1222 883 1405 940 verba
1428 881 1651 960 iniqui
1666 901 1687 938 .·
1704 878 1855 960 quia

352 991 385 1034 a
415 973 543 1037 Deo
588 973 752 1037 falsa
782 995 925 1039 esse
966 986 1425 1055 monstrantur,
1459 986 1523 1040 et
1562 996 1731 1059 saepe
1774 976 1853 1039 ab

353 1080 569 1154 optato
600 1073 1045 1156 impediuntur
1074 1075 1339 1140 effectu.

429 1174 613 1233 Dicit
634 1175 832 1251 piger
852 1195 875 1234 .·
897 1179 1023 1237 Leo
1050 1186 1140 1237 est
1169 1179 1360 1256 foris,
1382 1178 1455 1237 in
1482 1179 1695 1238 medio
1718 1181 1854 1254 pla-

357 1279 609 1332 tearum
660 1275 1053 1335 occidendus
1100 1295 1245 1336 sum
1276 1275 1395 1338 :id
1445 1282 1561 1353 est,
1614 1275 1847 1352 calvaS,

1964 780 2276 844 rationem
2316 779 2588 857 Christo,
2619 789 2682 844 et
2713 780 2908 842 miser
2938 780 3241 862 probatus
3279 780 3452 842 dam-

1964 879 2240 941 nabitur.

2040 981 2184 1040 Fili
2215 982 2332 1049 mi,
2351 982 2600 1041 inclina
2633 1001 2859 1041 aurem
2892 990 3098 1050 tuam,
3119 987 3239 1042 etc.
3272 978 3452 1041 Circa

1962 1074 2092 1138 haec
2124 1076 2214 1138 ait
2241 1075 2460 1139 Glossa
2495 1097 2509 1141 :
2547 1077 2884 1160 Hucusque
2925 1076 3147 1138 titulus
3186 1075 3454 1139 Parabo-

1963 1173 2168 1236 larum
2226 1174 2602 1252 SalomoniS,
2653 1176 2764 1257 qui
2815 1195 3006 1257 supra
3063 1183 3158 1237 est
3206 1175 3450 1257 positus

1963 1272 2074 1336 illo
2114 1273 2254 1337 loco
2292 1293 2368 1337 ex
2406 1291 2534 1356 quo
2573 1273 2768 1356 coepit
2811 1293 2978 1338 novo
3018 1273 3323 1355 loquendi
3353 1292 3452 1354 ge-

3579 980 3645 1035 1’1

354 1387 547 1431 vanas
578 1379 645 1432 et
679 1370 853 1434 leves
892 1373 1124 1453 quaerit
1161 1373 1530 1437 occasiones
1567 1381 1631 1436 et
1667 1393 1854 1436 excu-
1886 1415 1891 1425 -

352 1469 649 1546 sationeS,
665 1470 903 1550 quibus
931 1473 1157 1535 evadat
1187 1473 1441 1554 aggredi
1473 1482 1535 1536 et
1565 1492 1855 1536 exercere

1964 1389 2114 1435 nere
2147 1372 2345 1453 loqui,
2383 1391 2510 1436 non
2551 1373 2632 1435 ad
2670 1392 2814 1436 eum
2845 1391 3035 1454 quem
3065 1371 3302 1449 docuit,
3339 1372 3449 1434 sed

1963 1489 2182 1532 secum
2222 1471 2657 1534 ratiocinando
2689 1490 2702 1534 ε
2736 1472 2904 1552 quod
2944 1470 3172 1553 incipit
3204 1471 3317 1548 ibi,
3352 1470 3452 1531 Fi-
3481 1491 3618 1534 prov.
3641 1506 3680 1543 x,
3705 1495 3740 1535 ι.

354 1585 543 1648 opera
574 1568 771 1632 bona.
791 1569 897 1632 Sic
927 1577 1213 1652 tempore
1244 1571 1728 1653 persecutioniS,
1747 1572 1855 1634 im-

1963 1569 2087 1631 lius
2138 1569 2392 1651 sapiens
2439 1568 2726 1633 laetil'icat
2774 1578 3055 1652 patrem3
3111 1578 3174 1631 et
3223 1567 3451 1631 finitur

354 1666 623 1747 perfecti
656 1687 731 1730 ac
764 1668 972 1731 timidi
1007 1669 1488 1750 subterfugiunt
1516 1668 1709 1733 fidem
1745 1690 1857 1753 pu-

358 1764 517 1828 blice
564 1765 900 1843 confiteri,
952 1767 1241 1832 dicentes
1284 1770 1455 1850 quod
1504 1768 1715 1831 adsint
1764 1778 1856 1850 ty-

1964 1668 2091 1744 hic,
2126 1668 2312 1730 Dabit
2361 1669 2498 1750 ipse
2543 1669 2784 1746 ditiori,
2818 1677 2881 1731 et
2927 1668 3160 1748 egebit.
3210 1669 3320 1730 Hic
3371 1668 3450 1729 ad

1970 1767 2242 1849 priorem
2277 1767 2578 1850 loquendi
2613 1769 2870 1831 modum
2906 1767 3264 1845 revertitur,
3301 1767 3456 1828 diri-

192 1868 247 1924 u
358 1863 561 1925 ranni.
598 1901 684 1909 —
710 1868 921 1926 Fovea
954 1869 1325 1944 profunda,
1364 1888 1429 1928 os
1470 1869 1702 1929 alienae
1734 1889 1757 1928 .·
1791 1867 1854 1930 id
1890 1870 1935 1931 B
1965 1867 2173 1946 gendo
2204 1865 2396 1930 verba
2431 1867 2509 1929 ad
2539 1885 2687 1929 eum
2719 1885 2906 1947 quem
2939 1867 3144 1928 docet.
3179 1865 3294 1928 Cui
3322 1865 3452 1946 jam

356 1970 467 2037 est,
486 1962 685 2025 verba
720 1963 962 2026 lasciva
989 1973 1053 2027 et
1082 1965 1302 2028 oscula
1332 1965 1590 2028 feminae
1619 1966 1858 2028 adulte-
1968 1964 2055 2026 ait
2090 1983 2104 2027 :
2139 1965 2278 2026 Fili
2306 1967 2422 2033 mi,
2454 1967 2708 2024 inclina
2737 1985 2964 2025 aurem
2997 1974 3201 2033 tuam,
3232 1963 3298 2025 id
3334 1970 3452 2040 est,

356 2081 437 2124 rae
465 2071 529 2124 et
574 2060 963 2141 fornicariae,
1012 2083 1121 2128 seu
1154 2066 1451 2145 dogmata
1478 2065 1855 2147 deceptricis
1968 2062 2295 2126 humiliter
2324 2072 2387 2125 et
2415 2063 2709 2126 ardenter
2743 2062 2995 2144 applica
3031 2081 3216 2124 aures
3247 2061 3456 2125 cordis

356 2161 661 2238 scientiae,
726 2162 1165 2225 assimilantur
1226 2162 1427 2227 foveae
1494 2162 1852 2246 profundae,
1966 2171 2027 2224 et
2058 2160 2344 2243 corporis
2379 2177 2392 2222 :
2427 2160 2599 2242 quod
2638 2167 2734 2222 est
2761 2160 3013 2240 signum
3053 2160 3320 2240 egregiae
3366 2159 3459 2220 in-

356 2257 419 2320 in
466 2279 665 2341 quam
717 2269 1098 2341 merguntur
1143 2270 1207 2324 et
1254 2271 1525 2344 pereunt
1563 2281 1858 2326 corruen-
1965 2259 2168 2339 dolis3
2203 2269 2264 2320 et
2291 2261 2455 2320 audi
2487 2261 2677 2319 verba
2704 2260 3124 2336 sapientium,
3155 2259 3220 2320 id
3249 2266 3346 2321 est
3376 2259 3455 2322 ad

357 2365 446 2420 tes
473 2377 487 2422 ε
524 2358 621 2421 sic
650 2377 723 2422 os
756 2359 883 2422 tale
918 2360 1111 2422 trahit
1129 2361 1209 2422 ad
1239 2361 1681 2424 enormitatem
1712 2381 1857 2444 pec-
1968 2359 2163 2423 verba
2191 2357 2600 2440 sapientium.
2623 2359 2890 2434 Appone
2911 2367 3118 2418 autem
3137 2367 3450 2418 cortuum

358 2457 474 2518 cati
500 2465 565 2519 et
600 2465 1067 2522 tormentorum
1098 2458 1629 2540 voraginem.Cui
1649 2462 1858 2521 iratus
1967 2461 2054 2518 ad
2098 2460 2461 2518 doctrinam
2515 2476 2743 2517 meam.
2808 2459 2959 2524 Quoe
3001 2459 3281 2533 pulchra
3329 2458 3454 2518 erit
3583 2468 3650 2523 18

358 2565 443 2616 est
470 2558 824 2626 Dominus,
862 2556 926 2619 id
966 2565 1084 2634 est,
1128 2576 1319 2639 quem
1350 2557 1521 2638 justo
1552 2559 1860 2641 relinquit
1971 2559 2089 2618 tibi
2118 2577 2142 2616 .·
2175 2555 2328 2637 quia
2371 2552 2759 2618 admixtione
2794 2562 2966 2618 caret
3003 2554 3235 2617 erroris
3271 2563 3332 2617 et
3362 2555 3456 2617 vi·-

118 2651 621 2764 ¹P.m1‚judiGiO,
655 2654 837 2735 juxta
878 2654 1059 2730 illud,
1095 2655 1318 2718 Dimisi
1358 2674 1467 2719 eos
1507 2645 1877 2720 secundum⁴
1969 2653 2064 2730 tii,
2120 2661 2184 2716 et
2233 2653 2377 2716 luce
2436 2652 2724 2715 veritatis
2783 2651 3146 2734 resplendet
3183 2670 3199 2732 ;
3253 2674 3459 2732 quum

137 2728 167 2769 ³'
357 2751 671 2815 desideria
723 2754 935 2816 cordis
980 2771 1241 2834 eorum3
1275 2757 1521 2816 incidet
1570 2757 1640 2816 in
1688 2777 1853 2817 eam.
1966 2754 2322 2813 servaveris
2340 2773 2480 2812 eam
2505 2769 2619 2832 per
2642 2751 3014 2813 memoriam
3046 2759 3110 2812 et
3133 2749 3453 2826 effectum,

355 2849 555 2923 Quum
589 2851 767 2912 enim
810 2839 1154 2914 destitutus
1198 2852 1389 2916 fuerit
1428 2853 1621 2916 miser
1666 2855 1858 2917 homo
1968 2853 2039 2912 in
2071 2861 2290 2912 ventre
2321 2861 2453 2920 tuo,
2475 2849 2541 2911 id
2571 2856 2668 2911 est
2698 2849 2763 2910 in
2802 2857 3034 2926 mente,
3071 2849 3138 2911 in
3170 2869 3298 2930 qua
3327 2849 3460 2912 ani-

354 2948 555 3026 gratia
592 2948 935 3025 CreatoriS,
970 2969 1117 3014 mox
1160 2950 1399 3013 labitur
1428 2951 1496 3013 in
1527 2951 1859 3034 profundi·
1966 2969 2088 3012 mae
2149 2948 2392 3011 fercula
2447 2947 2906 3030 suscipiuntur,
2961 2946 3338 3029 digeruntur
3396 2957 3458 3010 et

354 3055 545 3110 tatem
578 3047 925 3111 criminum
959 3057 1022 3111 et
1049 3049 1856 3130 erroriS,quemadmodum
1885 3056 1927 3118 C
1967 3056 2460 3126 conservantur3
2492 3057 2551 3108 et
2570 3049 2963 3108 redundabit
2989 3048 3056 3106 in
3089 3049 3279 3108 labiis
3306 3050 3454 3118 tuis,

112 3164 328 3219 lumi-1.
360 3165 467 3227 per
503 3147 890 3228 Prophetam
936 3147 1221 3229 loquitur
1252 3148 1559 3211 Dominus
1596 3168 1608 3211 :
1643 3150 1857 3213 Averti
1969 3159 2041 3210 ut
2071 3151 2157 3209 sit
2187 3150 2261 3207 in
2289 3148 2563 3207 Domino
2593 3147 2842 3222 fiducia
2881 3155 3016 3206 tua.
3066 3149 3241 3206 Unde
3275 3157 3334 3206 ct
3362 3167 3456 3206 os·
3585 3160 3653 3215 19

360 3243 587 3308 faciem
628 3263 839 3308 meam
872 3245 955 3307 ab
983 3264 1081 3324 eo,
1120 3253 1197 3332 et·
1220 3246 1379 3308 abiit
1408 3265 1603 3326 vagus
1646 3247 1711 3310 in
1752 3249 1858 3311 via
1969 3250 2229 3309 tendam
2271 3266 2411 3306 eam
2463 3246 2582 3305 tibi
2625 3246 2812 3305 hodie
2856 3265 2879 3304 .·
2921 3243 3072 3325 quia
3109 3243 3452 3309 instructio

358 3344 567 3406 cordis
620 3343 746 3405 sui.
790 3343 969 3406 Unde
1019 3352 1081 3406 et
1128 3343 1297 3407 idem
1348 3345 1660 3428 Propheta
1702 3345 1860 3409 dicit
1966 3345 2086 3407 ista
2118 3351 2213 3407 est
2243 3343 2474 3425 saepius
2507 3343 2813 3405 iteranda.

114 3452 329 3505 mamus.
356 3440 519 3506 Deo:
556 3441 725 3504 Ecce
756 3449 823 3504 tu
855 3440 1055 3504 iratus
1089 3460 1178 3517 eS,
1214 3449 1278 3504 et
1308 3443 1733 3526 peccavimus.
2046 3447 2206 3505 Ecce
2247 3444 2558 3520 descripsi
2597 3463 2740 3503 eam
2780 3443 2897 3502 tibi
2938 3443 3283 3519 tripliciter
3309 3460 3332 3503 .·
3363 3451 3458 3504 ut-
3581 3455 3653 3512 20

192 3546 245 3601 ¹5
446 3542 763 3603 Stultitia
810 3543 1115 3619 colliyata
1162 3551 1253 3602 est
1311 3544 1384 3602 in
1432 3545 1619 3602 corde
1660 3545 1859 3621 pueri
1965 3550 2113 3626 pote
2153 3540 2515 3621 anagogice,
2549 3539 2919 3623 symbolice,
2955 3539 3276 3603 historice.
3311 3540 3450 3618 Vel,

359 3641 645 3702 nondum
698 3639 933 3702 adultae
982 3638 1187 3702 aetatis
1232 3659 1247 3703 ε
1291 3639 1443 3721 quia
1492 3641 1572 3703 ad
1614 3641 1859 3704 ludicra
1966 3639 2348 3723 Tripliciter,
2383 3639 2447 3701 id
2476 3646 2572 3702 est
2601 3637 2958 3701 litteraliter
2985 3657 3097 3701 seu
3127 3639 3450 3718 historice,

356 3735 593 3817 jugiter
636 3737 1009 3815 inclinatur,
1055 3756 1171 3800 nec
1227 3737 1419 3801 babet
1477 3739 1854 3820 acquisitam
1966 3749 2027 3804 et
2059 3738 2446 3821 tropologice
2477 3757 2588 3800 seu
2618 3737 2965 3815 moraliter,
3000 3746 3061 3800 et
3089 3738 3449 3818 allegorice.

356 3835 1289 3917 prudentiam,experientiam,
1318 3837 1707 3900 rationemve
1738 3837 1859 3902 sor-
1965 3839 2075 3901 His
2124 3838 2295 3901 enim
2345 3835 2552 3898 modis
2602 3835 2927 3918 Scriptura
2983 3837 3343 3919 exponitur,
3393 3844 3456 3901 et

358 3941 519 3996 tem:
546 3933 851 3997 similiter
883 3934 948 3996 in
978 3935 1168 3998 corde
1200 3935 1381 4016 pueri
1415 3954 1860 4018 sensu,quam-
1966 3937 2197 4018 triplex
2237 3933 2555 4015 theologia
2590 3932 2969 4014 assignatur.
3002 3932 3138 4010 Vel,
3172 3933 3459 4016 Triplici-

144 4042 333 4095 imm».
360 4031 455 4095 vis
504 4032 677 4096 forte
724 4031 809 4094 sit
854 4041 1111 4095 centum
1158 4052 1512 4113 annorum3
1562 4045 1621 4094 et
1670 4039 1857 4115 virya
1966 4043 2082 4112 ter,
2116 4034 2183 4096 id
2225 4040 2322 4097 est
2357 4031 2987 4114 proportionabiliter
3032 4032 3212 4113 juxta
3255 4033 3461 4116 tripli-

118 4106 167 4148 ὲὺ·
359 4133 754 4209 disciplz'nae‚
771 4150 887 4213 per
916 4151 1108 4213 quam
1143 4131 1221 4193 fit
1249 4132 1583 4210 correctio,
1599 4137 1859 4213 fuqabit
1965 4151 2103 4196 cem
2144 4131 2476 4195 hominum
2519 4138 2774 4205 statum,
2809 4129 3106 4193 videlicet
3152 4129 3461 4214 incipien-

360 4249 493 4291 eam
526 4251 549 4289 .·
586 4248 720 4293 non
750 4229 923 4292 enim
956 4249 1171 4294 amore
1204 4229 1461 4294 virtutis
1491 4239 1554 4293 et
1584 4232 1859 4296 rationa-
1885 4234 1934 4296 D
1968 4232 2148 4308 tium,
2181 4228 2684 4313 proficientium,
2720 4237 2783 4292 et
2817 4228 3268 4311 perfectorum.
3303 4230 3456 4294 Nam

360 4328 471 4392 bili
513 4329 953 4412 persuasione,
990 4330 1099 4393 sed
1151 4329 1377 4392 timore
1425 4339 1487 4392 et
1525 4348 1715 4412 poena
1763 4351 1858 4395 re-
1966 4337 2029 4393 et
2067 4329 2133 4391 in
2178 4328 2296 4390 isto
2330 4327 2815 4391 Proverbiorum
2845 4327 3195 4406 volumine,
3227 4329 3462 4393 doctri-

360 4427 748 4509 primuntur,
785 4427 1319 4509 instruunturque
1349 4428 1529 4510 pueri
1562 4429 1731 4492 circa
1756 4449 1859 4493 ex·
1966 4448 2050 4491 na
2090 4446 2201 4490 seu
2245 4425 2559 4508 sapientia
2600 4426 2984 4510 quandoque
3024 4427 3296 4490 traditur
3329 4437 3458 4492 tam

194 4531 251 4587 16
360 4527 613 4589 ordium
665 4526 1095 4590 discretionis.
1130 4563 1209 4573 —
1243 4529 1371 4596 Qui
1408 4531 1857 4591 calumniatur
1963 4526 2286 4591 subtiliter
2322 4544 2394 4587 ac
2434 4523 2771 4606 profunde,
2807 4531 2876 4587 ut
2911 4525 3117 4588 solum
3157 4526 3456 4608 perfectis

357 4645 733 4704 pauperem,
766 4635 839 4686 ut
869 4635 1103 4703 auyeat
1124 4627 1400 4687 divitias
1428 4646 1604 4695 suas,
1638 4644 1751 4709 per
1782 4647 1855 4692 ea

359 4741 500 4804 quae
547 4723 865 4786 abstrahit
908 4722 1196 4807 pauperi,
1235 4723 1335 4787 vel
1382 4743 1522 4806 quae
1564 4724 1735 4807 capit
1775 4724 1857 4789 ab

362 4820 583 4904 impio,
616 4830 691 4885 ut
732 4831 996 4905 propter
1030 4824 1170 4905 ejus
1211 4842 1431 4906 preces
1476 4843 1548 4886 ac
1592 4842 1857 4886 munera

360 4921 683 5002 opprimat
714 4939 1100 5003 pauperem3
1132 4925 1313 4982 dabit
1346 4925 1481 5000 ipse
1501 4924 1755 4996 ditiori,
1788 4923 1854 4985 id

359 5027 475 5094 est,
498 5039 535 5082 a
563 5019 786 5100 judice
827 5019 1139 5102 superiori
1170 5019 1645 5101 adjudicabitur
1674 5039 1858 5101 pecu·

362 5119 579 5182 niariae
638 5119 1081 5197 satisfactioni,
1136 5127 1201 5182 et
1257 5119 1617 5201 privabitur
1666 5118 1855 5183 rebus

361 5217 525 5279 male
561 5217 837 5300 adeptis,
868 5228 928 5280 et
953 5220 1175 5296 egebit.
1209 5217 1518 5281 Similiter
1558 5217 1665 5300 qui
1709 5236 1859 5299 pau-

358 5315 499 5398 peri
546 5316 781 5400 spiritu
829 5324 892 5380 et
945 5315 1177 5379 humili
1235 5316 1536 5394 detrahit,
1588 5324 1659 5378 ut
1718 5315 1856 5398 ipse

610 5451 679 5504 T.
713 5453 765 5502 7.

1963 4623 2333 4703 conveniat3
2369 4623 2750 4704 quandoque
2798 4623 3221 4702 mediocriter,
3267 4634 3460 4707 prout

1963 4721 2452 4807 proficientibus
2476 4721 2810 4803 competit3
2830 4721 3176 4803 aliquando
3201 4723 3288 4785 ita
3309 4723 3458 4784 sim-

1964 4823 2238 4907 pliciter,
2273 4829 2344 4883 ut
2380 4819 2824 4902 incipientium
2862 4831 3170 4903 congruat
3209 4823 3455 4905 capaci-

1964 4922 2099 4984 tati.
2119 4919 2257 4997 Vel,
2281 4919 2661 5002 Tripliciter,
2689 4919 2864 5000 quia,
2889 4919 3056 4982 sicut
3084 4919 3253 4983 circa
3280 4939 3454 4984 exor-

1963 5021 2139 5083 dium
2171 5018 2384 5101 operis
2420 5018 2613 5100 hujus
2642 5017 2970 5082 inductum
3006 5027 3123 5096 est,
3159 5019 3453 5083 Salomon

1965 5118 2033 5180 in
2081 5116 2286 5179 tribus
2334 5115 2466 5178 suis
2514 5116 2949 5180 voluminibus
3006 5118 3086 5180 de
3142 5117 3457 5199 sapientia

1963 5214 2301 5299 tripliciter
2328 5221 2574 5292 tractat,
2610 5233 2682 5277 ac
2723 5212 3080 5278 triformem
3121 5216 3316 5278 tradit
3343 5216 3456 5280 do>-

1964 5314 2256 5377 ctrinam.
2279 5312 2494 5394 Aliqui
2529 5322 2740 5375 autem
2769 5313 3013 5390 dicunt,
3047 5313 3451 5383 Salomonem

3149 5448 3207 5498 10
