4284 6267
994 535 1348 584 ENARRATIO
1390 536 1455 583 IN
1498 536 1635 584 GAP.
1682 538 1787 583 xlv
1827 536 1984 583 LIBRI
2029 535 2386 582 sAPmNTIAE.
2429 554 2506 565 -
2551 536 2692 582 Am.
2737 535 2842 581 xlv

3343 516 3463 579 533

98 720 336 772 1·.1m,9-
366 704 739 768 scribuntur
791 726 805 770 :
854 710 1095 788 Plastae,
1151 710 1382 792 inquit,
1438 709 1592 773 idoli
1643 727 1865 771 omnes
1894 709 1944 770 A
1973 709 2206 771 dantur
2228 726 2241 768 :
2263 717 2326 770 et
2353 715 2558 769 cetera
2589 725 2733 788 quae
2765 706 2850 767 ibi
2884 712 3259 787 sequuntur.
3284 705 3461 767 Unde

82 786 135 825 20.

185 2079 211 2133 1

64 3770 163 3813 Aee.
174 3772 339 3821 xnx‚25.

365 803 533 865 nihil
582 815 751 868 sunt.
806 808 929 890 Ipsi
981 818 1129 871 sunt
1178 818 1367 872 testes
1417 827 1660 885 eorum,
1713 807 1865 887 quia
1971 806 2301 869 Psalmista
2354 822 2368 866 :
2419 805 2645 869 Oculos
2698 805 2952 881 habent,
3003 812 3066 867 et
3113 823 3242 867 non
3289 803 3462 868 vide-
3503 818 3756 871 Pa.exu1‚5.

362 920 496 964 non
540 904 779 983 vident,
817 925 1023 988 neque
1065 906 1452 988 intelligunt,
1489 916 1559 969 ut
1600 904 1866 968 confun-

1973 907 2170 988 bunt3
2201 924 2385 967 aures
2415 905 2672 981 habent,
2707 913 2770 967 et
2801 923 2929 968 non
2959 903 3240 967 audient.

1450 1320 2107 1410 ARTICULUS
2191 1324 2389 1408 XIV

700 1596 1063 1644 nummum
1105 1598 1379 1645 CAPITULI
1422 1596 1855 1653 QUARTmEcnn
1901 1598 1915 1643 :
1962 1597 2188 1644 lmmm
2231 1598 2407 1645 ALIUS
2451 1597 2768 1645 NAVIGARR
2809 1596 3126 1645 coGITANs.

502 1877 921 1940 ANITATEM
963 1885 1028 1941 et
1069 1877 1461 1959 impietatem
1503 1877 1865 1942 idololatra-
1900 1880 1945 1941 B
1972 1877 2244 1959 eripere,
2285 1879 2482 1939 etiam
2521 1880 2581 1937 si
2615 1879 2757 1939 sine
2797 1888 2938 1939 rate
2982 1880 3226 1959 aliquis
3273 1881 3464 1939 adeat

516 1996 687 2051 rum,
722 1976 789 2039 in
836 1976 1102 2038 marinis
1145 1976 1417 2056 negotiis
1455 1995 1528 2039 ac
1558 1976 1865 2059 periculis

365 2076 540 2139 idola
600 2076 1060 2151 invocantium,
1113 2075 1217 2138 hic
1267 2076 1567 2139 ostendit.
1615 2079 1863 2137 Iterum

362 2179 545 2237 alius
595 2178 912 2253 naviyare
956 2177 1264 2253 coqitam,
1306 2184 1365 2234 et
1404 2195 1525 2254 per
1571 2176 1767 2252 screa,
1802 2174 1863 2237 id

364 2282 463 2336 est
516 2271 832 2349 crudeles,
885 2280 1197 2353 quantum
1243 2272 1323 2334 ad
1371 2270 1699 2347 effectum,
1753 2290 1863 2334 seu

362 2366 788 2454 periculosos,
822 2373 1062 2447 fluctus
1100 2372 1225 2430 iter
1263 2372 1477 2448 facere
1519 2373 1863 2447 incipiem,

364 2472 547 2547 liqna
570 2478 872 2547 portante
899 2488 988 2538 se,
1016 2469 1331 2546 fragilius
1362 2470 1643 2546 Ziynum,
1675 2469 1739 2530 id
1771 2477 1867 2531 est

364 2567 613 2631 idolum
648 2565 933 2647 ligneum
967 2564 1376 2646 frangibilius
1406 2585 1566 2629 nave
1605 2586 1733 2648 qua
1761 2586 1867 2629 ve-

363 2666 567 2742 hitur,
602 2668 901 2726 invocat:
922 2665 1092 2745 quod
1125 2683 1383 2747 prorsus
1415 2665 1864 2727 stultissimum

365 2772 463 2827 est
494 2772 559 2825 et
588 2762 908 2844 iniquum,
946 2770 1163 2844 utpote
1192 2781 1320 2825 non
1361 2763 1659 2826 invocare
1688 2763 1867 2826 Crea-

1973 1996 2177 2048 mare,
2211 1976 2274 2038 id
2303 1984 2420 2053 est,
2454 1975 2748 2057 quamvis
2787 1975 3020 2056 aliquis
3060 1984 3260 2039 tentet
3289 1994 3464 2039 mare

1974 2091 2087 2135 seu
2130 2091 2328 2154 aquas
2365 2073 2809 2155 perambulare
2852 2075 3143 2156 pedester
3175 2073 3316 2137 sine
3358 2093 3468 2136 na-

1974 2171 2148 2251 vigio
2173 2189 2187 2233 :
2213 2173 2562 2235 secundum
2592 2173 2765 2254 quod
2796 2172 3082 2235 Christus
3113 2171 3466 2235 ambulavit

1977 2289 2171 2352 super
2212 2290 2409 2347 mare,
2443 2280 2506 2333 et
2549 2270 2928 2334 admirabile
2959 2290 3072 2335 vas
3113 2270 3274 2333 illud
3324 2270 3469 2333 inri-

1976 2370 2125 2432 nitae
2158 2369 2610 2433 misericordiae
2639 2370 2772 2447 Dei,
2792 2369 3468 2451 contemplativissima

1974 2476 2166 2548 atque
2222 2468 2623 2531 sanctissima
2683 2467 2794 2529 illa
2840 2467 3027 2530 Maria
3075 2465 3460 2551 AEgyptiaca.

1975 2570 2105 2628 Sed
2136 2577 2209 2627 ut
2239 2587 2368 2628 non
2406 2576 2608 2627 essent
2643 2588 2872 2639 vacua,
2910 2567 2974 2629 id
3013 2574 3110 2629 est
3152 2564 3466 2629 infructu-

1975 2683 2107 2741 osa,
2149 2667 2487 2743 sapientia:
2529 2676 2654 2727 tuoe
2689 2686 2907 2744 opera,
2949 2665 3194 2728 scilicet
3223 2664 3466 2730 divitiae

1974 2762 2359 2846 temporales
2387 2764 2465 2826 ad
2505 2783 2692 2826 usum
2731 2764 3036 2827 ordinatae
3073 2763 3463 2839 humanum3

367 2869 595 2937 torem,
620 2860 734 2941 qui
766 2859 1218 2939 navigantibus
1258 2860 1433 2923 dedit
1462 2861 1773 2924 rationem
1804 2870 1866 2924 et
1966 2872 2232 2940 propter
2269 2864 2385 2922 hoc
2423 2863 2619 2922 etiam
2653 2872 2713 2923 et
2754 2864 2987 2940 eaeiyuo
3027 2863 3229 2939 liquo,
3260 2860 3324 2922 id
3372 2868 3468 2923 est

367 2967 571 3022 artem
600 2958 969 3037 ¹fabricandi
1013 2958 1288 3038 navigia,
1322 2959 1431 3022 sed
1471 2958 1711 3023 idolum
1753 2960 1868 3022 hu-

1978 2960 2206 3040 ligneae
2235 2961 2400 3036 navi,
2419 2964 2690 3021 credunt
2710 2964 2996 3022 homines
3015 2961 3273 3021 animas
3298 2979 3466 3027 suas,

367 3077 560 3121 mana
598 3066 734 3121 arte
775 3055 1143 3120 formatum.
1174 3060 1361 3119 Illud
1390 3059 1591 3130 enim,
1624 3057 1867 3121 scilicet
1902 3057 1945 3120 C
1979 3060 2042 3122 id
2082 3067 2179 3122 est
2218 3078 2286 3121 se
2325 3058 2521 3141 ipsos,
2557 3066 2882 3140 sperantes
2921 3058 3236 3140 adjutorio
3283 3055 3466 3119 navis

369 3156 641 3233 idolum,
676 3156 1007 3233 cupiditas
1032 3158 1419 3236 acquirendi
1446 3158 1865 3233 eoecoyitavic:

367 3255 432 3317 id
474 3262 595 3331 est,
638 3273 765 3316 una
803 3273 995 3317 causa
1034 3253 1435 3317 formationis
1474 3254 1866 3336 culturaeque

368 3353 711 3427 idolorum,
754 3351 1021 3415 avaritia
1074 3351 1195 3413 fuit
1243 3352 1590 3430 artificum,
1636 3353 1746 3435 qui
1798 3362 1867 3415 ut

367 3451 514 3535 plus
564 3450 984 3527 lucrarentur,
1021 3450 1309 3513 fecerunt
1353 3451 1663 3533 imagines
1703 3452 1868 3514 mul-

368 3560 503 3611 tum
538 3548 851 3611 formosas
880 3556 944 3611 et
974 3548 1157 3629 quasi
1188 3547 1437 3612 vitaleS.
1470 3549 1628 3612 Hinc
1661 3550 1727 3612 in
1756 3550 1867 3613 Ac·

368 3648 477 3725 tiss,
510 3646 869 3709 Demetrius
898 3646 1129 3709 artifex
1168 3647 1507 3723 idolorum,
1541 3647 1865 3711 concitans

372 3765 523 3809 suos
554 3744 829 3825 collegas
859 3744 1161 3808 adversus
1190 3745 1454 3808 Paulum
1490 3764 1503 3807 ε
1541 3745 1748 3823 Scitis,
1775 3745 1867 3808 in-

368 3844 537 3927 quit,
570 3842 722 3924 quia
769 3843 850 3906 de
895 3842 1015 3905 hoc
1058 3842 1336 3907 artificio
1382 3844 1723 3925 acquisitio
1770 3854 1868 3908 est

371 3942 581 4005 nobis,
631 3943 718 4003 Et
765 3942 1016 4019 artifex
1062 3944 1409 4019 sapiencia,
1454 3943 1517 4005 id
1566 3952 1662 4006 est
1707 3953 1861 4022 arte,

366 4062 491 4102 sua
523 4038 804 4122 practica
829 4041 1169 4117 formavit.

456 4142 552 4201 Tu
586 4140 1063 4210 autem,Pater,
1078 4142 1403 4217 gubernas
1422 4143 1863 4217 providentia,

1977 3177 2105 3221 non
2134 3156 2480 3239 periclitari
2513 3156 2580 3219 in
2611 3156 2795 3233 mari,
2829 3165 2892 3219 et
2919 3157 3116 3222 vitam
3156 3174 3334 3218 suam
3365 3174 3469 3218 ex-

1975 3265 2286 3340 ponentes
2331 3256 2668 3319 eventibus
2703 3256 2898 3318 maris
2937 3255 3120 3321 valde
3170 3253 3465 3333 incertis3

1975 3367 2034 3418 et
2057 3364 2456 3417 transeuntes
2475 3376 2654 3416 mare
2683 3355 2762 3417 ad
2791 3354 3190 3418 vendendum
3226 3369 3468 3415 merces

1976 3474 2134 3536 quas
2165 3452 2467 3516 deferunt
2497 3472 2734 3530 secum,
2759 3454 2860 3518 vel
2890 3455 2969 3516 ad
2997 3453 3336 3515 emendum
3365 3470 3462 3529 ea,

1974 3571 2118 3634 quae
2145 3551 2303 3613 alibi
2333 3551 2478 3634 plus
2506 3552 2854 3628 abundant,
2877 3571 3000 3630 per
3027 3562 3255 3625 ratem,
3275 3550 3339 3613 id
3371 3557 3467 3614 est

1974 3670 2088 3735 per
2116 3669 2368 3726 navem,
2392 3651 2649 3713 liberati
2673 3661 2827 3712 sunt
2854 3670 2892 3714 a
2919 3649 3113 3713 maris
3142 3649 3460 3732 periculis,

2068 3749 2371 3831 Sequitur
2414 3748 2541 3811 alia
2589 3749 2990 3828 navigiorum
3036 3768 3110 3812 ac
3158 3746 3464 3829 navigati-

1976 3868 2173 3913 onum
2222 3847 2488 3910 utilitaS.
2532 3850 2662 3910 Sed
2699 3858 2758 3907 et
2804 3851 2884 3909 ab
2931 3849 3127 3909 initio
3169 3848 3463 3911 secundae

1974 3945 2202 4025 aetatis,
2221 3965 2364 4028 quae
2393 3946 2588 4027 coepit
2615 3955 2900 4027 tempore
2927 3945 3076 4023 Noe,
3095 3967 3298 4026 quum
3319 3966 3467 4025 per-

1976 4048 2175 4115 irent,
2211 4044 2275 4107 id
2315 4052 2433 4121 est,
2466 4044 2712 4107 diluvio
2753 4053 3213 4127 mergerentur,
3245 4064 3466 4123 super-

1976 4146 2041 4203 bi
2063 4146 2360 4222 ,qiyantes
2392 4164 2416 4203 .·
2447 4141 2560 4224 qui
2590 4152 2740 4205 tunc
2781 4142 3101 4225 praecipue
3138 4152 3321 4205 erant
3349 4141 3464 4221 rei,

370 4238 435 4301 id
487 4245 605 4314 est,
640 4255 678 4299 o
709 4236 889 4299 Pater
927 4236 1226 4313 eoelestis,
1260 4246 1328 4299 tu
1378 4257 1497 4334 per
1529 4238 1869 4320 providen—
1898 4251 1947 4311 D
1976 4251 2040 4306 et
2086 4258 2319 4321 magna
2357 4260 2547 4304 causa
2592 4240 2860 4322 diluvii;
2889 4260 3026 4319 spes
3063 4242 3232 4302 orbis
3273 4251 3472 4303 terra-

370 4337 529 4399 tiam
572 4343 745 4397 tuam
788 4334 1108 4414 gubernas
1150 4335 1445 4399 homines
1494 4338 1559 4399 in
1601 4345 1768 4400 terra
1806 4348 1869 4403 et

370 4432 533 4497 mari
562 4450 577 4495 ε
602 4433 775 4514 quod
807 4442 1001 4515 patet,
1021 4436 1331 4512 quoniam
1362 4438 1603 4497 dedisti
1630 4439 1701 4498 in
1733 4458 1871 4500 ma-

278 4564 340 4600 n,
370 4536 438 4594 ri
487 4534 692 4602 viam,
740 4530 805 4593 id
845 4540 962 4609 est,
1019 4550 1133 4613 per
1180 4531 1452 4595 fundum
1502 4536 1696 4597 maris
1744 4536 1869 4599 Ru-

372 4631 474 4693 bri
506 4630 659 4692 hinc
698 4630 849 4693 inde
886 4630 1101 4708 divisi,
1137 4631 1367 4694 dedisti
1413 4634 1651 4715 populo
1682 4635 1867 4698 Israel

372 4729 518 4805 iter,
536 4737 596 4789 et
627 4731 800 4791 inter
819 4732 1057 4805 fluctus
1084 4733 1379 4792 semitam
1398 4734 1867 4809 firmissimam,

372 4827 633 4910 quando
665 4827 901 4890 duxisti
935 4826 1109 4891 filios
1139 4828 1325 4891 Israel
1366 4848 1480 4912 per
1506 4830 1864 4911 Jordanem,

370 4945 503 4989 una
532 4933 714 5007 parte
741 4944 1052 5007 aquarum
1082 4926 1372 4989 Jordanis
1404 4936 1611 4991 stante
1640 4928 1771 4992 fixa
1802 4930 1869 4993 in

372 5023 625 5087 tumulo
655 5042 785 5087 uno
817 5024 1017 5086 instar
1048 5025 1263 5101 turriS‚
1290 5034 1353 5089 et
1382 5026 1508 5088 alia
1538 5027 1871 5091 decurren-

368 5133 435 5186 te
468 5122 805 5203 deorsum3
838 5127 1170 5185 ostendens
1198 5143 1311 5205 per
1350 5125 1494 5187 illos
1534 5126 1872 5190 miraculo-

376 5240 481 5285 sos
514 5219 813 5297 effectuS,
849 5223 1160 5300 quoniam
1194 5233 1415 5299 potens
1453 5244 1516 5283 es
1548 5245 1630 5283 eoe
1668 5228 1874 5285 omni-

379 5323 495 5381 bus
525 5340 789 5391 sanare,
822 5319 888 5381 id
915 5327 1012 5382 est
1040 5320 1121 5382 ab
1152 5320 1327 5383 omni
1366 5321 1651 5404 periculo
1682 5324 1874 5385 maris

1976 4362 2150 4413 rum,
2169 4338 2416 4401 scilicet
2443 4338 2570 4402 Noe
2601 4347 2662 4402 et
2694 4338 2945 4403 soboles
2977 4358 3112 4417 sua,
3138 4339 3204 4402 in
3233 4339 3469 4421 quibus

1978 4437 2210 4501 mansit
2253 4455 2458 4518 genus
2500 4437 2876 4513 humanum,
2910 4445 2974 4500 et
3017 4456 3163 4519 spes
3213 4456 3472 4521 recupe-

1979 4536 2242 4599 rationis
2275 4535 2473 4610 illius,
2506 4538 2594 4596 ad
2621 4545 2855 4606 ratem,
2885 4536 2949 4598 id
2987 4546 3085 4599 est
3123 4538 3202 4600 ad
3231 4555 3463 4613 arcam,

1979 4654 2119 4715 quae
2168 4643 2233 4697 et
2281 4633 2462 4697 navis
2509 4642 2790 4708 vocatur,
2825 4636 3208 4713 confuyiens
3245 4655 3320 4699 ex
3357 4635 3468 4699 Dei

1980 4741 2316 4815 praecepto‚
2351 4735 2600 4794 remisit
2641 4738 2870 4795 soeculo
2905 4754 3116 4795 semen
3157 4736 3470 4796 nativita-

1982 4834 2084 4903 tis,
2118 4830 2181 4893 id
2213 4839 2329 4906 est,
2364 4838 2510 4912 post
2536 4830 2851 4895 diluvium
2886 4832 3262 4915 propagavit
3292 4831 3468 4897 filios

1979 4948 2051 4992 ac
2102 4927 2297 5005 filias,
2349 4947 2462 5011 per
2509 4947 2668 5010 quas
2717 4938 3085 5013 recuperata
3129 4938 3226 4993 est
3272 4931 3470 4994 homi-

1982 5046 2134 5090 num
2185 5027 2550 5102 multitudo,
2585 5048 2730 5108 quoe
2769 5028 3066 5093 nativitas
3107 5050 3309 5091 manu
3356 5039 3469 5091 tua

1982 5136 2120 5187 erat
2155 5128 2544 5204 qubernata,
2571 5126 2636 5188 id
2680 5134 2796 5203 est,
2841 5146 3205 5210 processum
3249 5126 3472 5190 habuit

1983 5232 2044 5287 ct
2074 5224 2599 5306 propagationem
2642 5227 2991 5289 secundum
3032 5226 3381 5309 potentiam
3409 5234 3474 5291 et

1984 5321 2364 5405 sapientiam
2410 5330 2606 5384 tuam.

3489 883 3532 925 θ.
