4284 6267
536 662 609 718 23

476 884 589 914 vers.
612 873 679 916 to.

438 971 575 1014 Ρνοο.
592 983 647 1019 xi,
666 971 705 1012 1.

538 1159 609 1216 24

464 1453 584 1497 thid.
596 1467 652 1506 m,
665 1456 705 1504 ῦς

442 1529 527 1564 xvi.
548 1519 590 1560 9.

442 1579 506 1622 18.
522 1580 705 1628 xxv1‚12.

446 1747 651 1853 ΙΙὲΙιίἱίῙηφ.
662 1761 706 1799 ιι,

448 2443 597 2489 Εοοὶε.
612 2447 707 2494 ud.

459 2640 543 2684 Ιοὸ
556 2654 613 2692 xx,
626 2641 696 2684 21.

543 2830 616 2886 25

550 3515 622 3570 26

497 4028 631 4083 lfleo.
652 4042 720 4080 xv,

461 4093 527 4136 ¹2.

557 4209 627 4264 27

488 4711 566 4754 Pe.
588 4723 645 4762 w,
663 4713 703 4753 7.

484 5202 592 5247 Gen.
610 5215 653 5255 n,
671 5204 711 5246 7.

732 465 851 530 136
1408 480 1760 528 mammo
1801 479 1866 525 m
1906 451 2044 526 chr.
2091 477 2176 524 xx
2217 476 2703 524 rnovnnmonun.
2749 497 2831 506 —
2869 477 3012 523 aar.
3055 477 3142 523 xx

733 654 968 737 juriam
1000 652 1916 738 patientibus—Abominatio
1935 659 2025 710 est
2042 649 2224 727 apud
2252 646 2303 709 Α
2334 647 2420 708 ait
2465 669 2478 712 :
2513 647 2728 711 Flatus
2767 667 2885 729 ego
2933 648 3186 712 faciam.
3221 652 3376 718 Quae
3417 648 3676 712 lucerna
3713 651 3822 708 in·
3851 661 3930 705 ιε.
3953 673 4076 709 mn,
4103 661 4184 701 ιε.

734 755 941 814 Deum
972 756 1229 830 pondus
1256 762 1315 813 et
1342 753 1596 829 pondus
1610 773 1638 821 ,·
1663 758 1721 809 et
1740 757 1979 810 statera
2006 743 2222 807 dolosa

734 872 865 912 non
912 862 1001 912 est
1049 853 1233 912 bona.
1285 851 1457 912 Idem
1506 848 1625 910 hoc
1672 847 1894 910 eodem
1943 844 2224 927 capitulo

733 949 865 1030 jam
906 949 1102 1012 semel
1133 948 1376 1012 dictum
1405 955 1522 1021 est,
1557 965 1629 1008 ac
1668 964 1861 1027 supra
1900 944 2093 1006 etiam
2125 961 2227 1005 ca-

736 1047 941 1130 pitulo
983 1046 1345 1110 undecimo.

824 1149 883 1208 A
926 1146 1203 1206 Domino
1246 1145 1639 1220 diriyuntur
1679 1160 1958 1219 qressuS,
2008 1138 2072 1201 id
2130 1146 2227 1200 est

735 1252 913 1306 actus
954 1243 1289 1306 interiores
1331 1242 1823 1322 exterioresque,
1858 1242 1994 1300 viri
2018 1238 2158 1319 (qui
2189 1257 2224 1301 a

735 1340 954 1421 vigore
1002 1341 1311 1404 virtutum
1360 1339 1461 1403 vir
1514 1339 1947 1422 nuncupatur)
1994 1340 2071 1402 ad
2123 1359 2228 1401 su-

738 1439 1205 1523 pernaturalem
1240 1438 1462 1513 finem,
1497 1439 1663 1502 sicut
1694 1439 1825 1520 jam
1871 1457 2037 1520 saepe
2069 1456 2228 1520 prae-

738 1538 1029 1600 habitum
1060 1545 1177 1600 est.
1195 1537 1373 1600 Unde
1403 1546 1465 1600 et
1494 1537 1684 1600 lsaias
1716 1534 2228 1600 fateturzomnia

736 1656 930 1719 opera
960 1645 1175 1699 nostra
1207 1644 1505 1718 operatus
1533 1654 1601 1698 es
1632 1634 1853 1714 nohis3
1887 1635 2227 1718 Apostolus

736 1753 1014 1817 quoque,
1066 1736 1229 1797 Deus
1278 1743 1376 1797 est
1422 1735 1533 1816 qui
1583 1741 1880 1816 operatur
1930 1733 1997 1795 in
2042 1732 2227 1796 vobis

2333 749 2600 824 vestigat
2629 751 2848 808 omnia
2883 759 3118 809 secreta
3151 750 3414 809 ventri-3.
3447 747 3596 810 Nam
3625 747 3820 810 homo

2335 864 2448 927 per
2480 845 2790 908 rationem
2823 854 2885 908 et
2917 834 3311 909 intellectum
3348 845 3647 928 intelligit
3674 865 3824 929 pro-

2334 945 2509 1027 prios
2557 953 2757 1012 actus,
2809 953 2872 1008 et
2920 965 2996 1008 ea
3040 964 3184 1026 quae
3232 945 3299 1007 in
3347 953 3558 1008 mente
3617 944 3820 1027 ipsius

2333 1052 2503 1120 sunt,
2531 1043 2946 1125 cogitationes
2977 1052 3040 1108 et
3069 1042 3445 1107 affectiones
3481 1063 3494 1108 :
3529 1063 3685 1125 quas
3713 1043 3818 1106 vel

2332 1151 2506 1204 certo
2554 1141 2655 1204 vel
2705 1142 3123 1224 probabiliter
3177 1150 3384 1224 potest
3438 1159 3818 1222 cognoscere

2333 1258 2473 1303 esse
2521 1261 2598 1304 ex
2652 1241 2934 1318 caritate,
2979 1240 3032 1302 si
3082 1240 3266 1304 bonae
3311 1241 3460 1303 sint.
3505 1240 3680 1303 Unde
3723 1241 3816 1302 ait

2334 1337 2673 1420 Apostolus
2709 1357 2723 1400 ε
2758 1338 2907 1413 Quis
2951 1339 3283 1402 hominum
3331 1340 3450 1404 scit
3487 1357 3630 1420 quae
3665 1347 3816 1402 sunt
3845 1353 4188 1400 teor-‚min

2333 1437 2636 1514 hominiS,
2672 1437 2797 1499 nisi
2830 1438 3093 1520 spiritus
3123 1438 3402 1501 hominis
3433 1437 3544 1519 qui
3580 1438 3644 1500 in
3677 1437 3818 1519 ipso

2334 1540 2473 1599 est?
2507 1537 2872 1600 Intellectus
2902 1556 3200 1618 namque,
3233 1557 3432 1619 quum
3462 1537 3543 1599 sit
3575 1536 3824 1616 inorga-

2337 1637 2480 1699 nica
2517 1637 2616 1699 vis
2659 1645 2722 1698 et
2764 1637 3201 1699 immaterialis
3251 1636 3554 1720 potentia,
3599 1645 3692 1699 est
3731 1656 3826 1699 re-

2336 1735 2576 1798 ditivus
2628 1736 2705 1797 ad
2755 1755 2823 1798 se
2875 1736 3106 1818 ipsum,
3141 1745 3212 1798 et·
3245 1735 3583 1798 reflexivus
3633 1755 3826 1818 super

736 1835 902 1898 velle
932 1841 995 1896 et
1025 1832 1361 1917 perficere.
1387 1833 1545 1896 Hinc
1578 1833 1805 1894 merita
1834 1840 2046 1896 nostra
2078 1839 2226 1893 sunt
2264 1833 2309 1894 B
2339 1833 2622 1915 proprios
2671 1843 2872 1911 actuS,
2921 1835 3269 1897 secundum
3317 1834 3762 1916 Philosophum
3801 1851 3820 1895 ε

736 1932 844 1996 Dei
878 1933 1065 1995 dona.
1090 1935 1243 2000 Quis
1263 1942 1479 1992 autem
1508 1933 1845 1992 hominum
1869 1933 2229 2008 incelliyere

729 2041 933 2110 potest
987 2034 1159 2092 viam
1206 2033 1445 2092 suam?
1487 2030 1551 2093 id
1600 2038 1717 2108 est,
1752 2048 1938 2092 nemo
1987 2028 2228 2111 absque

738 2129 1127 2193 revelatione
1186 2137 1399 2212 potest
1454 2137 1625 2192 certo
1689 2129 1852 2192 scire
1912 2127 2225 2192 actionem

738 2247 851 2292 seu
895 2228 1443 2292 conversationem
1500 2247 1681 2290 suam
1728 2246 1867 2290 esse
1916 2226 2231 2290 meritori-

736 2347 862 2403 am,
900 2346 972 2390 ac
1001 2327 1128 2391 Deo
1159 2326 1449 2389 absolute
1477 2327 1857 2409 placentem,
1892 2345 2089 2407 quum
2123 2345 2232 2389 ne-

740 2426 898 2490 sciat
939 2446 1019 2488 an
1064 2425 1145 2488 sit
1190 2426 1255 2488 in
1299 2426 1561 2489 caritate
1609 2434 1672 2488 et
1712 2425 1947 2507 dignus
1988 2444 2225 2501 amore,

739 2534 929 2608 prout
968 2525 1048 2587 de
1092 2525 1212 2587 hoc
1255 2523 1323 2586 in
1365 2524 1745 2587 Ecclesiaste
1784 2522 2093 2586 diffusius
2133 2532 2232 2586 est

737 2624 1161 2686 tractandum.
1196 2623 1339 2686 Ideo
1383 2622 1501 2685 Job
1548 2621 1686 2685 ait:
1726 2621 1929 2683 Etiam
1978 2621 2032 2683 si
2080 2622 2232 2684 sim-

738 2721 887 2804 plex
937 2719 1139 2796 fuero,
1193 2720 1311 2784 hoc
1370 2720 1580 2802 ipsum
1639 2719 1959 2800 ignorabit
2014 2720 2230 2783 anima

740 2839 904 2882 mea.
938 2853 1015 2866 —
1044 2821 1293 2891 Ruina,
1318 2819 1384 2882 id
1412 2827 1509 2882 est
1538 2836 1837 2900 magnum
1870 2826 2224 2901 peccatum,

738 2927 827 2980 est
849 2919 1104 2979 homini
1120 2921 1420 2979 devotare
1441 2920 1728 2985 Sancto-3,
1751 2917 1814 2980 id
1846 2925 1962 2995 est,
1982 2916 2228 2999 aliquid

2337 1933 2509 2014 quod
2541 1933 2701 1994 nulli
2735 1931 3049 1994 materiali
3079 1940 3141 1995 et
3171 1931 3486 2015 organicae
3523 1932 3826 2015 potentiae

2341 2038 2547 2112 potest
2605 2038 2987 2112 competere,
3037 2039 3220 2113 prout
3279 2030 3696 2094 subtilissime
3754 2030 3824 2092 in

2338 2129 2844 2191 Elementatione
2879 2149 2992 2190 sua
3035 2128 3388 2208 theologica
3429 2128 3650 2211 probat
3679 2129 3826 2192 Pro-

2339 2229 2474 2292 clus
2518 2228 2879 2292 Platonicus
2927 2228 3370 2311 philosophus.
3415 2228 3673 2310 Insuper
3716 2247 3828 2310 po-

2341 2335 2462 2391 test
2491 2335 2555 2390 et
2583 2328 2674 2390 sic
2705 2326 2936 2409 exponi
2973 2345 2986 2389 :
3021 2327 3302 2389 Lucerna
3335 2326 3607 2401 Domini,
3634 2327 3829 2408 spira-

2339 2427 2556 2490 culum
2593 2426 2894 2503 hominis,
2932 2427 2994 2488 id
3024 2433 3140 2500 est,
3176 2425 3564 2489 illuminatio
3591 2426 3829 2490 divium

2342 2524 2784 2607 inspirationis
2819 2524 2981 2587 facta
3022 2524 3086 2585 in
3118 2523 3400 2601 homine,
3435 2532 3531 2586 est
3571 2523 3828 2587 lucerna

2339 2623 2448 2687 Dei
2500 2623 2566 2685 in
2617 2623 2852 2706 anima,
2889 2621 3132 2686 faciens
3173 2641 3310 2686 eam
3356 2621 3694 2704 diligenter
3731 2622 3831 2684 in-

2341 2721 2656 2803 vestigare
2691 2741 2765 2785 ac
2805 2739 3066 2784 noscere
3109 2719 3538 2803 semetipsam,
3569 2727 3634 2782 et
3661 2721 3830 2784 mala

2340 2839 2455 2883 sua
2483 2838 2628 2901 quae
2657 2827 2840 2882 antea
2870 2838 2998 2883 non
3029 2817 3329 2900 cognovit
3362 2838 3376 2883 :
3410 2837 3538 2900 qua
3567 2838 3695 2900 quo
3725 2818 3831 2882 ho-

2341 2937 2447 2982 mo
2483 2918 2805 3000 copiosius
2844 2919 3116 3000 desuper
3153 2916 3537 2995 illustratur,
3568 2937 3643 2981 eo
3680 2917 3828 2980 sub-

739 3024 805 3080 et
844 3015 1217 3098 frequenter
1252 3014 1498 3077 Sanctis
1529 3033 1779 3093 vovere,
1812 3025 1871 3076 et
1904 3025 2048 3093 post
2083 3027 2230 3078 vota
2261 3015 2305 3080 C
2341 3017 2517 3080 tilius
2562 3016 2866 3080 interiora
2911 3036 3026 3079 sua
3055 3023 3392 3079 scrutatur.
3426 3015 3585 3080 Hinc
3615 3015 3681 3078 in
3709 3015 3824 3079 Job

740 3113 1207 3179 rationabiliter
1256 3112 1420 3176 facta
1468 3123 1842 3184 retractare,
1875 3114 1939 3176 id
1981 3122 2097 3190 est,
2136 3133 2232 3178 ea-

742 3214 886 3276 dem
933 3230 1249 3288 revocare,
1294 3230 1423 3275 non
1466 3211 1816 3294 adimplere
1859 3231 1975 3296 pro
2017 3231 2226 3294 posse,

742 3330 941 3394 quum
991 3310 1386 3374 necessitatis
1434 3310 1516 3373 sit
1556 3318 1703 3374 vota
1749 3310 2017 3394 implere
2052 3329 2065 3373 :
2104 3312 2232 3374 imo

742 3409 953 3490 majus
996 3416 1325 3491 peccatum
1364 3417 1481 3486 est,
1510 3410 1860 3473 secundum
1899 3410 2231 3487 Thomam‚

746 3507 974 3572 fractio
1022 3507 1175 3584 voti,
1204 3527 1396 3590 quam
1441 3508 1804 3590 juramenti.
1838 3545 1916 3555 —
1944 3511 2236 3588 Dissipat

744 3610 978 3685 impios
991 3627 1111 3667 rem
1126 3610 1407 3686 sapien3‚
1428 3625 1536 3671 eos
1565 3606 1943 3672 debellando
1974 3615 2083 3670 aut
2107 3626 2239 3670 cor-

747 3705 1053 3788 rigend03
1095 3717 1156 3767 ec
1189 3708 1494 3768 incurvat
1529 3727 1725 3784 super
1752 3727 1852 3767 eos
1895 3708 2233 3785 fornicem,

748 3804 814 3867 id
843 3813 958 3882 est,
994 3824 1212 3868 arcum
1247 3805 1697 3888 triumphalem
1729 3806 1822 3870 eis
1853 3805 2147 3879 intentat,
2169 3805 2236 3867 in

750 3903 1002 3983 signum
1052 3902 1334 3966 victoriae
1372 3922 1565 3985 super
1608 3921 1738 3966 eos.
1763 3903 1941 3966 Unde
1981 3913 2044 3966 et
2089 3902 2236 3966 Saul

752 4001 959 4085 primo
987 4003 1224 4080 Regum
1268 4001 1577 4065 fornicem
1622 4001 2074 4085 triumphalem
2114 4003 2239 4066 sibi

753 4100 985 4181 legitur
1013 4100 1311 4163 erexisse.

2338 3115 2646 3178 asseritur
2679 3135 2693 3179 :
2738 3114 2812 3176 Ut
2843 3115 3050 3192 vide0,
3085 3113 3348 3196 spiritus
3387 3123 3484 3178 est
3522 3113 3589 3176 in
3627 3112 3827 3176 homi·
3896 3136 4008 3180 :oa
4031 3152 4192 3189 um,

2345 3233 2446 3291 ne,
2481 3222 2543 3277 et
2572 3213 2910 3296 inspiratio
2950 3212 3415 3295 omnipotentis
3455 3214 3563 3276 dat
3593 3213 3828 3276 intelli·
3857 3202 3901 3242 ⁸·

2341 3313 2646 3394 gentiam.

2429 3413 2882 3474 Misericordia
2927 3421 2987 3472 et
3036 3414 3274 3471 veritas
3319 3413 3689 3473 custodiunt
3734 3432 3830 3472 νε-
3973 3423 4074 3479 28

2339 3531 2484 3590 yem
2525 3511 2593 3572 in
2639 3509 2844 3588 gratia
2887 3508 3019 3587 Dei,
3053 3517 3114 3572 et
3165 3515 3555 3592 praeservant
3601 3528 3746 3572 eum
3794 3529 3834 3572 a

2347 3607 2618 3673 diversis
2675 3607 2978 3690 periculis
3035 3626 3108 3670 ac
3166 3615 3368 3670 morte
3425 3615 3680 3684 aeterna,
3743 3606 3837 3669 fa-

2349 3708 2656 3788 ciuntque
2697 3725 2846 3768 eum
2889 3706 3015 3768 Deo
3049 3713 3240 3787 atque
3273 3705 3637 3768 hominibus
3673 3725 3838 3769 ama-

2350 3806 2570 3882 bilem,
2606 3803 3130 3886 complacentem,
3166 3812 3499 3886 acceptum
3543 3825 3557 3869 :
3602 3803 3834 3867 intelli-

2350 3906 2556 3986 gendo
2589 3903 2848 3966 nomine
2888 3903 3174 3967 veritatis
3208 3901 3521 3984 justitiam
3552 3921 3568 3966 :
3602 3903 3838 3985 quibus

2349 4003 2540 4066 debet
2571 4001 2908 4085 prudentia
2946 4021 3084 4064 esse
3123 4001 3421 4078 admixta,
3463 4011 3534 4064 ut
3573 4011 3840 4084 utraque

2351 4123 2466 4186 per
2507 4101 2959 4166 discretionem
3009 4110 3542 4184 contemperetur.
3591 4100 3844 4184 Specia-

832 4204 1129 4262 Lucerna
1169 4200 1439 4260 Domini
1477 4201 1883 4276 spiraculum
1930 4202 2238 4269 hominis,
2271 4202 2321 4263 D
2351 4202 2496 4265 liter
2529 4211 2741 4264 tamen
2782 4200 3216 4263 misericordia
3258 4207 3444 4263 ornat
3481 4219 3554 4263 ac
3597 4199 3842 4262 stabilit

754 4298 817 4361 id
856 4305 972 4374 est,
1009 4295 1271 4378 spiritus
1304 4315 1415 4358 seu
1457 4296 1670 4359 anima
1709 4296 1988 4360 hominis
2020 4305 2116 4359 est
2149 4296 2243 4360 lu-

754 4414 943 4459 cerna
980 4393 1254 4471 Domini,
1293 4393 1355 4455 id
1386 4401 1483 4456 est
1512 4411 1610 4456 res
1652 4393 2011 4457 illuminata
2043 4414 2081 4456 a
2116 4396 2243 4459 Dco

754 4493 999 4557 lumine
1046 4491 1483 4568 intellectuali,
1532 4492 1868 4556 continens
1920 4494 1987 4555 in
2036 4513 2105 4556 se
2149 4495 2244 4557 lu-

753 4612 902 4657 men
940 4589 1183 4672 ingenii
1214 4599 1406 4673 atque
1447 4591 1831 4674 synderesis
1865 4591 1950 4655 De
1978 4610 2108 4673 quo
2147 4593 2245 4654 lu-

754 4693 928 4756 mine
959 4689 1161 4754 fertur
1190 4690 1257 4752 in
1287 4688 1895 4769 Psalmo,Signatum
1925 4698 2023 4752 est
2052 4711 2246 4774 super

755 4810 871 4855 nos
914 4791 1131 4852 lumen
1179 4788 1395 4852 vultus
1444 4788 1561 4864 tui,
1595 4787 1863 4851 Domine
1890 4808 1904 4852 :
1931 4788 2083 4870 quia
2123 4789 2244 4852 hoc

756 4889 973 4951 lumen
1014 4887 1323 4961 naturale,
1358 4894 1456 4948 est
1485 4886 1801 4967 quoddam
1844 4886 2242 4966 signaculum

756 4995 948 5069 atque
978 4985 1315 5068 impressio
1349 4984 1647 5047 increatae
1688 4984 1850 5047 lucis
1897 4983 1962 5047 in
2001 4987 2240 5048 anima.

755 5087 945 5150 Porro
977 5083 1190 5147 anima
1222 5081 1579 5165 appellatur
1617 5082 2032 5164 spiraculum,
2066 5085 2246 5167 juxta

757 5185 916 5248 illud
947 5183 1261 5246 Geneseos
1296 5201 1310 5245 ε
1344 5181 1679 5264 Inspiravit
1719 5182 1785 5244 in
1830 5182 2056 5247 faciem
2102 5184 2243 5266 ejus

756 5282 1147 5367 spiraculum
1195 5279 1363 5344 vitae.
1400 5279 1579 5344 Unde
1628 5279 1694 5343 in
1732 5279 1892 5344 Isaia
1936 5281 2242 5346 Dominus

2353 4320 2588 4382 regem.
2641 4299 2819 4362 Unde
2868 4299 3280 4380 subjungitur
3331 4315 3346 4360 t
3396 4308 3457 4359 et
3501 4301 3843 4360 roboratur

2350 4400 2690 4460 clementia
2720 4400 2987 4458 thronus
3015 4395 3301 4474 ejus.Est
3328 4403 3536 4458 autem
3571 4396 3844 4460 clemen-

2352 4497 2461 4573 tia,
2503 4497 2706 4560 virtus
2749 4514 2876 4577 qua
2919 4513 3108 4576 poena
3149 4493 3493 4557 dimittitur
3533 4502 3642 4556 aut
3678 4492 3844 4578 laxa-

2351 4600 2456 4656 tur
2489 4613 2503 4658 :
2539 4595 2711 4677 quod
2764 4593 2830 4655 in
2871 4591 3108 4667 dubiis,
3143 4600 3206 4654 et
3253 4592 3530 4674 peccatis
3578 4611 3722 4674 quae
3765 4611 3842 4656 ex

2354 4690 2712 4772 ignorantia
2739 4696 2851 4753 aut
2889 4689 3268 4753 infirmitate
3297 4689 3636 4753 commissa
3665 4700 3837 4766 sunt,

2353 4790 2554 4871 magis
2581 4790 2898 4872 agendum
2928 4797 3044 4852 est.
3080 4789 3237 4851 Hinc
3269 4787 3514 4851 Tullius
3548 4789 3610 4850 in
3642 4789 3843 4852 laudi-

2355 4888 2472 4950 bus
2497 4889 2650 4950 Julii
2680 4888 2770 4950 ait
2796 4886 3018 4950 :Nulla
3061 4895 3122 4950 te
3152 4887 3354 4952 virtus
3399 4895 3527 4950 tam
3557 4896 3842 4969 accepta-

2353 4986 2548 5050 bilem
2591 4987 2824 5062 reddit,
2861 4995 2932 5048 ut
2970 4993 3077 5048 tua
3117 4985 3477 5048 clementia.

2436 5088 2804 5147 Eoesultatio
2812 5086 3164 5162 juvenum,
3177 5085 3495 5161 fortitudo
3513 5104 3758 5152 eorum,
3776 5084 3840 5147 id
3969 5099 4064 5154 29

2353 5191 2470 5261 est,
2513 5185 2592 5247 de
2621 5202 2736 5244 sua
2765 5181 3076 5262 corporali
3117 5180 3494 5245 fortitudine
3523 5181 3840 5265 praecipue

2351 5281 2559 5346 solent
2591 5280 2791 5346 laetari
2827 5301 2841 5346 :
2877 5299 3068 5364 quam
3099 5287 3164 5343 et
3191 5297 3304 5362 per
3331 5279 3581 5343 diversa
3603 5279 3839 5344 exerci-
