4284 6267
28 4924 30 4929 ,
107 4879 154 4921 ιε.

1065 488 1414 535 BNARRATIO
1456 487 1521 534 m
1562 487 1699 534 CAP-
1747 488 1768 532 l
1808 487 2289 535 Pnovnnmonun.
2338 510 2418 519 -
2458 492 2598 538 Am.
2645 494 2666 537 1

3338 477 3414 540 125

84 678 286 726 mutu.
311 659 614 723 Dixerunt
659 660 808 735 De0,
846 660 1090 724 Recede
1137 680 1175 723 a
1224 659 1433 737 nobiS,
1469 658 1806 722 scientiam
1840 660 1892 721 A
1922 660 2086 724 fatas
2133 663 2487 725 attenderet
2539 682 2553 726 :
2605 664 3143 744 quemadmodum
3194 663 3261 726 in
3311 664 3409 727 Je-

311 758 554 821 viarum
604 766 863 823 tuarum
915 759 1236 823 nolumus.
1290 758 1337 823 0
1383 777 1579 840 quam
1620 757 1807 822 multi

310 866 450 918 sunt
487 857 674 935 tales,
709 860 821 940 qui
855 878 1072 923 veram
1111 857 1574 942 expositionem
1616 866 1809 919 arctae

309 956 424 1019 viae
461 956 692 1019 salutis
731 956 954 1020 audire
993 958 1354 1032 exhorrent,
1388 974 1627 1038 eosque
1656 956 1807 1018 dili-

309 1064 464 1133 gunt
502 1075 540 1116 a
583 1056 826 1137 quibus
867 1055 1330 1139 complacentia
1369 1074 1500 1118 suae
1539 1054 1811 1118 carnali—

312 1153 419 1215 tati
447 1154 852 1236 vanitatique
877 1155 1174 1218 audiunt!
1197 1155 1282 1219 De
1319 1153 1554 1236 quibus
1584 1153 1804 1218 isaias:

93 1251 536 1315 imao-Dicunt
595 1253 1105 1336 adspicientibus
1160 1272 1174 1317 :
1229 1252 1436 1316 Nolite
1481 1251 1812 1336 adspicere

316 1351 496 1413 nobis
521 1371 602 1415 ea
627 1372 778 1434 quae
815 1360 988 1416 recta
1015 1360 1204 1431 sunt3
1252 1350 1593 1433 loquimini
1627 1348 1811 1413 nobis

315 1448 652 1531 placentia,
687 1450 901 1515 videte
931 1449 1116 1513 nobis
1144 1468 1412 1513 errores,
1441 1450 1596 1512 Hinc
1627 1448 1815 1513 Sene-

315 1566 388 1609 ca
413 1548 480 1609 in
510 1558 743 1630 quarta
781 1549 864 1610 ad
893 1548 1210 1611 Lucilium
1241 1547 1466 1612 scribit
1493 1546 1809 1629 epistola:

317 1646 770 1710 Auctoritatem
830 1646 1138 1710 habemus
1187 1665 1437 1723 sonum,
1491 1645 1602 1709 sed
1659 1644 1815 1710 vitia

321 1762 685 1826 puerorum,
719 1747 852 1809 imo
879 1753 945 1807 et
974 1743 1344 1808 infantium.

1921 760 2120 823 remia
2168 760 2456 837 habetur,
2506 760 2963 824 Induraverunt
3027 761 3258 825 faciem
3306 782 3412 825 su·
3468 783 3678 834 Jer.v‚a.

1917 878 2018 921 arn
2070 878 2264 941 supra
2322 867 2587 940 petram,
2640 867 2703 920 et
2759 861 3104 923 noluerunt
3152 861 3410 925 reverti.

1917 958 2309 1035 Hespe-xistis
2338 978 2521 1019 omne
2548 960 2892 1020 eonsilium
2922 980 3159 1028 meum,
3209 959 3273 1021 id
3322 968 3419 1023 est
3543 965 3614 1019 25

1917 1057 2387 1119 exhortationes
2430 1074 2574 1137 quae
2633 1056 2700 1118 in
2744 1056 2982 1121 divinis
3033 1057 3204 1121 fiunt
3253 1059 3416 1123 Scri-

1921 1154 2147 1235 pturis,
2194 1163 2258 1216 et
2304 1154 2573 1219 consilia
2621 1174 2765 1236 quae
2815 1156 2960 1219 dedi
3010 1158 3087 1220 de
3136 1158 3414 1222 vitandis

1920 1252 2364 1316 occasionibus
2401 1254 3001 1333 transgressionum,
3050 1275 3122 1319 ac
3160 1257 3239 1319 de
3276 1274 3423 1339 ope-

1924 1351 2100 1437 ribus
2130 1350 2734 1435 supererogationiS,
2759 1352 3131 1435 evangelica
3160 1373 3419 1437 quoque

1923 1449 2191 1514 consilia
2239 1449 2498 1513 Christi.
2543 1450 2718 1512 Unde
2767 1451 2998 1514 Paulus
3048 1453 3350 1516 disseruit
3398 1471 3412 1516 ε

1926 1548 2059 1612 Non
2121 1547 2503 1629 subterfugi,
2568 1550 2912 1630 quominus
2970 1552 3420 1616 annuntiarem
3456 1570 3714 1622 Aet.xx,2·1.

1925 1647 2106 1712 vobis
2137 1665 2325 1711 omne
2364 1646 2705 1710 consilium
2748 1648 2881 1711 Dei.
2916 1652 3002 1711 Et
3036 1653 3422 1731 increpatio-

1927 1767 2036 1807 nes
2086 1767 2277 1818 meas,
2311 1745 2545 1827 quibus
2599 1764 2715 1827 per
2760 1746 2956 1810 verba
3002 1757 3112 1811 aut
3159 1749 3425 1815 verbera

154 1834 212 1889 ²3
415 1846 898 1907 Convertimini
939 1846 1026 1905 ad
1074 1846 1536 1921 correptionem
1586 1864 1814 1914 meam,
1855 1846 1901 1907 B
1933 1844 2222 1925 redargui
2269 1843 2425 1906 vitia
2467 1852 2699 1919 vestra,
2734 1849 3132 1923 neyleoeisti3‚
3168 1867 3297 1912 non
3348 1858 3430 1911 at-

318 1942 378 2005 id
415 1951 534 2019 est,
561 1943 780 2007 verbis
819 1942 1246 2025 correptionis
1275 1951 1340 2005 et
1380 1940 1816 2023 castigationis

315 2060 468 2106 meae
494 2042 960 2125 obtemperate,
994 2050 1058 2105 et
1090 2040 1329 2104 dociles
1358 2060 1432 2103 ac
1460 2038 1816 2120 dirigibiles

316 2158 420 2203 vos
461 2140 768 2223 praebete.
804 2142 913 2202 En
932 2140 1275 2219 proferam
1305 2140 1479 2200 vobis
1506 2139 1820 2215 spiritum

317 2260 549 2307 meum,
574 2240 638 2302 id
683 2248 803 2316 est,
828 2238 1030 2302 animi
1075 2238 1200 2301 mei
1245 2245 1654 2319 conceptum,
1689 2236 1823 2318 spi-

317 2337 745 2421 ritualemque
776 2338 1195 2413 intellectum,
1215 2354 1326 2399 seu
1348 2335 1658 2417 Spiritum
1684 2334 1834 2398 San·

312 2446 484 2500 ctum
519 2437 714 2503 vobis
753 2435 1099 2499 infundere
1137 2454 1282 2497 sum
1322 2442 1610 2518 paratuS,
1638 2434 1825 2496 dum-

317 2538 504 2599 modo
536 2536 714 2619 quod
740 2535 806 2598 in
829 2534 1013 2599 vobis
1037 2544 1134 2597 est.
1167 2532 1437 2596 faciatis
1453 2532 1594 2595 Alia
1620 2531 1828 2595 littera

321 2636 510 2699 babet
548 2653 563 2697 ε
599 2634 931 2698 Proferam
977 2632 1156 2697 vobis
1195 2631 1548 2694 vindictam
1594 2649 1828 2708 meam,

321 2734 384 2796 id
410 2742 532 2811 est,
569 2742 880 2799 aeternam
917 2730 1398 2794 damnationem
1442 2730 1832 2812 praenuntia-

324 2833 424 2909 bo,
444 2842 516 2896 ut
547 2831 764 2897 velex
792 2830 1022 2894 timore
1055 2829 1316 2893 cessetis
1346 2847 1636 2912 peccare.
1659 2827 1838 2891 Solet

324 2932 566 2995 etenim
599 2930 871 3011 spiritus
910 2947 1026 3012 pro
1070 2927 1536 3007 indignatione,
1571 2926 1687 3002 ira,
1722 2944 1836 2989 seu

1935 1942 2272 2014 tendendo,
2326 1949 2435 2003 aut
2482 1942 2785 2006 velociter
2832 1944 3291 2010 obliviscend0.
3343 1948 3430 2011 De

1937 2040 2171 2102 talibus
2203 2039 2749 2120 incorrigibilibus
2779 2051 2843 2105 et
2871 2042 3184 2107 induratis
3223 2045 3429 2109 diffu-

1938 2157 2004 2201 se
2035 2137 2319 2221 loquitur
2347 2138 2684 2203 Dominus:
2710 2141 2882 2219 Dedi,
2902 2141 3223 2224 inquienS‚
3249 2146 3431 2209 vobis
3477 2164 3724 2215 maome,

1937 2246 2264 2319 stuporem
2295 2237 2603 2314 dentium,
2630 2247 2693 2302 et
2720 2239 3135 2321 indigentiam
3168 2262 3424 2325 panum,
3463 2230 3502 2277 ⁷’
3524 2229 3563 2268 ⁹·

1939 2344 2001 2398 et
2049 2336 2344 2419 prohibui
2388 2356 2425 2398 a
2479 2336 2661 2400 vobis
2708 2336 2999 2415 imbrem,
3041 2349 3105 2403 et
3146 2342 3431 2422 percussi

1943 2453 2054 2498 vos
2084 2442 2275 2499 vento
2318 2443 2539 2498 urente
2576 2443 2639 2497 et
2678 2436 2989 2516 aurugine
3010 2456 3026 2518 3
3080 2447 3143 2503 et
3173 2458 3302 2503 non
3335 2459 3433 2504 re-

1940 2532 2126 2596 distis
2158 2535 2236 2596 ad
2268 2552 2391 2595 me.

2037 2635 2172 2710 Eyo
2216 2652 2463 2713 quoque
2504 2634 2577 2693 in
2620 2634 2895 2695 interitu
2942 2645 3142 2697 vestro
3184 2640 3431 2711 ridebO,
3563 2646 3634 2713 26

1944 2731 2011 2794 id
2058 2738 2175 2808 est,
2229 2750 2342 2813 per
2384 2730 2643 2793 modum
2694 2732 2960 2795 ridentis
3010 2754 3086 2797 ac
3128 2736 3438 2800 consolati

1942 2829 2193 2893 habebo
2238 2848 2340 2893 me
2384 2828 2449 2891 in
2501 2838 2703 2893 morte
2748 2840 2976 2908 vestra,
3016 2842 3079 2895 et
3122 2833 3186 2895 in
3229 2844 3439 2899 vestro

1946 2927 2313 3012 particulari
2341 2928 2583 3009 judicio
2615 2947 2686 2992 ac
2718 2930 3255 3012 condemnatione,
3274 2952 3443 2997 exer-

327 3031 576 3095 ultione
617 3028 826 3111 accipi
857 3027 926 3090 in
957 3026 1325 3108 ScripturiS,
1359 3026 1537 3108 juxta
1572 3024 1734 3087 illud
1769 3024 1836 3085 in
1866 3030 1910 3094 C
1947 3027 2150 3090 cendo
2192 3027 2260 3089 in
2304 3026 2485 3090 vobis
2528 3045 2674 3090 cum
2713 3028 2947 3109 gaudio
2990 3028 3301 3093 effectum
3339 3032 3444 3113 ju·

85 3142 300 3193 mmm.
325 3129 440 3193 Iob
475 3147 490 3191 z
524 3129 678 3193 Vidi
713 3128 972 3209 iniquos
1001 3124 1270 3189 Domino
1302 3123 1504 3188 flante
1545 3122 1834 3206 periisse,

328 3238 390 3291 et
435 3227 680 3311 spiritu
732 3226 843 3289 irae
888 3224 1028 3307 ejus
1079 3242 1218 3287 esse
1265 3230 1703 3304 consumptos.
1753 3224 1840 3283 Et

326 3330 666 3389 ostendam
699 3326 876 3386 vobis
904 3325 1096 3384 verba
1127 3344 1266 3384 mea
1304 3323 1384 3384 ad
1423 3329 1704 3385 vestram
1745 3339 1843 3383 sa—

329 3426 532 3489 lutem
574 3423 957 3508 spectantia.

163 3525 221 3580 2⁴
429 3526 610 3595 Quia
657 3523 902 3589 vocavi,
953 3520 1018 3583 id
1076 3527 1194 3594 est,
1246 3519 1442 3581 variis
1501 3517 1706 3583 modis
1764 3516 1841 3579 ad

329 3622 857 3687 emendationem
885 3628 950 3683 et
987 3617 1430 3701 poenitentiam
1461 3636 1572 3682 vos
1616 3616 1846 3680 invita-

331 3721 392 3785 vi
419 3742 498 3787 ac
537 3720 800 3797 monui,
833 3738 948 3802 per
979 3717 1358 3781 instinctum
1387 3716 1705 3792 divinum,
1732 3734 1846 3798 per

330 3822 662 3903 angelicas
713 3817 1192 3901 inspirationes»,
1237 3835 1352 3897 per
1399 3814 1734 3899 Apostolos
1784 3822 1847 3877 et

331 3920 710 4003 Prophetas,
765 3936 881 3999 per
925 3915 1222 3998 praelatos
1265 3922 1328 3977 et
1375 3912 1841 3994 praedicatore&

333 4038 404 4081 ac
450 4018 796 4102 proximos
844 4016 1184 4091 virtuosoS,
1236 4023 1296 4073 et
1339 4013 1648 4074 renuistis
1693 4030 1846 4075 con-

334 4116 518 4181 verti.
574 4115 880 4179 Eoecendi
930 4132 1203 4174 manum
1248 4130 1480 4183 meam,
1530 4108 1850 4173 beneficia

1949 3126 2138 3190 stitiae
2171 3145 2326 3189 meae
2361 3142 2375 3187 :
2406 3125 2584 3207 juxta
2614 3125 2796 3201 illud,
2831 3127 3219 3192 Consolabor
3248 3149 3443 3213 super
3508 3144 3567 3188 1⁸.
3590 3158 3617 3195 ι,
3645 3146 3713 3186 24-

1952 3223 2240 3286 hostibus
2288 3223 2470 3301 meiS,
2512 3232 2576 3287 et
2618 3224 2992 3289 vindicabor
3034 3228 3113 3291 de
3161 3227 3443 3293 inimicis

1953 3322 2134 3385 meiS.
2174 3326 2255 3385 Εἰ
2283 3325 2729 3385 subsannabo:
2764 3322 2943 3404 juxta
2985 3344 3244 3391 sensum
3285 3347 3443 3410 prae-

1953 3429 2237 3500 tactum3
2294 3441 2493 3501 quum
2546 3422 2714 3482 vobis
2762 3424 2835 3483 id
2880 3428 3051 3503 quod
3100 3428 3440 3498 timebatis,

1955 3521 2313 3585 advenerit,
2345 3518 2591 3581 scilicet
2623 3518 2838 3582 debita
2872 3538 3061 3602 poena
3092 3542 3207 3605 pro
3236 3526 3443 3609 culpis

1955 3616 2205 3681 vestris,
2229 3617 2387 3680 Hinc
2438 3617 2742 3681 Dominus
2792 3628 3229 3687 contestatur:
3265 3626 3447 3689 Com·
3508 3647 3739 3699 azecha,

1957 3718 2147 3800 plebo
2197 3715 2477 3781 furorem
2526 3735 2762 3795 meum,
2796 3728 2859 3781 et
2906 3720 3304 3803 requiescere
3357 3724 3450 3787 fa·
3480 3713 3543 3754 ¹³·

1956 3815 2120 3879 ciam
2152 3814 2655 3894 indignationem
2686 3834 2915 3895 meam,
2953 3828 3015 3881 et
3043 3822 3443 3886 consolabor.

1957 3915 2085 3977 Hoc
2111 3915 2243 3996 jam
2279 3922 2427 3976 ante
2456 3913 2859 3977 Salomonem
2898 3925 3076 3998 pater
3105 3921 3244 4001 ejus
3284 3922 3448 3985 dixit

1960 4015 2027 4076 in
2056 4013 2304 4076 Psalmo
2338 4029 2351 4074 :
2386 4011 2502 4086 Qui
2532 4011 2779 4075 habitat
2815 4015 2883 4075 in
2918 4015 3119 4095 eoelis,
3158 4017 3450 4084 irridebit
3482 4035 3557 4079 1²·-
3578 4048 3621 4085 ιι,
3642 4037 3741 4087 ⁴.⁵.

1959 4130 2090 4186 eOS,
2139 4119 2204 4174 et
2251 4110 2557 4174 Dominus
2615 4109 3033 4175 subsannabit
3091 4133 3222 4178 eos.
3276 4118 3452 4183 Tunc

334 4216 702 4297 largiendo,
756 4220 822 4275 et
869 4230 984 4293 per
1030 4211 1299 4274 adversa
1349 4217 1612 4291 paterne
1660 4209 1850 4271 casti·
1879 4212 1928 4273 D
1960 4212 2257 4292 loquetur
2284 4210 2362 4272 ad
2392 4228 2501 4272 eos
2532 4208 2600 4271 in
2630 4208 2729 4271 ira
2757 4228 2886 4286 sua,
2900 4218 2963 4274 et
2991 4211 3057 4273 in
3090 4212 3306 4279 furore
3335 4236 3451 4281 suo

332 4316 544 4395 gando
582 4332 597 4375 :
645 4313 772 4375 hoc
801 4318 918 4385 est,
945 4315 1324 4392 potestatem
1355 4326 1563 4370 meam
1592 4308 1853 4370 demon-

336 4413 533 4477 stravi
589 4412 666 4473 in
697 4408 884 4475 vobis
929 4426 1044 4490 per
1087 4426 1394 4489 prospera
1431 4414 1492 4468 et
1536 4407 1849 4470 adversa:

337 4520 668 4594 quatenus
715 4526 830 4590 per
866 4524 1174 4588 prospera
1203 4523 1317 4568 vos
1355 4505 1436 4567 ad
1475 4503 1852 4586 obsequium

339 4630 554 4674 meum
588 4606 954 4682 allicerem,
991 4612 1054 4667 et
1085 4622 1229 4666 mea
1255 4602 1518 4666 caritate
1554 4603 1856 4665 accende-

341 4729 468 4773 rem
497 4728 516 4791 ;
549 4716 676 4772 aut
707 4725 826 4789 per
852 4705 1121 4768 adversa
1151 4712 1450 4767 terrerem
1481 4710 1546 4764 et
1575 4701 1855 4765 illustra-

133 4814 314 4869 12.uvm.
341 4828 498 4884 rem,
555 4809 654 4870 ita
709 4804 884 4886 quod
936 4802 1182 4866 vexatio
1228 4800 1411 4866 vobis
1463 4800 1856 4864 intellectum

141 4942 315 4993 hm,
341 4906 680 4973 conferret
719 4921 734 4965 :
762 4904 944 4986 juxta
983 4901 1166 4978 illud,
1200 4899 1535 4980 castigabo
1569 4908 1629 4963 te
1661 4900 1730 4962 in
1768 4900 1861 4981 ju-

109 5007 158 5047 ¹¹·
342 5008 535 5085 dicio,
591 5014 673 5069 ut
725 5022 856 5067 non
906 5000 1024 5064 tibi
1075 5000 1349 5065 videaris
1410 5000 1732 5063 innoxius,
1784 4998 1863 5061 Et

125 5114 303 5167 ‘mm
341 5107 498 5171 Osee
545 5104 648 5168 ait
693 5123 709 5167 z
764 5100 1018 5183 Sepiam
1069 5099 1236 5164 viam
1286 5108 1459 5162 tuam
1511 5098 1738 5180 spinis.
1775 5101 1862 5160 Et

343 5228 470 5267 non
517 5206 676 5283 fuit
726 5202 846 5283 qui
890 5200 1266 5277 adspiceret,
1311 5198 1374 5259 id
1422 5206 1538 5275 est,
1583 5204 1862 5261 mentem

345 5326 526 5377 suam
559 5304 648 5368 ad
681 5320 791 5365 me
820 5298 1146 5379 dirigeret,
1179 5306 1242 5361 et
1273 5296 1669 5360 visitationes
1701 5314 1864 5378 prae-

1961 4307 2369 4372 conturbabit
2397 4325 2527 4370 eos·

2045 4410 2257 4476 Quum
2299 4408 2573 4467 irruerit
2608 4408 2947 4484 repentina
2992 4413 3355 4483 calamita&
3388 4413 3449 4477 id
3576 4422 3647 4477 27

1963 4513 2059 4569 est
2088 4504 2507 4587 improvisum
2540 4503 2896 4586 periculum
2928 4525 3000 4570 ac
3037 4515 3443 4592 tormentum,

1963 4614 2022 4665 et
2068 4604 2373 4664 interitu-s
2420 4604 2609 4683 quasi
2670 4613 2999 4681 tempestas
3048 4609 3374 4685 inqruerit
3428 4634 3450 4673 .·

1963 4703 2142 4784 juxta
2170 4700 2330 4763 illud
2363 4700 2428 4762 in
2458 4700 2706 4764 Psalmo
2732 4700 3094 4775 :Quomodo
3122 4704 3274 4769 facti
3304 4720 3453 4775 sunt
3515 4734 3591 4778 με.
3614 4748 3739 4787 mu.

1967 4801 2034 4863 in
2064 4798 2559 4863 desolationem?
2604 4799 2827 4864 Subito
2856 4800 3233 4866 defecerunt
3253 4824 3270 4887 3
3313 4828 3453 4890 per·
3483 4800 3549 4841 ¹⁹·

1969 4901 2182 4963 ierunt
2212 4906 2471 4981 propter
2502 4896 2905 4979 iniquitatem
2935 4920 3137 4966 suam.
3183 4908 3452 4974 Quando

1971 5000 2217 5060 venerit
2260 5017 2453 5075 super
2504 5018 2609 5058 vos
2658 4999 3017 5071 tribulatiO,
3044 5010 3104 5062 et
3146 5010 3451 5081 angustia

1970 5096 2180 5161 cordis
2210 5104 2274 5159 et
2313 5095 2598 5178 corporis
2634 5115 2647 5159 :
2682 5096 2853 5178 quod
2898 5098 3220 5182 praecipue
3262 5102 3339 5165 fit
3386 5106 3453 5169 in

1971 5204 2195 5270 morte,
2238 5212 2381 5275 quae
2426 5192 2607 5255 miris
2656 5201 2719 5255 et
2762 5192 3209 5261 ineffabilibus
3250 5204 3457 5267 modis

1968 5294 2284 5368 molestat,
2326 5292 2581 5375 premit,
2629 5310 2702 5355 ac
2748 5290 3011 5356 tribulat
3056 5297 3455 5367 morientem.
