4284 6267
498 786 652 837 Genu,
673 789 710 829 l.

483 983 560 1026 Pa.
574 997 628 1035 ei,
643 985 710 1029 2⁶.

557 1260 631 1316 24

466 2462 481 2507 Ι
496 2464 601 2507 Cor.
619 2477 648 2515 ι,
659 2464 726 2508 24.

563 3044 633 3099 25

560 3344 632 3398 26

567 4226 638 4281 27

469 4924 552 4969 Job
566 4939 736 4979 xxxvm.

471 4990 512 5039 8,
537 4990 600 5040 ¹0,
626 4992 690 5033 Η.

757 480 838 545 58

1409 500 1758 546 BNARRATio
1801 499 1862 545 m
1905 498 2044 546 GAP.
2077 499 2186 544 VH!
2228 498 2711 545 Pnovnnmonux.
2757 516 2838 527 --
2877 498 3020 545 Anr.
3052 499 3160 545 vlu

758 669 1023 733 cularia.
1073 670 1232 734 Hinc
1282 670 1576 734 subditur
1619 691 1634 735 ε
1676 681 2026 750 antequam
2075 679 2245 731 terra
2276 670 2329 732 A
2358 686 2468 749 ges
2522 677 2839 733 tumentes
2888 668 3125 733 fluctus
3166 678 3331 733 tuos.
3365 670 3509 733 Ideo
3548 671 3636 733 ait
3676 670 3845 733 Psal-

757 774 976 847 fieret:
1001 769 1082 832 de
1108 789 1238 852 qua
1278 770 1528 852 legitur,
1562 769 1629 831 In
1658 769 1980 852 principio
2011 768 2250 833 creavit
2360 767 2548 830 mista
2590 769 2669 831 de
2717 769 2843 833 Deo
2877 789 2892 833 ε
2926 768 3329 850 Congregans
3376 769 3539 832 sicut
3586 769 3653 831 in
3701 778 3844 834 utre
3874 785 4173 830 ptam-‚⁷-

759 868 922 930 Deus
963 868 1194 931 coelum
1232 876 1294 930 et
1335 877 1604 947 terram3
1634 877 1826 950 atque
1867 868 1932 929 in
1975 867 2243 943 Psalm0,

758 966 944 1030 Initio
995 975 1083 1043 tu,
1147 966 1432 1041 Domine,
1487 976 1718 1029 terram
1779 966 2082 1030 fundasti.
2132 964 2247 1029 Vel

759 1064 1574 1146 spiritualiter‚Antequam
1609 1074 1772 1128 terra
1805 1064 2010 1140 fieret,
2033 1065 2095 1127 id
2127 1074 2243 1141 est,

757 1162 1130 1245 priusquam
1164 1162 1444 1226 Ecclesia
1475 1162 1880 1227 formaretur.

840 1264 1148 1323 Nondum
1188 1271 1375 1323 erant
1420 1264 1657 1339 abyssi,
1691 1262 1755 1324 id
1794 1270 1888 1325 est
1935 1264 2155 1340 maria,
2189 1275 2249 1326 et

755 1381 867 1437 eqo
885 1362 1040 1437 jam
1081 1372 1378 1438 concepta
1417 1382 1622 1432 eram,
1665 1361 1727 1423 id
1769 1370 1868 1423 est
1910 1362 2147 1443 genita.
2180 1363 2247 1426 ln

755 1457 1236 1540 simplicissimo
1285 1459 1456 1521 enim
1510 1459 1656 1534 Deo,
1697 1460 1864 1523 idem
1913 1468 2010 1524 est
2045 1463 2251 1524 conci-

752 1578 903 1641 pere
931 1566 994 1621 et
1023 1558 1303 1640 gignere,
1337 1558 1490 1641 quia
1521 1578 1647 1623 non
1678 1560 1937 1623 aliunde
1966 1560 2249 1642 concipit

749 1656 950 1732 Pater,
986 1655 1150 1719 sicut
1193 1656 1258 1718 in
1304 1657 1543 1721 carnali
1595 1658 2004 1737 generatione
2045 1666 2247 1721 mater

749 1754 1032 1837 concipit
1086 1775 1122 1817 a
1179 1764 1358 1838 patre
1419 1776 1530 1819 seu
1585 1757 1745 1819 viro.
1795 1756 1976 1821 Pater
2030 1765 2241 1820 autem

750 1862 1025 1917 aeternus
1075 1874 1144 1918 se
1193 1855 1405 1937 ipsum
1465 1856 1850 1919 aeternaliter
1895 1876 1969 1920 ae
2021 1876 2243 1939 super·
2283 1852 2328 1914 B

748 1952 1123 2035 plenissime
1168 1962 1231 2016 et
1286 1953 1757 2017 invariabiliter
1816 1955 2126 2019 intuendo
2175 1975 2247 2019 ac

752 2051 1191 2132 intelligendo,
1227 2052 1289 2115 id
1334 2053 1507 2134 quod
1547 2052 1614 2115 in
1646 2072 1714 2117 se
1745 2054 2028 2118 intuetur
2055 2063 2249 2136 atque

755 2150 1076 2231 intelligit,
1111 2150 1230 2215 hoe
1277 2151 1342 2213 in
1387 2171 1454 2215 se
1495 2153 1798 2233 concipit,
1842 2151 2087 2234 profert
2135 2173 2247 2215 seu

756 2248 962 2329 gignit
995 2269 1008 2315 :
1045 2257 1111 2313 et
1140 2250 1259 2314 hoc
1288 2259 1384 2313 est
1412 2250 1689 2313 Verbum
1735 2251 1876 2331 ejus
1915 2260 2244 2326 internum,

759 2346 1045 2430 perfecta
1071 2357 1135 2411 et
1161 2348 1350 2431 plena
1375 2368 1450 2411 ac
1480 2349 1786 2412 naturalis
1817 2350 2026 2432 imago
2049 2351 2249 2413 Patris

758 2446 994 2525 genita,
1027 2455 1092 2510 et
1130 2446 1390 2510 infinita
1433 2448 1748 2530 sapientia
1785 2450 1928 2530 ejus
1963 2466 1978 2511 ε
2013 2449 2076 2510 in
2120 2468 2251 2531 quo

758 2544 968 2607 Verbo
996 2552 1232 2607 aeterno
1271 2545 1662 2626 plenissime,
1695 2547 2011 2629 quidquid
2050 2548 2251 2610 Patris

759 2650 878 2715 est,
913 2641 1296 2724 resplendet.
1334 2646 1624 2707 Necdum
1668 2648 1878 2723 fontes
1923 2668 2251 2727 aquarum

757 2752 1108 2819 eruperant
1148 2741 1544 2823 originaliter
1571 2744 1650 2807 de
1677 2743 1923 2808 Oceano
1961 2764 2075 2827 per
2103 2746 2253 2808 sub-

760 2849 1048 2903 terranea
1099 2840 1257 2919 loca,
1289 2850 1354 2905 et
1395 2843 1474 2905 de
1521 2843 1788 2906 occultis
1833 2845 2251 2925 receptaculis

758 2957 834 3001 ac
889 2940 1265 3004 ventriculis
1315 2940 1446 3003 suis
1497 2942 1616 3005 sub
1663 2950 1832 3005 terra
1878 2943 2247 3006 latentibus.

2354 885 2555 948 aquas
2594 868 2811 944 mariS,
2836 886 3080 949 ponens
3113 867 3178 929 in
3213 867 3526 930 thesauris
3554 868 3837 950 abyssos,

2360 969 2631 1035 Quando
2650 970 2914 1039 athera,
2939 967 3003 1030 id
3034 975 3129 1029 est
3160 966 3472 1050 sphaeram
3506 967 3671 1047 ignis
3698 985 3845 1048 pro-

2357 1064 2593 1128 ximam
2639 1065 2829 1142 lunae,
2855 1065 2955 1129 vel
3003 1065 3393 1148 superiorem
3440 1067 3602 1128 aeris
3645 1066 3846 1147 regio-

2358 1182 2527 1239 nem,
2581 1167 2888 1242 firmabat
2942 1184 3233 1234 sursum,
3280 1163 3345 1226 id
3400 1172 3517 1239 est,
3573 1164 3847 1227 firmiter

2356 1262 2695 1327 collocavit
2728 1263 2792 1325 in
2824 1262 3005 1345 apice
3032 1263 3493 1326 elementorum
3520 1282 3537 1341 ;
3566 1276 3625 1324 et
3654 1266 3847 1325 libra-

2356 1364 2487 1431 bat,
2517 1362 2582 1423 id
2621 1370 2739 1437 est,
2778 1362 2843 1424 in
2887 1362 3168 1444 pondere
3199 1371 3263 1424 et
3302 1361 3369 1423 in
3406 1380 3702 1424 mensura
3728 1380 3845 1425 sua

2355 1461 2709 1538 constituit,
2747 1463 2957 1539 fontes
3000 1482 3349 1540 aquarum.
3386 1460 3525 1523 Haee
3570 1460 3739 1523 enim
3778 1468 3847 1523 et

2354 1559 2719 1623 consimilia
2768 1568 2917 1623 sunt
2965 1578 3161 1642 opera
3207 1558 3521 1623 Creatoris
3554 1579 3569 1623 :
3602 1560 3681 1622 de
3716 1576 3845 1640 quo

2358 1658 2591 1739 legitur
2640 1658 2706 1721 in
2746 1659 2925 1735 Isaia,
2951 1658 3100 1732 Quis
3150 1658 3409 1722 libravit
3452 1658 3519 1719 in
3564 1658 3845 1740 pondere

2356 1752 2629 1834 inonteS‚
2664 1765 2729 1820 et
2765 1756 2960 1821 colles
2992 1757 3057 1819 in
3088 1759 3365 1821 statera}

2461 1859 2732 1925 Quando
2778 1858 3223 1917 circumdabat
3272 1858 3447 1917 mari
3493 1858 3843 1916 terminum

2354 1975 2551 2014 suum
2571 1972 2594 2014 .·
2617 1954 2726 2035 qui
2762 1954 3073 2017 terminus
3102 1955 3527 2019 communiter
3555 1962 3649 2017 est
3680 1962 3843 2017 terra

2359 2052 2571 2116 mollis
2602 2062 2666 2116 et
2704 2072 2972 2117 arenosa
3004 2074 3017 2118 ε
3054 2053 3273 2135 sicque
3314 2053 3379 2116 in
3421 2053 3541 2116 hoc
3569 2051 3847 2115 declara-

2360 2160 2463 2213 tur
2492 2151 2957 2234 omnipotentia
2984 2153 3215 2214 summi
3248 2150 3527 2233 opificiS‚
3556 2169 3634 2213 ex
3660 2152 3845 2232 cujus

2360 2258 2678 2333 praecepto
2716 2270 2891 2313 mare
2932 2251 3242 2327 frenatur,
3278 2269 3357 2313 ne
3395 2258 3523 2313 tam
3567 2249 3845 2313 debilem

2358 2357 2541 2411 exeat
2592 2348 2957 2411 terminum.
2998 2350 3087 2411 Ex
3136 2368 3263 2432 quo
3312 2368 3649 2432 possumus
3698 2367 3847 2412 con-

2359 2448 2655 2529 templari
2702 2467 2897 2529 quam
2945 2448 3321 2511 metuendus
3370 2448 3453 2509 sit
3490 2448 3675 2510 Deus,
3706 2447 3847 2511 Pro-

3900 1672 3979 1716 1⁸.

3990 974 4082 1027 28

4010 1688 4093 1725 xz..
4112 1678 4178 1717 Β.

2360 2554 2501 2628 pter
2532 2547 2701 2628 quod
2734 2565 2849 2610 nos
2880 2565 2994 2630 per
3017 2546 3354 2609 Jeremiam
3387 2545 3847 2611 hortaturtAu-
3900 2574 4011 2617 ιη,
4036 2588 4083 2623 v,
4102 2576 4173 2621 ξι,

2359 2645 2446 2719 di,
2484 2646 2719 2727 popule
2758 2646 2971 2721 stulte,
3004 2646 3115 2727 qui
3161 2663 3289 2709 non
3332 2644 3527 2708 habes
3568 2663 3677 2708 cor
3708 2661 3722 2706 :
3756 2644 3849 2708 Me
3876 2641 3947 2683 ²²·

2360 2762 2488 2807 non
2541 2743 2871 2821 timebitiS,
2923 2743 3033 2825 qui
3094 2743 3276 2827 posui
3326 2760 3581 2807 arenam
3636 2743 3849 2807 termi-

2362 2861 2517 2907 num
2548 2842 2731 2918 mari,
2758 2851 3143 2924 praeccptum
3176 2842 3847 2924 sempiternum‚quod

2361 2961 2489 3005 non
2528 2940 2915 3023 praeteribitt
2958 2940 3384 3004 Intumescent
3421 2940 3657 3004 fluctus
3685 2941 3843 3022 ejuS,

763 3039 1054 3099 Necdum
1088 3048 1327 3099 montes
1351 3043 1549 3117 ¹aravi
1581 3046 1761 3114 mole,
1792 3041 1854 3103 id
1883 3050 1980 3104 est
2007 3043 2253 3122 magni·
2286 3039 2329 3102 C
2361 3049 2423 3104 et
2452 3059 2579 3103 non
2615 3038 3199 3105 transibuntillud.
3233 3038 3391 3101 Hinc
3422 3038 3716 3102 subditur
3749 3050 3849 3102 :et

761 3135 1006 3212 tudine,
1058 3139 1476 3199 constiterant
1525 3138 1754 3203 elevati
1811 3158 2004 3221 super
2051 3139 2253 3222 plani-

761 3234 912 3295 tiem
958 3242 1160 3297 terrae.
1209 3240 1377 3297 Ante
1423 3241 1608 3297 colles
1655 3258 1766 3315 eqo
1805 3242 2248 3315 parturiebar.

761 3335 998 3394 Adhuc
1030 3343 1268 3395 terram
1311 3356 1436 3395 nore
1474 3337 1737 3413 fecerat,
1768 3347 1828 3397 et
1853 3340 2163 3414 flumina,
2194 3350 2254 3399 et

757 3432 1056 3491 cardines
1110 3433 1278 3491 orbis
1331 3442 1536 3494 terra’.
1583 3432 1699 3495 Pet·
1745 3435 2059 3512 cardineS,
2108 3455 2254 3518 pos-

761 3536 909 3590 sunt
952 3528 1380 3592 extremitates
1421 3538 1602 3594 terrae
1641 3530 1935 3612 intelligi,
1967 3534 2068 3596 vel
2112 3534 2253 3599 duae

761 3626 1194 3689 extremitates
1223 3627 1380 3703 axis,
1417 3628 1585 3691 circa
1616 3649 1773 3711 quas
1804 3631 2257 3695 circumfertur

761 3724 1017 3802 coelum,
1039 3725 1205 3789 sieut
1231 3726 1426 3807 janua
1453 3729 1531 3789 ad
1561 3727 1852 3791 cardines
1881 3748 2027 3793 suos
2061 3748 2076 3792 z
2113 3750 2255 3812 quae

762 3824 1191 3887 extremitates
1223 3833 1372 3888 sunt
1403 3825 1586 3907 polus
1617 3826 1886 3891 arcticus
1924 3837 2118 3911 atque
2145 3850 2256 3893 an-

764 3922 1086 3986 tarcticus.
1119 3921 1256 4000 Vel,
1301 3923 1590 3987 cardines
1637 3924 1810 3989 orbis
1859 3935 2060 4006 terrae,
2107 3939 2257 3993 sunt

765 4029 1038 4104 quatuor
1083 4021 1466 4103 principales
1515 4031 1696 4087 terrae
1739 4034 1972 4106 parteS,
2015 4027 2251 4106 oriem,

765 4119 1084 4195 occidenS,
1117 4128 1330 4183 auster
1359 4128 1422 4183 et
1448 4121 1688 4202 aquilo.

2362 3145 2582 3217 leyem,
2638 3138 2699 3201 id
2749 3146 2847 3201 est
2904 3146 3291 3220 praeceptum
3346 3156 3457 3201 seu
3505 3138 3851 3202 ordinatio-

2363 3257 2533 3314 nem,
2578 3240 2851 3315 ponebat
2905 3238 3117 3317 aquis,
3166 3257 3245 3298 ue
3290 3238 3642 3298 transirent
3688 3242 3850 3315 fines

2360 3357 2525 3398 suos.
2559 3335 2777 3399 Voluit
2806 3334 2976 3398 enim
3009 3333 3423 3417 Omnipotens
3454 3344 3698 3417 partem
3736 3344 3851 3397 ter-

2364 3454 2447 3497 rae
2495 3453 2634 3497 esse
2679 3433 3143 3516 discoopertam
3204 3432 3285 3496 ab
3332 3433 3537 3514 aquiS,
3590 3442 3851 3516 propter

2363 3533 2695 3596 hominum
2746 3540 2806 3595 et
2850 3532 3221 3595 animalium
3273 3532 3725 3595 habitationem
3776 3550 3851 3597 ac

2364 3630 2915 3695 sustentationem.
2940 3630 3122 3712 Aqua
3157 3638 3368 3693 autem
3412 3650 3486 3693 ex
3526 3650 3641 3693 sua
3674 3639 3852 3693 natu-

2366 3750 2454 3807 ra,
2491 3750 2688 3813 quum
2735 3729 2818 3792 sit
2856 3728 3152 3792 subtilior
3189 3748 3263 3792 ac
3293 3729 3495 3793 levior
3532 3738 3718 3805 terra,
3755 3730 3853 3792 in-

2367 3829 2715 3894 clinaretur
2762 3836 2993 3891 terram
3045 3827 3407 3905 ascendere,
3441 3826 3566 3889 nisi
3602 3826 3854 3891 Creato-

2367 3930 2453 3992 ris
2498 3927 2985 4009 restringeretur
3022 3934 3337 4007 praecepto
3372 3943 3388 3988 z
3429 3926 3598 4008 quod
3641 3936 3851 3989 tamen

2370 4026 2655 4091 naturale
2714 4034 2906 4107 atque
2961 4023 3350 4087 conveniens
3410 4032 3505 4087 est
3558 4033 3851 4106 respectu

2368 4124 2751 4189 universalis
2784 4132 3046 4201 naturae,
3080 4123 3615 4203 quemadmodum
3650 4131 3713 4185 et
3746 4124 3853 4187 de-

853 4220 1122 4286 Quando
1157 4222 1567 4297 proeparabat
1597 4226 1798 4294 coelos,
1833 4226 2100 4286 aderam
2131 4247 2157 4287 .·
2191 4226 2252 4289 id
2288 4226 2337 4287 D
2368 4243 2629 4289 scensus
2688 4222 2855 4304 ignis
2908 4222 2973 4283 in
3026 4220 3433 4301 generatione
3484 4220 3849 4285 mixtorum.

763 4326 880 4390 est,
915 4316 1170 4398 quando
1201 4316 1492 4381 coelestes
1523 4318 1708 4382 orbes
1739 4322 1999 4399 creavit,
2033 4331 2096 4385 et
2123 4344 2257 4389 cre-

763 4417 928 4479 ando
959 4416 1036 4478 ad
1069 4417 1401 4479 commoda
1433 4417 1762 4481 hominum
1789 4421 2130 4501 ordinavit,
2150 4425 2257 4486 ad-

765 4513 884 4576 fui.
941 4516 1210 4583 Quando
1259 4526 1431 4577 certa
1480 4520 1610 4593 leqe
1654 4527 1714 4577 et
1756 4538 1922 4595 yyro
1971 4525 2257 4585 vallabat

763 4617 1042 4691 abyssos,
1071 4612 1133 4675 id
1164 4622 1280 4691 est,
1301 4613 1484 4695 aquis
1514 4614 1744 4678 Oceani
1775 4634 1887 4697 per
1915 4618 2255 4683 circuitum

765 4710 1044 4795 praefixit
1078 4730 1412 4793 quousque
1451 4713 1864 4776 extenderent
1901 4733 1990 4791 se,
2024 4724 2087 4778 et
2125 4736 2259 4781 mo-

765 4820 1066 4875 verentur
1085 4829 1306 4874 versus
1339 4819 1584 4874 terram.
1595 4811 1772 4875 Unde
1796 4812 2072 4894 loquitur
2094 4816 2255 4879 Deus

767 4911 952 4974 beato
970 4907 1086 4973 Job
1107 4926 1120 4971 ε
1142 4908 1292 4981 Quis
1318 4907 1627 4973 conclusit
1654 4910 1834 4973 ostiis
1866 4930 2050 4986 mare,
2066 4933 2259 4995 quan·

768 5012 848 5075 do
885 5007 1260 5089 erumpebat
1293 5008 1479 5089 quasi
1519 5009 1598 5071 de
1630 5009 1821 5073 vulva
1861 5013 2255 5092 procedens?

765 5106 1166 5171 Circumdedi
1219 5105 1380 5168 illud
1424 5106 1716 5170 terminis
1755 5107 1937 5183 meiS‚
1967 5118 2032 5172 et
2075 5110 2256 5192 posui

768 5213 1009 5269 vectem
1044 5212 1108 5267 et
1138 5204 1321 5282 ostia,
1345 5212 1408 5267 et
1436 5203 1566 5267 dixi
1601 5222 1614 5267 :
1652 5204 1984 5289 Hucusque
2013 5210 2254 5288 venieS,

769 5312 832 5367 et
871 5322 998 5368 non
1041 5303 1344 5386 procedes
1385 5302 1685 5387 amplius,
1722 5313 1785 5368 et
1827 5304 1935 5369 hic
1975 5306 2262 5371 confrin-

2369 4327 2639 4394 Quando
2668 4324 3065 4399 appendebat
3091 4322 3525 4397 fundamenta
3556 4330 3761 4393 terroe,
3788 4321 3852 4385 id

2367 4430 2484 4497 est,
2524 4422 2589 4483 in
2637 4419 2849 4483 medio
2898 4417 3180 4483 universi
3227 4418 3467 4482 creavit
3510 4437 3583 4482 ac
3631 4418 3854 4481 statuit

2366 4520 2752 4584 elementum
2789 4526 2991 4594 terrie,
3014 4526 3078 4579 et
3106 4524 3316 4598 partes
3345 4517 3486 4598 ejus
3516 4514 3853 4579 inferiores

2368 4638 2441 4683 ac
2490 4617 2825 4681 interiores
2874 4615 3044 4679 circa
3090 4623 3404 4691 centrum,
3439 4633 3581 4695 quae
3629 4613 3853 4677 funda·

2368 4726 2656 4781 mentum
2698 4715 2997 4778 videntur
3041 4712 3311 4796 partium
3353 4712 3643 4775 aliarum.
3674 4712 3853 4776 Unde

2367 4814 2673 4879 Dominus
2704 4812 2791 4876 ait
2820 4814 2896 4875 ad
2926 4811 3042 4876 Job
3068 4811 3223 4874 :Ubi
3262 4830 3421 4888 eraS,
3456 4811 3711 4892 quando
3740 4830 3852 4895 po-
3878 4832 4167 4884 mmm..

2370 4914 2597 4978 nebam
2642 4912 3059 4975 fundamenta
3100 4912 3322 4973 terrael
3352 4908 3553 4991 Super
3580 4928 3707 4991 quo
3744 4909 3853 4973 ba-
3880 4898 3921 4949 ⁴⁹
3944 4898 3987 4941 ὅ·

2368 5032 2467 5075 ses
2498 5012 2637 5093 ejus
2678 5009 2961 5074 solidatae
2988 5011 3175 5071 sunt?

2452 5114 2611 5172 Cum
2646 5130 2715 5170 eo
2745 5130 2923 5170 eram
2958 5117 3187 5169 cuncta
3223 5126 3627 5185 componens,
3656 5105 3720 5169 id
3757 5116 3855 5169 est

2370 5210 2729 5292 producens
2761 5216 2823 5270 et
2857 5207 3161 5270 ordinans
3195 5225 3210 5269 ε
3248 5223 3394 5267 nam
3432 5203 3599 5267 sicut
3636 5223 3856 5287 super-

2370 5306 2727 5372 essentialis
2784 5315 2848 5369 et
2901 5301 3483 5387 superfelicissimae
3528 5301 3854 5367 Trinitatis

3980 5112 4055 5167 30
