4284 6267
644 1181 713 1236 13

557 2372 641 2417 lob
657 2386 727 2424 xx,
744 2374 785 2418 8.

539 2669 661 2713 Ιὸίᾰ.
680 2682 749 2721 vn,
763 2670 803 2713 6.

570 2858 632 2901 18.
652 2872 716 2909 xi..
733 2860 775 2901 ⁶.

555 4342 722 4387 March.
735 4357 807 4395 ιιι.

544 4408 612 4449 34.

550 4834 632 4879 Job
647 4848 732 4888 xiv,
747 4838 786 4879 2.

838 489 959 557 482

1533 508 1887 558 ENARRATIO
1928 508 1991 555 m
2034 509 2174 555 GAP.
2212 508 2250 553 V
2292 507 2450 555 LIBRI
2493 508 2851 558 SAPIENTIAE.
2896 530 2979 540 —
3019 511 3160 559 ΛΒΤ.
3197 513 3236 555 V

833 679 979 743 ideo
1007 700 1206 744 unum
1233 680 1417 743 alteri
1446 680 1635 758 cedit,
1655 687 1718 743 et
1749 679 2008 744 mollius
2041 678 2323 756 duriori;
2355 679 2407 741 A
2434 682 2774 761 pravorum
2816 682 3239 763 peccavimuS,
3275 700 3400 745 non
3445 700 3524 744 ex
3567 678 3924 761 ignorantia

832 781 1160 851 continue,
1194 779 1256 842 id
1289 787 1384 842 est
1413 779 1649 855 statim,
1686 782 1755 840 in
1788 800 1853 839 se
1885 782 2172 839 reclusus
2211 786 2326 847 est,

2433 788 2542 840 aut
2600 779 2982 843 infirmitate
3027 782 3374 858 dumtaxat,
3415 783 3774 857 consumpti
3815 800 3922 839 su-

834 888 910 939 ut
956 880 1290 955 iynorecur
1340 880 1654 939 transitus
1700 880 1887 938 illius
1930 896 1954 937 .·
1998 896 2105 961 aer
2154 876 2322 939 enim
2438 898 2596 947 mua,
2637 878 2696 940 id
2757 888 2855 942 est
2893 881 3196 962 corrupti,
3247 878 3554 955 defuncti,
3605 887 3667 941 et
3723 877 3918 939 finem

836 984 933 1038 est
973 976 1247 1039 maxime
1292 976 1629 1054 fluxibilis,
1663 976 1900 1051 mollis,
1936 984 1999 1037 et
2038 974 2326 1038 refluens

838 1073 906 1136 in
949 1094 1039 1137 se.

918 1176 1032 1236 Sic
1069 1185 1130 1234 et
1168 1194 1282 1235 nos
1320 1176 1487 1242 nati,
1518 1176 1823 1234 continuo
1860 1174 2214 1233 desivimus
2242 1191 2328 1230 es-

832 1293 897 1332 se
927 1293 949 1334 .·
982 1272 1048 1335 id
1074 1280 1192 1349 est,
1227 1272 1307 1335 ab
1346 1272 1603 1335 exordio
1638 1290 1768 1354 quo
1808 1270 2121 1352 ecepimus
2159 1288 2320 1346 esse,

834 1371 1144 1454 coepimus
1175 1380 1238 1434 et
1265 1370 1543 1435 deficere
1574 1390 1647 1434 ae
1674 1369 2021 1452 corrumpi,
2046 1388 2121 1433 eo
2151 1369 2324 1452 quod

831 1489 1051 1533 sumus
1084 1490 1160 1533 ex
1200 1470 1536 1534 contrariis
1576 1470 1935 1552 compositi,
1981 1470 2047 1531 in
2084 1467 2321 1550 quibus

830 1588 1027 1631 unum
1060 1569 1424 1651 corruptive
1454 1589 1565 1632 seu
1597 1569 1811 1632 laesive
1852 1570 1983 1649 agit
2014 1570 2079 1630 in
2115 1568 2316 1641 aliud,

826 1668 1072 1731 seilicet
1099 1668 1377 1732 calidum
1411 1668 1719 1745 naturale,
1753 1668 1818 1729 in
1850 1667 2186 1729 humidum
2222 1685 2322 1728 ra-

829 1766 1032 1829 dicale
1071 1785 1083 1828 :
1124 1776 1187 1829 et
1234 1775 1473 1849 quanto
1522 1766 1666 1848 plus
1718 1766 2116 1848 protenditur
2165 1766 2316 1841 vita,

2434 977 2582 1040 vitae
2623 978 2866 1058 sortiti3
2909 978 3328 1061 spiritualiter
3374 996 3630 1060 quoque
3665 976 3922 1039 annihi-

2437 1074 2570 1152 lati,
2604 1084 2667 1140 et
2697 1078 2926 1141 mortui
2970 1077 3181 1141 corde.

2523 1178 2709 1237 Talia
2750 1179 3065 1238 dixerunt
3108 1180 3178 1237 in
3223 1180 3483 1258 inferno
3525 1178 3598 1235 hi
3635 1177 3752 1256 qui
3780 1194 3922 1252 pec-

2434 1286 2765 1337 caverunt.
2817 1276 2951 1339 Iam
3013 1275 3252 1339 dietum
3309 1283 3426 1349 est,
3472 1276 3642 1355 quod
3697 1273 3765 1335 in
3821 1272 3923 1335 die

2434 1371 2657 1451 judicii
2699 1372 2818 1434 ista
2858 1373 3090 1435 dicturi
3123 1373 3272 1447 sint,
3309 1373 3564 1454 quando
3597 1370 3755 1453 justi
3797 1379 3925 1431 sta-

2435 1469 2596 1531 bunt
2621 1470 2688 1531 in
2718 1488 2946 1551 magna
2975 1471 3332 1534 constantia
3359 1480 3580 1535 eontra
3609 1489 3717 1533 eos
3741 1490 3756 1534 :
3778 1486 3926 1551 quo-

2435 1568 2622 1631 modo
2654 1587 2804 1649 ergo
2835 1588 3006 1633 nune
3044 1571 3300 1648 dieitur,
3333 1571 3504 1652 quod
3551 1570 3618 1631 in
3668 1568 3924 1633 inferno

2433 1665 2729 1728 dixerunt
2793 1667 2964 1731 heae?
3004 1668 3326 1743 Praeterea,
3371 1667 3646 1749 qualiter
3709 1676 3924 1749 potue-

2435 1775 2584 1828 runt
2614 1766 2680 1827 in
2713 1764 2968 1828 inferno
3001 1766 3088 1828 ita
3119 1767 3464 1848 prudenter
3490 1764 3692 1846 loqui,
3713 1772 3773 1827 et
3805 1772 3926 1827 sta-

827 1872 1004 1927 tanto
1036 1864 1179 1946 plus
1213 1863 1556 1927 breviatur.
1593 1863 1907 1944 Quidquid
1949 1863 2119 1925 enim
2164 1882 2321 1945 prae-
2357 1868 2404 1929 B
2435 1871 2567 1925 tum
2598 1883 2782 1926 suum
2819 1874 2942 1927 tam
2986 1864 3448 1929 rationabiliter
3491 1864 3916 1937 considerare,

829 1962 1020 2039 teriit,
1053 1964 1180 2045 jam
1216 1983 1291 2025 ex
1325 1982 1401 2025 ea
1437 1962 1731 2044 deperiit,
1768 1970 1830 2025 et
1868 1962 1926 2024 ei
1966 1961 2318 2023 abscissum

828 2068 945 2123 est.
1002 2060 1231 2142 Sicque
1288 2061 1435 2125 vitae
1488 2060 1672 2122 istius
1735 2061 2067 2136 decursnS,
2120 2059 2321 2121 instar

830 2159 1277 2241 praedictarum
1335 2157 1718 2222 volubilium
1771 2177 2006 2234 rerum,
2060 2157 2322 2219 omnino

833 2257 1150 2320 instabilis
1184 2266 1299 2336 est,
1335 2266 1397 2320 et
1438 2258 1678 2321 ineerta
1712 2258 1853 2339 ejus
1890 2255 2163 2319 duratio.
2198 2256 2326 2318 Un-

831 2355 911 2418 de
943 2356 1010 2417 in
1036 2356 1153 2419 Job
1183 2355 1414 2436 legitur
1444 2355 1523 2417 de
1556 2354 1780 2436 iniquo
1815 2372 1828 2415 :
1864 2354 2054 2417 Velut
2088 2352 2325 2417 somni-

832 2473 939 2515 um
972 2454 1233 2517 avolans
1266 2472 1394 2516 non
1426 2452 1818 2533 invenietur3
1843 2453 2107 2515 transiet
2135 2452 2323 2534 quasi

832 2552 995 2615 visio
1036 2561 1366 2616 nocturna.
1402 2552 1478 2614 Et
1515 2552 1595 2613 de
1639 2570 1707 2614 se
1747 2552 1885 2634 ipso
1925 2559 2181 2613 sanetus
2207 2550 2323 2614 Job

834 2649 1116 2732 loquitur
1165 2668 1179 2712 :
1222 2650 1366 2713 Dies
1408 2650 1536 2712 mei
1585 2650 1867 2713 velocius
1909 2648 2319 2722 transierunt,

830 2767 1022 2830 quam
1055 2767 1094 2812 a
1121 2756 1372 2812 texente
1404 2748 1525 2811 tela
1554 2748 2093 2811 succiditur.Hinc
2124 2746 2326 2827 loqui-

834 2854 934 2909 tur
977 2854 1040 2910 et
1068 2846 1257 2909 lsaias
1291 2864 1305 2909 ε
1340 2846 1561 2911 Omnis
1604 2864 1751 2909 caro
1796 2845 2064 2923 imnum,
2098 2854 2163 2908 et
2191 2863 2324 2907 om·-

831 2944 935 3011 nis
960 2946 1163 3026 gloria
1192 2946 1331 3028 ejus
1361 2946 1547 3028 quasi
1579 2944 1701 3011 flos
1730 2945 2140 3025 agri.Horum
2173 2962 2322 3024 ergo

2429 1984 2626 2045 quum
2662 1963 2728 2026 in
2763 1962 3138 2026 Ecclesiaste
3168 1962 3432 2041 legatur,
3468 1961 3923 2040 Quodcumque

2431 2071 2640 2144 potest
2679 2081 2906 2124 manus
2945 2070 3070 2137 tua,
3104 2061 3415 2122 instanter
3447 2078 3730 2142 operare,
3765 2058 3916 2139 quia

2433 2180 2547 2223 nee
2605 2179 2786 2241 opus,
2838 2178 2956 2221 nee
3013 2158 3193 2233 ratio,
3248 2178 3365 2222 nec
3421 2157 3754 2240 sapientia,
3803 2174 3922 2219 nee

2432 2258 2710 2333 seientia,
2743 2267 2932 2321 erunt
2957 2258 3128 2340 apud
3158 2256 3435 2320 inferos?
3456 2257 3919 2338 Respondetur,

2430 2358 2602 2439 quod
2644 2357 2926 2419 damnati
2980 2357 3045 2418 in
3097 2355 3350 2419 inferno
3398 2354 3610 2431 locati,
3655 2362 3924 2437 possunt

2432 2455 2565 2519 haee
2612 2456 2822 2519 dicere
2869 2455 3061 2519 etiam
3105 2462 3252 2517 ante
3300 2454 3468 2517 diem
3517 2453 3767 2535 judieii.
3808 2452 3924 2516 Vel

2435 2553 2727 2617 infernus
2770 2563 3034 2617 vocatur
3081 2552 3288 2615 omnis
3339 2552 3516 2615 loeus
3564 2551 3922 2634 punitionis

2432 2653 2899 2715 damnatorum.
2931 2652 3024 2714 Ad
3063 2651 3237 2714 aliud
3275 2651 3715 2733 respondetur,
3749 2650 3924 2731 quod

2432 2752 2713 2813 damnati
2751 2750 3152 2814 considerare
3198 2758 3445 2831 queunt
3481 2768 3555 2812 ea
3599 2768 3744 2831 quae
3771 2766 3926 2828 aug-

2433 2848 2779 2913 mentativa
2825 2857 2974 2911 sunt
3003 2848 3381 2911 calamitatis
3411 2866 3653 2923 eorum,
3690 2864 3818 2910 non
3847 2866 3924 2910 ea

2431 2966 2575 3029 quae
2625 2955 2884 3030 possent
2911 2946 3193 3011 relevare
3231 2946 3540 3021 eamdem,
3575 2954 3764 3027 prout
3791 2945 3928 3027 ple-

826 3042 1339 3108 eonsideratione
1367 3044 1685 3107 discamus
1718 3044 2082 3107 transitoria
2108 3062 2323 3124 asper·
2356 3046 2400 3110 C
2435 3045 2577 3108 nius
2609 3064 2800 3127 super
2827 3044 3251 3109 Ecclesiastcn
3284 3042 3407 3106 fuit
3436 3044 3810 3126 expositum.
3847 3044 3926 3105 Et

830 3142 991 3221 nari,
1044 3151 1107 3206 et
1154 3142 1511 3225 spiritualia
1557 3162 1631 3205 ae
1677 3142 1897 3205 divina
1950 3150 2081 3205 toto
2129 3142 2320 3205 corde

827 3241 1169 3324 amplecti3
1220 3251 1286 3305 et
1342 3242 1429 3304 ibi
1478 3242 1606 3303 sint
1657 3240 1787 3304 fixa
1833 3241 2145 3304 desideria
2205 3259 2319 3304 no·

831 3347 982 3418 stra,
1014 3340 1125 3402 ubi
1157 3339 1509 3423 poterimus
1547 3339 1943 3404 beatitudine
1979 3338 2320 3421 adimpleri

831 3447 1088 3507 aeterna.

916 3540 998 3599 Et
1029 3538 1295 3599 virtutis
1322 3538 1586 3616 quidem
1618 3542 1877 3598 nullum
1914 3540 2177 3615 siynum
2215 3560 2323 3603 va.-

836 3638 1079 3697 luimus
1106 3639 1455 3705 oscendere,
1491 3636 1553 3698 id
1598 3642 1694 3697 est
1736 3635 1983 3697 nullum
2026 3654 2186 3717 opus
2218 3635 2324 3697 ha-

833 3732 1004 3796 bitus
1036 3733 1343 3797 virtuosi:
1378 3732 1533 3815 quia
1571 3733 1807 3815 jugiter
1844 3752 2096 3796 eramus
2136 3732 2321 3796 malis

832 3831 1085 3910 intenti,
1121 3832 1209 3895 ita
1248 3833 1418 3914 quod
1458 3830 1765 3895 affectiva
1796 3831 1893 3894 vis
1934 3840 2150 3895 nostra
2189 3840 2324 3893 erat

830 3930 1015 4011 quasi
1071 3930 1519 3993 immobilitata
1569 3930 1635 3991 in
1694 3930 1889 4006 vitiis,
1943 3939 2007 3992 et
2053 3930 2145 3993 sie
2195 3948 2323 3992 non

833 4028 1174 4106 valuimus,
1209 4028 1275 4091 id
1305 4036 1421 4105 est,
1460 4029 1563 4091 vix
1592 4037 1703 4091 aut
1730 4027 2088 4091 difficulter
2118 4027 2327 4110 potui-

833 4145 1001 4204 muS,
1035 4125 1280 4208 aliquid
1330 4127 1479 4190 boni
1529 4125 1815 4204 efficere,
1869 4134 1978 4189 aut
2022 4126 2325 4189 virtutem

2432 3145 2658 3208 merito
2707 3144 2829 3207 ista
2857 3144 3173 3219 dixerunt,
3208 3145 3520 3223 quoniam
3550 3163 3688 3221 spes
3727 3145 3925 3221 impii

2431 3255 2746 3325 tanquam
2790 3248 3026 3321 lanuyo
3077 3252 3190 3311 est,
3242 3264 3387 3322 quoe
3435 3262 3478 3301 a
3522 3252 3702 3305 vento
3751 3244 3924 3303 tolei-

2432 3354 2563 3413 tur,
2603 3343 2666 3405 id
2707 3351 2804 3405 est
2845 3361 3029 3419 vana,
3068 3341 3281 3415 fallax,
3317 3348 3379 3404 et
3426 3339 3734 3403 facillime
3777 3359 3924 3423 per-

2431 3438 2590 3515 ienS‚
2625 3437 2779 3519 quia
2816 3436 2883 3499 in
2923 3436 3111 3499 rebus
3153 3434 3534 3498 transitoriis
3569 3442 3632 3497 et
3661 3434 3921 3497 caducis

2433 3534 2577 3615 figit
2637 3554 2812 3617 spem
2865 3554 3065 3597 suam.
3117 3534 3350 3597 Contra
3392 3551 3585 3615 quem
3636 3532 3924 3615 loquitur

4051 1184 4116 1238 14

3995 1976 4141 2019 Bet-le.
4153 1990 4204 2023 ιι,
4276 2006 4277 2011 ¹

3955 2043 4022 2083 ¹⁰.

4001 3060 4176 3103 Ibidem.
4276 3056 4277 3065 ¹

4059 3152 4124 3206 15

2431 3635 2733 3698 Ieremias
2786 3652 2800 3696 :
2841 3633 3201 3697 Maledictus
3251 3633 3442 3697 homo
3485 3631 3596 3713 qui
3644 3632 3922 3696 confidit
3952 3658 4204 3707 san-,a

2435 3733 2501 3794 in
2561 3732 2840 3811 homine,
2903 3741 2965 3795 et
3031 3732 3215 3813 ponit
3271 3750 3529 3795 earnem
3585 3732 3922 3795 brachium

2436 3850 2640 3909 suum,
2684 3840 2746 3894 et
2773 3850 2810 3893 a
2843 3831 3104 3894 Domino
3135 3831 3372 3894 recedit
3400 3849 3509 3893 cor
3541 3832 3700 3912 ejus.
3726 3832 3926 3895 Porro

2437 3930 2668 4010 lanugo
2730 3940 2825 3993 est
2878 3929 3001 3993 flos
3051 3929 3271 3992 tribuli
3319 3947 3332 3991 :
3385 3931 3497 4011 qui
3545 3930 3922 4009 desiccatuS,

2436 4029 2561 4093 levi
2605 4038 2781 4092 motu
2829 4028 3029 4092 fertur
3072 4029 3137 4089 in
3187 4047 3396 4091 aerem
3445 4037 3508 4091 et
3551 4028 3922 4111 dissipatur,

2437 4128 2968 4209 quemadmodum
3029 4146 3258 4209 spuma
3312 4145 3386 4188 ae
3441 4126 3679 4204 fumuS,
3732 4136 3929 4208 atque

836 4224 1090 4289 habere.
1143 4224 1328 4287 Juxta
1373 4244 1565 4307 quem
1616 4244 1874 4289 sensum
1922 4224 2209 4288 Christus
2258 4226 2323 4287 in
2355 4232 2405 4293 D
2437 4226 2745 4289 memoria
2789 4224 3084 4307 hospitis,
3133 4244 3259 4286 una
3293 4232 3538 4286 tantum
3578 4233 3762 4288 noete
3811 4225 3930 4289 ali-

836 4323 1180 4405 Evangelio
1214 4325 1496 4407 loquitur
1531 4345 1544 4388 :
1580 4324 1904 4399 Quomodo
1946 4324 2211 4406 potestis
2243 4324 2329 4387 lo-

2436 4324 2584 4389 cubi
2615 4323 2940 4405 hospitati.
2976 4324 3062 4385 De
3086 4322 3320 4404 quibus
3350 4340 3496 4385 mox
3527 4322 3780 4385 additur
3814 4343 3828 4387 :
3863 4334 3928 4385 ec

836 4422 949 4503 qui
998 4422 1185 4502 bona,
1230 4443 1425 4505 quum
1482 4423 1621 4485 sitis
1668 4421 1863 4485 mali?
1906 4422 2326 4505 Philosophus
2439 4435 2753 4502 tanquam
2795 4442 3027 4499 spuma
3065 4423 3340 4499 =qracilis
3385 4439 3462 4483 ex
3502 4420 3924 4486 inundatione

836 4540 1092 4603 quoque
1148 4522 1456 4596 affirmat,
1511 4522 1683 4602 quod
1733 4520 2138 4584 incontinens
2189 4520 2327 4583 vult

832 4622 1181 4700 continere,
1235 4623 1345 4684 sed
1402 4640 1528 4685 non
1587 4628 1814 4703 potest.
1868 4619 2004 4697 Vel,
2066 4618 2320 4682 Nullum

834 4718 1083 4800 signum
1117 4720 1393 4797 virtutiS,
1429 4720 1491 4782 id
1542 4728 1637 4781 est
1682 4718 1887 4781 firmae
1931 4717 2318 4795 stabilitatis,

829 4820 1007 4901 juxta
1038 4819 1196 4880 illud
1224 4818 1339 4881 Job
1365 4839 1379 4882 ε
1406 4820 1601 4881 Homo
1632 4818 1813 4898 quasi
1846 4816 1969 4880 flos
2000 4817 2323 4896 egreditur

832 4927 895 4978 et
952 4917 1323 4993 conteritur,
1383 4926 1445 4978 et
1505 4915 1668 4995 fugit
1726 4915 1900 4978 velut
1958 4914 2205 4991 umbra,
2259 4924 2320 4977 et

833 5034 1159 5096 nunquam
1215 5016 1281 5077 in
1331 5016 1552 5078 codem
1602 5022 1766 5076 statu
1830 5023 2182 5095 permanet.
2237 5019 2320 5075 In

830 5116 1243 5192 malignitate
1292 5125 1508 5176 autem
1550 5124 1792 5181 nostra,
1835 5113 1898 5174 id
1940 5121 2036 5175 est
2082 5112 2324 5177 vitiosi-

832 5220 959 5276 tate
1000 5211 1347 5289 habituata‚
1399 5232 1524 5294 qua
1574 5232 1648 5275 ex
1697 5212 1843 5292 igne
1893 5230 2005 5274 seu
2047 5208 2322 5274 ferventi

829 5309 1095 5387 affeetu,
1158 5319 1221 5372 ct
1288 5310 1438 5373 forti
1506 5309 1919 5372 inclinatione
1984 5308 2322 5371 habituum

2436 4541 2616 4603 aquae
2659 4538 3072 4599 consurgens,
3117 4541 3261 4599 quoe
3301 4540 3341 4579 a
3369 4523 3674 4597 procella,
3721 4519 3787 4581 id
3827 4529 3926 4583 est

2435 4626 2827 4701 tempestate,
2861 4619 3299 4697 disper-quum·
3341 4628 3400 4677 et
3453 4628 3761 4697 tanquam
3813 4621 3926 4695 fu-

2437 4739 2577 4779 mus
2604 4720 2721 4797 qui
2761 4738 2804 4785 a
2841 4726 3026 4776 vento
3065 4718 3346 4792 diffusus
3381 4726 3492 4787 esc,
3528 4713 3592 4776 id
3631 4723 3728 4777 est
3765 4716 3920 4781 hine

2433 4817 2582 4878 inde
2641 4814 2819 4877 fusus
2869 4833 2942 4877 ac
2981 4814 3321 4895 dissipatus
3361 4829 3374 4873 :
3410 4814 3577 4875 unde
3621 4812 3710 4876 ait
3750 4815 3920 4877 Psal-

2433 4914 2638 4991 mista,
2673 4911 3050 4975 Defecerant
3088 4912 3254 4975 sicut
3300 4910 3516 4973 fumus
3561 4913 3696 4975 dies
3745 4914 3914 4996 mei3

2430 5024 2490 5075 et
2520 5024 2830 5091 tanquam
2873 5014 3182 5072 memoria
3226 5013 3493 5089 hospitis
3537 5013 3736 5071 unius
3779 5015 3920 5073 diei

2423 5112 2899 5189 praetereuntis,

2511 5209 2837 5281 Praeterea,
2875 5206 3286 5287 reproborum
3323 5207 3625 5293 vanitate,
3658 5206 3922 5269 instabi-

2434 5308 2612 5370 litate
2658 5316 2723 5369 et
2767 5325 3048 5369 aerumna
3095 5305 3475 5389 descriptis,
3507 5314 3578 5369 ut
3625 5305 3922 5388 opposita

3971 4942 4054 4984 Ps.
4075 4956 4126 4988 et.
4145 4942 4183 4981 k.
