4284 6267
838 516 958 580 470

1496 536 1849 585 mammo
1890 536 1955 585 m
1994 537 2133 585 CAP-
2181 538 2248 584 111
2289 538 2450 585 mnu
2490 538 2849 586 sapimus.
2894 560 2975 571 —
3014 542 3157 588 Am.
3201 540 3269 588 111

841 723 1008 782 rum,
1060 714 1125 769 et
1192 706 1429 771 ibidem
1490 708 1572 771 ab
1627 708 1905 771 admixta
1964 706 2328 771 faeeulentia
2359 706 2412 769 A
2527 712 2888 787 Fulqelmnt
2910 713 3081 789 justi
3109 711 3178 773 in
3203 712 3580 794 corporibus
3607 712 3932 793 glorifica-
4073 721 4112 776 7

839 814 1248 887 expurgatur,
1301 806 1828 890 splendidiusque
1875 806 2196 887 efficitur3
2239 806 2332 870 sic

840 900 1005 965 Deus
1040 922 1187 968 suos
1218 904 1454 969 electos
1486 904 1552 967 in
1584 906 1731 987 igne
1758 905 2161 970 adversitatis
2189 922 2334 987 pro-

842 1000 1038 1079 bavit,
1105 1010 1170 1065 et
1224 1004 1524 1086 probatos
1590 1004 1991 1082 monstravit,
2041 1003 2334 1086 puriores

842 1096 1087 1178 effecit,
1122 1108 1187 1163 et
1230 1102 1310 1164 ad
1359 1102 1763 1185 splendorem
1812 1102 2038 1165 salutis
2082 1110 2335 1166 aeternoe

840 1197 1135 1281 perduxit
1160 1217 1175 1263 :
1200 1208 1265 1263 et
1294 1200 1587 1283 quamvis
1617 1202 2037 1284 quorumdam
2068 1219 2336 1284 corpora

841 1296 1175 1362 combusta
1222 1298 1351 1361 sint
1401 1298 1569 1381 igne,
1602 1308 1713 1363 aut
1756 1298 1977 1364 bestiis
2008 1300 2330 1375 devorata,

843 1393 1073 1459 animae
1112 1405 1325 1459 tamen
1363 1397 1589 1479 maJori
1630 1398 1833 1480 gratia
1860 1406 1923 1461 et
1953 1397 2160 1479 gloria
2187 1406 2337 1460 sunt

598 1500 682 1547 10⁶
701 1514 815 1553 nm.
845 1494 1098 1559 dotatae.
1133 1495 1291 1559 Hinc
1327 1504 1391 1559 et
1428 1504 1683 1560 sanctus
1719 1497 1835 1563 Iob
1872 1496 2032 1560 dixit
2066 1514 2081 1559 ε
2114 1495 2336 1561 Proba-

552 1568 620 1611 ὀ·
845 1593 941 1655 vit
988 1612 1093 1657 me
1140 1594 1443 1657 Dominus
1498 1596 1681 1677 quasi
1724 1615 1950 1659 aurum
2005 1594 2179 1679 quod
2221 1613 2335 1678 per

847 1691 1059 1773 ignem
1092 1693 1339 1755 transit.
1379 1692 1495 1756 Per
1538 1694 1901 1758 Zachariam
1933 1714 2192 1778 quoque
2219 1694 2338 1756 Do-

569 1798 713 1844 taeh·
732 1812 819 1851 ιιιι.
850 1790 1064 1853 minus
1095 1791 1381 1874 loquitur
1413 1812 1428 1858 ε
1462 1792 1695 1855 Ducam
1727 1810 1835 1855 eos
1864 1812 1979 1874 per
2011 1792 2246 1874 ignem,
2275 1798 2338 1855 et

848 1987 1013 2053 babo
1063 2009 1170 2053 eos
1218 1990 1384 2053 sicut
1420 1989 1728 2073 probatur
1766 2009 2013 2053 aurum.
2059 1990 2238 2054 Unde
2275 1997 2339 2053 et

554 2086 1063 2150 Jaiaenv111,1udiffl
1112 2088 1201 2151 ait
1244 2106 1259 2151 ε
1303 2088 1536 2151 Omnes
1576 2088 1689 2171 qui
1741 2088 1866 2152 Deo
1930 2088 2332 2170 placuerunt,

555 2160 625 2205 ἰ’
848 2204 963 2268 per
994 2185 1227 2250 multas
1267 2185 1710 2251 tribulationes
1749 2186 2137 2251 transierunt
2179 2186 2339 2249 fide-

848 2285 961 2349 les.
994 2286 1153 2348 Hinc
1182 2286 1375 2366 igitur
1403 2285 1723 2349 discamus
1750 2286 2148 2369 patientiam,
2177 2294 2240 2347 et
2271 2286 2336 2348 in

844 2384 1132 2449 adversis
1168 2384 1334 2447 sicut
1372 2384 1437 2446 in
1484 2384 1783 2449 omnibus
1824 2384 2068 2448 divitiis
2109 2384 2338 2465 glorie·

845 2502 1010 2546 mur.
1046 2487 1132 2547 Ec
1168 2485 1359 2565 quasi
1389 2486 1745 2545 holocausti
1782 2486 2059 2545 hostiam
2095 2486 2338 2563 accepit

845 2586 991 2645 illos
1019 2604 1043 2643 .·
1078 2583 1142 2646 id
1179 2590 1297 2660 est,
1332 2581 1499 2646 sicut
1534 2580 1925 2645 sacrificium
1967 2579 2127 2661 legis
2165 2584 2336 2664 quod

847 2682 1288 2745 holocaustum
1318 2687 1609 2745 vocatum
1656 2689 1772 2755 est,
1806 2680 1959 2762 quia
1987 2682 2065 2744 ad
2100 2680 2338 2746 divinae

846 2780 1197 2862 majestatis
1227 2780 1533 2844 honorem
1568 2778 1844 2843 totaliter
1878 2778 2338 2844 incendebatur

848 2899 923 2944 ac
960 2878 1381 2957 cremabatur,
1418 2877 1484 2941 in
1528 2878 1783 2959 signum
1824 2880 1996 2960 quod
2036 2879 2228 2943 homo
2269 2898 2338 2943 se

846 2987 1047 3043 totum
1117 2977 1307 3041 debet
1363 2978 1489 3042 Deo
1532 2996 1605 3041 ac
1655 2976 1857 3040 cultui
1903 2978 2101 3063 ejus:
2144 2977 2332 3057 sicut,

2441 806 2546 883 tis,
2579 807 2646 869 in
2689 808 2794 872 die
2835 810 3102 873 extremi
3141 810 3368 892 judicii
3407 820 3474 874 et
3512 811 3814 894 deinceps
3861 812 3930 874 in

2441 906 2718 969 coelestis
2760 907 2962 987 gloria
3009 909 3312 991 paradisi,
3345 929 3460 992 per
3499 910 3708 973 dotem
3747 911 3933 974 clari-

2446 1002 2612 1065 tatis,
2673 1004 3260 1088 Incomparabiliter
3312 1025 3465 1071 vero
3513 1007 3750 1071 clarius
3809 1008 3933 1071 ful-

2441 1101 2686 1181 gebunt
2739 1104 2808 1166 in
2865 1105 3077 1181 corde,
3137 1124 3250 1188 per
3315 1105 3532 1169 lumen
3585 1106 3806 1188 gloriae
3869 1117 3934 1171 et

2445 1199 2810 1265 beatificam
2856 1202 3172 1267 visionem
3207 1204 3573 1268 immediate
3603 1206 3932 1288 conjuncti

2447 1295 2678 1361 lumini
2724 1299 3004 1364 increato
3041 1318 3056 1363 :
3093 1301 3267 1382 quod
3296 1301 3418 1365 erit
3459 1301 3553 1365 eis
3583 1302 3926 1385 objectum,

2443 1404 2506 1459 et
2565 1396 2750 1479 quasi
2798 1397 3005 1462 forma
3051 1419 3125 1463 ac
3171 1399 3450 1464 medium
3508 1402 3928 1481 cognoscendi

2444 1494 2664 1573 Deum,
2699 1496 2810 1578 qui
2844 1515 2972 1562 non
3017 1516 3132 1580 per
3169 1498 3448 1581 speciem
3487 1508 3788 1578 creatam,
3819 1502 3928 1563 sed

2447 1591 2815 1671 increatam,
2849 1596 3104 1659 videtur
3136 1596 3307 1661 clare
3342 1606 3406 1662 et
3451 1598 3816 1662 immediate
3845 1598 3932 1662 fa·
3979 1622 4225 1673 icam,

2445 1692 2546 1757 cie
2589 1695 2667 1757 ad
2717 1694 2970 1759 faciem.
3011 1696 3170 1759 Hinc
3211 1696 3438 1761 asserit
3483 1697 3676 1761 etiam
3723 1698 3930 1762 Domi—
3961 1687 4024 1727 ¹²·

2447 1810 2568 1853 nus
2607 1810 2620 1854 :
2672 1792 3030 1874 Fulgebunt
3073 1794 3230 1876 justi
3273 1795 3438 1859 sicut
3480 1796 3575 1859 sol
3619 1797 3686 1859 in
3735 1816 3929 1878 regno
3969 1828 4228 1877 mgnum,

846 1907 1025 1952 uram
1066 1908 1176 1953 eos
1224 1891 1387 1955 sicut
1428 1891 1634 1954 uritur
1680 1900 2033 1972 argentum,
2082 1899 2145 1954 et
2194 1909 2338 1972 pro·
2375 1898 2420 1959 B
2447 1889 2645 1953 Patris
2687 1908 2930 1954 eorum.
2963 1894 3040 1955 Et
3065 1912 3287 1956 rursus
3333 1895 3498 1957 Deus
3538 1896 3707 1977 apud
3749 1895 3930 1959 Mala·
3957 1892 4024 1933 ⁴³·

2447 1989 2656 2052 chiam
2689 1998 2957 2053 testatur
2990 2008 3004 2053 :
3041 1990 3291 2056 Orietur
3333 1992 3515 2057 vobis
3559 1994 3930 2057 timentibus
3959 2018 4227 2066 udaeam

2447 2107 2680 2152 nomen
2739 2108 2953 2153 meum
3006 2090 3111 2154 Sol
3156 2091 3440 2173 justitioe.
3489 2094 3574 2155 Et
3622 2104 3930 2173 tanquam
3959 2082 4002 2123 ²

2443 2190 2578 2249 scin
2589 2191 2747 2251 ticlae
2775 2191 2847 2249 in
2876 2192 3269 2251 arundineto
3292 2193 3658 2253 discurrent
3677 2213 3701 2251 .·
3724 2192 3788 2254 id
3815 2202 3928 2271 est,

2447 2304 2563 2368 per
2601 2288 2812 2350 dotem
2857 2286 3160 2369 agilitatis
3201 2295 3391 2351 erunt
3429 2288 3762 2352 celerrime
3800 2309 3932 2355 mo-

2449 2383 2636 2463 biles,
2661 2384 2828 2448 sicut
2856 2385 3152 2449 scintillae
3183 2386 3584 2451 velocissime
3617 2388 3936 2469 agitantur

2449 2482 2516 2545 in
2541 2484 2940 2553 arundineto.
2965 2484 3262 2549 videlicet
3292 2484 3360 2547 in
3393 2486 3532 2549 loco
3559 2504 3687 2567 quo
3715 2504 3934 2550 cannae

2450 2592 2820 2645 nascuntur.
2882 2583 3120 2647 Idcirco
3182 2583 3274 2645 ait
3343 2584 3506 2647 Deus
3570 2603 3684 2667 per
3753 2585 3935 2648 Mala-

2447 2680 2654 2744 chiam
2694 2699 2708 2743 :
2746 2682 2996 2746 Salietis
3042 2682 3224 2763 quasi
3270 2682 3454 2748 vituli
3499 2684 3579 2746 de
3618 2692 3930 2747 armento.
3999 2712 4194 2755 [ιη-ι...

2446 2780 2524 2841 Et
2552 2780 2718 2843 sicut
2748 2780 2916 2862 ignis
2947 2780 3076 2845 cito
3108 2781 3428 2844 consumit
3453 2780 3927 2857 arundinetum,

2447 2878 2539 2942 sic
2571 2879 2782 2943 Sancti
2825 2880 2890 2941 in
2930 2879 3033 2943 die
3065 2877 3293 2962 judicii
3333 2879 3732 2944 velocissime
3766 2880 3936 2962 diju-

2448 2977 2754 3042 dicabunt
2783 2977 3062 3061 iniquos
3095 2978 3272 3041 Unde
3301 2977 3704 3060 subjungitur
3737 2996 3752 3041 :

848 3078 1134 3161 inquam,
1176 3075 1567 3140 sacrificium
1620 3076 1781 3139 illud
1824 3074 1947 3139 fuit
1994 3077 2119 3141 Deo
2167 3096 2339 3141 acce-
2372 3080 2418 3145 C
2525 3079 2923 3139 Judicabunt
2977 3079 3272 3139 naciones
3320 3098 3344 3137 .·
3395 3077 3696 3159 quoniam
3740 3094 3936 3140 asses·
4085 3092 4125 3145 8

846 3185 1026 3259 ptum
1068 3194 1145 3239 ex
1184 3173 1599 3238 offerentium
1644 3174 1795 3252 fide,
1829 3175 2090 3239 caritate
2127 3184 2192 3239 et
2233 3177 2340 3239 de-

847 3274 1148 3355 votione3
1190 3273 1283 3337 sic
1332 3282 1641 3356 martyres
1684 3274 1887 3337 sancti
1930 3283 1992 3337 et
2030 3274 2156 3339 viri
2203 3294 2340 3357 per-

851 3373 1026 3451 fecti,
1066 3372 1193 3437 Deo
1237 3372 1419 3435 valde
1469 3373 1712 3456 accepti
1755 3373 2016 3436 fuerunt
2063 3392 2178 3457 per
2219 3375 2340 3438 hoc

847 3474 1019 3557 quod
1051 3492 1128 3536 ex
1158 3470 1311 3535 fidei
1345 3470 1729 3549 sinceritate,
1752 3472 2033 3535 caritatis
2062 3472 2335 3551 fervore,

852 3578 915 3635 et
953 3568 1310 3634 devotionis
1357 3568 1728 3651 fragrantia,
1763 3588 1831 3633 se
1872 3570 2045 3653 ipsos
2085 3570 2212 3634 Deo
2249 3580 2342 3635 to-

853 3669 1063 3733 taliter
1096 3667 1468 3732 obtulerunt
1506 3686 1619 3751 per
1652 3666 1938 3752 martyrii
1978 3669 2341 3752 passionem

853 3776 965 3832 aut
1000 3767 1241 3830 cultum
1271 3766 1651 3850 perfectum.
1677 3767 1821 3831 Ideo
1852 3768 2162 3851 scriptum
2191 3776 2288 3831 est
2321 3786 2336 3831 :

561 3886 823 3939 emenus.
850 3867 1131 3933 Pretiosa
1178 3868 1244 3930 in
1294 3875 1640 3949 conspectu
1682 3866 1932 3931 Domini
1980 3886 2152 3932 mors
2194 3867 2342 3931 San·

851 3974 1099 4030 ctorum
1144 3966 1307 4048 ejus.
1343 3969 1425 4027 Et
1458 3967 1531 4027 in
1566 3976 1841 4043 tempore
1872 3966 1997 4027 erit
2029 3975 2342 4043 respectus

854 4069 1121 4127 illorum
1148 4085 1172 4127 .·
1202 4066 1267 4128 id
1306 4071 1422 4142 est,
1458 4062 1750 4145 quamvis
1781 4064 1943 4127 Deus
1978 4065 2056 4127 ad
2088 4072 2341 4147 tempus

851 4163 1177 4248 permittat
1222 4163 1459 4227 electos
1506 4179 1654 4225 suos
1712 4161 1802 4225 ita
1846 4160 2075 4242 affligi,
2128 4171 2339 4225 tamen

2448 3174 2614 3240 soria
2649 3174 2980 3257 dignitate,
3015 3184 3076 3239 et
3115 3174 3573 3258 approbatione
3605 3174 3938 3240 sententiae

2447 3272 2826 3355 judicabunt
2880 3292 3030 3337 cum
3089 3272 3356 3337 Domino
3416 3273 3760 3349 Salvatom,
3824 3272 3935 3355 qui

2447 3371 2695 3436 cunctis
2739 3371 2984 3435 Sanctis
3032 3372 3326 3455 promisit
3359 3388 3374 3435 t
3408 3372 3533 3436 Vos
3574 3370 3683 3453 qui
3735 3370 3936 3435 secuti
3964 3393 4231 3437 sauma.

2451 3471 2602 3535 estis
2631 3490 2756 3549 me,
2791 3470 3095 3535 sedebitis
3127 3489 3316 3552 super
3347 3470 3548 3548 sedes,
3579 3468 3936 3551 judicantes
3965 3459 4036 3498 ²⁸·

2450 3569 2784 3632 duodecim
2834 3568 3038 3632 tribus
3093 3568 3305 3632 Israel.
3352 3568 3736 3631 iudicabunt
3785 3586 3937 3649 ergo

2452 3668 2769 3744 nationeS,
2817 3667 2877 3730 id
2935 3677 3032 3731 est
3074 3686 3297 3731 omnes
3341 3666 3646 3749 reprobos
3708 3675 3772 3730 et
3817 3666 3940 3729 ini-

2453 3784 2634 3848 quos
2665 3765 2927 3849 Propter
2956 3765 3127 3848 quod
3154 3766 3243 3828 ait
3276 3765 3614 3848 Apostolus
3647 3780 3664 3827 t
3695 3764 3790 3827 An
3830 3784 3939 3827 ne-
3967 3788 4226 3837 κακαὶ.

2452 3864 2632 3928 scitis
2673 3864 2826 3947 quia
2873 3863 3085 3928 Sancti
3129 3865 3208 3928 de
3249 3862 3370 3927 hoc
3419 3863 3657 3927 mundo
3695 3863 3938 3946 judica-

2453 3965 2656 4028 bunt?
2705 3964 2782 4027 Et
2833 3962 3164 4027 Psalmista
3209 3980 3223 4026 :
3269 3962 3474 4026 Gladii
3521 3962 3828 4046 aucipites
3867 3962 3936 4025 in
3993 3996 4226 4042 paam,

2454 4061 2748 4126 manibus
2797 4080 3041 4139 eorum,
3076 4062 3154 4124 ad
3201 4059 3559 4125 faciendam
3591 4059 3936 4125 vindictam
3967 4063 4010 4110 ⁶·
4031 4061 4072 4102 ⁷·

2453 4162 2517 4224 in
2560 4160 2949 4226 nationibuS.
2985 4163 3070 4222 Ec
3097 4162 3616 4221 dominabuntur·
3651 4162 3936 4240 populis.

851 4270 1138 4345 tempore
1172 4268 1553 4344 opportuno,
1587 4268 1651 4324 et
1678 4260 1759 4323 ab
1791 4260 1930 4343 ipso
1958 4261 2344 4344 praeordina-
2372 4263 2422 4324 D
2449 4260 2584 4323 lam
2619 4259 2872 4323 interim
2906 4258 3142 4322 habent
3169 4257 3524 4322 dominium
3565 4274 3757 4340 super
3781 4257 3944 4321 exsi-

853 4370 939 4439 to,
977 4362 1149 4445 ipsos
1197 4361 1543 4425 clementer
1580 4359 1910 4444 adspiciet,
1949 4369 2012 4425 et
2048 4361 2133 4424 ab
2163 4362 2335 4425 omni

854 4478 1044 4543 poena
1082 4468 1356 4542 ereptoS,
1386 4458 1661 4539 gloriose
1692 4478 1766 4524 ac
1796 4459 2054 4541 copiose
2082 4479 2344 4525 corona-

854 4559 949 4623 bit
989 4578 1062 4623 ac
1103 4557 1482 4641 praemiabit.
1516 4558 1661 4622 ldeo
1692 4558 1758 4620 in
1789 4558 2171 4642 Apocalypsi
2201 4559 2287 4621 ait
2323 4579 2337 4623 :

556 4674 824 4731 ammae.
855 4658 1004 4722 Esto
1036 4656 1251 4720 fidelis
1280 4675 1485 4738 usque
1514 4658 1592 4720 ad
1622 4664 1913 4735 mortem,
1938 4665 1999 4721 et
2028 4656 2194 4720 dabo
2225 4656 2340 4720 tibi

572 4770 651 4816 ρ..
671 4785 738 4825 xc,
758 4775 823 4817 ιιι.
851 4774 1152 4821 coronam
1184 4754 1362 4834 vitae3
1386 4763 1577 4837 atque
1608 4754 1672 4817 in
1702 4754 1951 4819 Psalmo
1976 4756 2168 4819 :Cum
2203 4755 2342 4838 ipso

852 4874 993 4918 sum
1033 4854 1100 4918 in
1141 4852 1584 4933 tribulatione3
1616 4852 1886 4935 eripiam
1924 4872 2067 4917 eum
2108 4862 2175 4917 et
2209 4854 2344 4935 glo-

852 4952 1124 5018 rificabo
1152 4971 1322 5017 eum.
1356 4951 1661 5034 Denique,
1688 4951 1754 5014 ln
1788 4959 2071 5034 tempore
2098 4953 2222 5016 erit
2249 4972 2340 5015 re-

854 5061 1109 5136 spectus
1141 5051 1422 5129 illorum,
1451 5050 1513 5114 id
1546 5057 1662 5127 est,
1688 5050 1800 5132 qui
1834 5069 2002 5114 nunc
2035 5050 2099 5113 in
2131 5052 2340 5134 poenis

846 5161 911 5216 et
940 5148 1495 5234 persecutionibus
1526 5147 1825 5214 videntur
1855 5148 2037 5226 vileS,
2061 5158 2123 5212 et
2155 5150 2338 5232 quasi

844 5269 881 5313 a
912 5249 1036 5313 Deo
1078 5246 1308 5323 relicti,
1347 5246 1413 5309 in
1456 5246 1559 5309 die
1588 5246 1817 5328 Judicii
1862 5247 2340 5329 conspicientur

843 5348 923 5411 ab
962 5345 1262 5410 omnibus
1306 5343 1592 5425 gloriosi.
1637 5343 1783 5408 ldeo
1822 5344 2119 5408 subditur
2154 5362 2169 5407 ε

2453 4368 2692 4423 stentes
2750 4358 2816 4420 in
2859 4357 3093 4422 saeculo
3142 4356 3304 4436 isto;
3347 4364 3412 4419 et
3459 4353 3528 4419 in
3570 4354 3674 4419 die
3713 4355 3939 4437 judicii

2453 4457 2854 4542 apparebunt
2899 4455 3148 4538 judices
3188 4473 3260 4519 ac
3298 4454 3542 4518 domini
3575 4462 3940 4537 persecuto-

2454 4575 2595 4619 rum
2625 4574 2888 4619 suorum
2919 4573 2992 4617 ac
3023 4553 3310 4617 omnium
3346 4552 3738 4635 iniquorum.
3783 4552 3940 4617 Hinc

2455 4653 2519 4717 in
2551 4653 2864 4737 Propheta
2896 4652 3130 4734 legitur
3174 4668 3189 4714 τ
3224 4650 3674 4732 Egrediemini,
3709 4660 3774 4714 et
3817 4651 3942 4714 cal·
3965 4674 4232 4717 uacua-v.

2453 4752 2682 4817 cabitis
2723 4751 2972 4834 impioS.
3014 4752 3081 4813 In
3128 4748 3504 4832 Apocalypsi
3546 4764 3802 4831 quoque
3841 4768 3940 4811 as—
3967 4740 4074 4787 ²¹²·

2452 4850 2606 4914 serit
2653 4849 2940 4913 Christus
2973 4868 2986 4914 ε
3032 4848 3147 4923 Qui
3191 4846 3435 4924 vicerit,
3469 4856 3534 4911 et
3574 4847 3685 4929 qui
3732 4856 3940 4911 custo-
3978 4876 4234 4931 aposta,

2451 4950 2643 5013 dierit
2689 4968 2892 5030 usque
2953 4948 3020 5010 in
3071 4946 3274 5009 finem
3330 4963 3523 5028 opera
3579 4964 3730 5021 mea,
3774 4946 3938 5009 dabo
3968 4938 4036 4981 ²⁷·

2451 5048 2547 5111 illi
2590 5055 2964 5130 potestatem
3009 5064 3199 5129 super
3240 5053 3494 5126 gentes3
3525 5052 3590 5107 et
3628 5052 3800 5124 reget
3832 5064 3936 5107 eas

2452 5146 2518 5208 in
2577 5146 2756 5225 virga
2814 5143 3049 5220 ferrea,
3109 5151 3173 5207 et
3229 5149 3528 5224 tanquam
3585 5160 3696 5207 vas
3751 5141 3931 5221 figuli

2449 5244 2955 5323 confringentur.
3005 5246 3084 5305 Ει
3116 5242 3410 5319 reynabit
3449 5242 3765 5304 Dominus
3803 5244 3936 5301 illo-

2449 5363 2601 5404 rum
2641 5344 2710 5403 in
2755 5351 3167 5420 perpetuum,
3211 5348 3275 5403 et
3323 5338 3444 5422 ipsi
3483 5356 3630 5402 cum
3669 5337 3930 5402 Domino
