4284 6267
91 1013 219 1056 Jma.
230 1026 307 1062 vni,

96 1210 213 1253 Ereti.
226 1223 303 1259 nt,

91 2358 141 2397 1³.

99 3177 185 3222 Gen.
198 3183 318 3232 xix,'1-

94 3468 299 3570 ,rm

138 4457 167 4500 ll
182 4459 279 4503 Par.

99 4532 213 4572 mm,
230 4525 289 4567 12.

302 3504 313 3521 .
340 3459 659 3542 Propheta
712 3477 729 3521 ε

968 527 1322 576 mumulo
1360 527 1425 574 m
1466 527 1604 576 cAr.
1648 527 1801 573 xvm
1841 525 2324 574 Pnovnnmonmt.
2371 543 2454 556 —-
2491 524 2634 572 ΛΒΤ.
2680 523 2830 570 xvm

3325 498 3436 564 121

332 699 510 762 libus
540 708 737 781 atque
765 697 1135 762 salubribus
1167 715 1297 762 non
1326 697 1695 780 acquiescit,
1730 716 1846 760 nec
1875 695 1927 758 A
1960 695 2174 760 fundae
2228 700 2304 761 ad
2359 697 2542 779 cujus
2596 695 2864 759 fundum
2917 712 3045 757 non
3097 700 3193 755 est
3254 688 3443 753 facile

332 817 443 861 eas
490 797 767 861 libenter
803 798 1003 874 audit,
1038 797 1190 878 quia
1229 816 1358 860 non
1398 797 1661 879 sapiunt
1697 796 1843 874 sibi,

334 917 541 979 quum
562 915 681 980 per
710 896 971 960 habitus
1002 895 1265 960 vitiosos·
1297 897 1371 958 ad
1408 895 1727 959 contraria
1757 894 1849 957 in-

334 995 639 1058 clinetur.
664 995 809 1058 ldeo
840 994 1078 1057 talibus
1108 993 1268 1057 dixit
1295 993 1848 1058 Salvator28ermo

335 1113 523 1156 meus
553 1112 683 1157 non
714 1093 889 1176 capit
919 1093 983 1155 in
1016 1093 1227 1156 vobis.
1260 1093 1337 1154 Et
1366 1093 1433 1155 in
1463 1091 1851 1155 Ecclesiasti-

335 1213 413 1256 co
439 1192 677 1273 legitur
698 1211 712 1255 :
731 1192 853 1256 Cor
878 1191 1055 1254 stulti
1081 1192 1263 1274 quasi
1290 1181 1402 1255 'vas
1426 1190 1841 1267 confractum,

337 1301 403 1355 et
439 1311 699 1356 omnem
738 1291 1119 1373 sapientiam
1162 1309 1291 1354 non
1332 1290 1652 1353 retinebit.
1696 1292 1849 1354 Nisi

334 1413 411 1450 ea
448 1394 706 1453 dia-eris
738 1413 885 1472 φησι
920 1401 1267 1452 versantu-r
1312 1392 1383 1452 in
1420 1394 1608 1451 corde
1643 1392 1785 1468 ejus
1825 1410 1847 1449 .·

338 1491 403 1553 id
443 1500 561 1566 est,
608 1489 793 1554 nulla
828 1489 1069 1554 locutio
1108 1489 1167 1552 ei
1207 1489 1505 1572 placebit,
1542 1487 1667 1550 nisi
1707 1508 1849 1570 quae

338 1578 473 1650 suis
518 1589 827 1652 inanibus
866 1589 1367 1671 cogitationibus
1406 1597 1469 1651 et.
1510 1588 1722 1670 pravis
1756 1587 1849 1650 al'-

338 1686 619 1749 fectibus
662 1695 997 1750 consonat.
1031 1687 1486 1750 Verumtamen
1530 1705 1644 1768 per
1691 1705 1850 1768 prae-

336 1785 704 1847 venientem
736 1785 847 1848 Dei
876 1783 1163 1868 gratiam,
1181 1784 1503 1847 interdum
1534 1783 1849 1865 contingit

1955 796 2295 879 pervenire
2329 815 2342 858 :
2379 797 2469 859 sic
2498 796 2691 861 verba
2733 792 3099 876 hujusmodi
3143 809 3270 853 non
3301 808 3446 871 pos-

1955 903 2162 959 sunta
2180 895 2582 977 simplicibus
2612 902 2676 958 et
2698 890 2950 976 pusillis
2973 889 3257 973 plenarie
3284 906 3446 951 com-

1955 994 2290 1079 prehendi.
2328 995 2586 1076 Propter
2632 993 2804 1075 quod
2850 990 3010 1054 dixit
3048 988 3390 1071 Apostolus
3425 1005 3439 1048 :

1957 1095 2346 1177 Sapientiam
2377 1093 2702 1175 loquimur
2732 1091 2898 1154 inter
2925 1087 3266 1172 perfectos.
3300 1085 3442 1148 Eliu
3473 1100 3617 1146 1c0r.
3638 1104 3735 1152 ιι.σ.

1956 1213 2212 1276 quoque
2242 1193 2453 1274 inquit
2487 1210 2501 1254 :
2533 1191 2667 1256 Viri
2699 1190 3038 1273 sapienteS,
3062 1186 3276 1250 audite
3307 1204 3447 1250 ver·
3471 1202 3738 1254 mama.

1956 1293 2035 1355 ba
2066 1313 2228 1369 mea,
2264 1301 2327 1355 et
2366 1291 2486 1357 viri
2527 1290 2785 1366 eruditi,
2819 1287 3166 1350 auscultate
3202 1303 3327 1347 me.
3362 1287 3446 1346 Ec

1956 1399 2203 1452 torrens
2231 1393 2631 1459 redundam,
2661 1390 2809 1468 fons
2833 1387 3189 1464 sapae'entz'oe.
3211 1383 3340 1445 Hoc
3369 1383 3446 1445 de

1954 1489 2203 1552 Christo
2232 1488 2564 1572 potissime
2593 1485 2988 1560 verificatur,
3021 1483 3133 1564 qui
3169 1489 3264 1544 est
3303 1480 3445 1544 fons

1956 1587 2284 1670 sapientiae
2307 1586 2714 1662 universae‚ct
2743 1581 3232 1666 opulentissimo
3258 1587 3448 1660 atque

1955 1685 2330 1768 plenissimo
2373 1691 2776 1767 comparatur
2823 1680 3111 1744 torrenti.
3152 1679 3330 1742 Unde
3376 1677 3444 1739 in

1955 1785 2203 1847 Psalmo
2234 1792 2524 1848 cantatur
2559 1801 2573 1844 :
2608 1782 2910 1844 Torrente
2948 1777 3294 1860 voluptatis
3323 1785 3446 1840 tuae
3473 1796 3739 1847 Panum.

339 1903 537 1947 vanos
593 1882 961 1965 impiosque
1012 1901 1127 1965 per
1175 1884 1555 1966 prudentem
1610 1901 1847 1946 sermo-
1885 1887 1929 1948 B
1961 1884 2212 1966 potabis
2261 1901 2405 1962 eos;
2458 1882 2761 1962 itemque,
2814 1877 3126 1941 Fluminis
3172 1876 3446 1958 impetus
3473 1895 3726 1947 Panas.

341 2001 484 2044 nem
516 1983 833 2045 converti.
864 1982 1074 2064 Aliqui
1107 2001 1387 2064 quoque,
1422 1981 1717 2064 quamvis
1747 1982 1849 2044 ad-

340 2080 463 2144 huc
514 2080 758 2159 vitiosi,
820 2090 1028 2144 tamen
1080 2081 1361 2144 libenter
1408 2080 1677 2143 audiunt
1726 2080 1844 2143 ali-

340 2179 496 2260 quid
520 2179 702 2256 boni‚
736 2187 803 2243 et
832 2189 1357 2262 compunguntur
1391 2181 1469 2242 ad
1500 2179 1846 2242 horam.De

270 2307 313 2346 ιι,
338 2278 579 2359 quibus
608 2278 841 2340 asserit
870 2278 1177 2341 Dominus
1214 2295 1229 2340 :
1262 2279 1417 2341 Cum
1448 2277 1680 2358 gaudio
1710 2296 1849 2338 sus-

340 2377 593 2458 cipiunt
640 2375 949 2456 verbum3
990 2385 1055 2440 et
1100 2377 1343 2440 radices
1402 2395 1529 2441 non
1582 2376 1841 2453 babent,

341 2475 494 2556 quia
541 2475 623 2538 ad
678 2483 931 2556 tempus
978 2476 1269 2552 credunt,
1319 2484 1383 2538 et
1443 2474 1508 2536 in
1557 2482 1846 2556 tempore

340 2573 717 2637 tentationis
748 2574 1077 2637 recedunt.

408 2675 667 2752 Impius
686 2693 892 2753 quum
922 2675 995 2734 in
1009 2675 1427 2752 profundum
1446 2675 1695 2734 venerit
1704 2693 1846 2750 pec-

339 2782 657 2844 catorum,
696 2769 760 2834 id
802 2779 919 2846 est,
963 2770 1267 2835 vitiorum
1307 2771 1611 2852 voragine
1651 2770 1847 2834 fuerit

341 2887 615 2947 mersus,
648 2877 713 2932 et
743 2888 941 2951 prava
986 2869 1448 2933 consuetudine
1479 2869 1841 2950 induratus;

341 2969 693 3030 contemnit
720 2967 919 3032 verba
947 2966 1251 3044 salubria,
1284 2967 1751 3050 correptionem
1783 2977 1847 3031 et

1958 1981 2246 2046 laetisic-at
2280 1981 2600 2046 civitatem
2633 1979 3114 2060 Dei.Propterea
3141 1983 3450 2058 protesta-

1960 2091 2061 2145 tur
2098 2081 2402 2144 Dominus
2440 2099 2554 2162 per
2593 2078 2814 2141 lsaiam
2851 2095 2864 2138 2
2897 2077 3058 2140 Ecce
3097 2093 3213 2154 ego
3256 2073 3450 2137 decli·
3478 2097 3727 2148 amm.

1960 2181 2125 2244 nabo
2157 2181 2221 2242 in
2253 2199 2360 2242 eos
2400 2187 2470 2241 ut
2501 2177 2748 2241 flumen
2779 2176 2977 2259 pacis,
3009 2184 3072 2238 et
3102 2181 3170 2236 ut
3201 2183 3448 2237 torrens

1959 2279 2278 2342 inundans
2308 2277 2526 2360 gloriae
2559 2276 2871 2358 gentium.
2905 2275 3112 2338 Potest
3150 2273 3339 2336 etiam
3370 2272 3449 2334 de

1957 2396 2362 2460 quocumque
2390 2376 2529 2439 viro
2564 2375 2852 2458 sapiente
2880 2371 3133 2455 exponi,
3170 2372 3234 2432 in
3264 2369 3448 2451 cujus

1958 2485 2192 2554 mente,
2220 2475 2367 2538 fons
2398 2473 2728 2557 sapientiae
2755 2481 2850 2537 est
2883 2472 3090 2553 ipsum
3125 2467 3450 2532 habituale

1960 2575 2290 2657 sapientiae
2329 2575 2590 2648 donum,
2622 2581 2688 2636 et
2717 2571 2973 2655 copiosa
3001 2568 3290 2632 doctrina
3323 2587 3337 2631 ε
3373 2586 3449 2630 ex

1959 2695 2087 2759 quo
2116 2677 2286 2738 dono
2315 2682 2508 2755 atque
2537 2671 2848 2748 doctrina,
2881 2678 3180 2751 tanquam
3211 2685 3288 2731 ex
3316 2666 3452 2730 fon·

1960 2784 2041 2854 te,
2057 2773 2413 2858 procedunt
2435 2771 2626 2837 rivuli
2648 2771 3174 2834 documentorum
3199 2765 3449 2848 sapien-

1963 2874 2340 2953 tialiumque
2391 2870 2752 2943 verborum,
2791 2867 3325 2950 quemadmodum
3373 2885 3449 2928 ex

1962 2981 2243 3037 torrente
2274 2970 2590 3054 prodeunt
2626 2986 2808 3049 aquae
2849 2964 3114 3028 fluenta.
3148 2965 3308 3026 Hinc
3337 2963 3451 3026 Ve-

342 3065 858 3130 correctionem.
905 3065 1074 3130 sicut
1133 3066 1201 3128 in
1259 3066 1488 3129 Genesi
1536 3075 1711 3148 patet
1768 3068 1846 3130 de
1885 3073 1928 3136 C
1958 3073 2115 3135 ritas
2143 3072 2282 3133 ait:
2317 3069 2494 3151 Aqua
2534 3086 2723 3148 quam
2765 3083 2881 3145 ego
2909 3064 3074 3127 dabo
3115 3061 3446 3140 ei,siet1n
3512 3082 3740 3132 soannfflx

344 3163 712 3240 Sodomitis,
766 3165 880 3247 qui
929 3164 1035 3248 pie
1081 3164 1359 3247 correpti
1408 3184 1445 3226 a
1490 3165 1626 3240 Lot,
1681 3165 1849 3228 dixe-

344 3271 497 3325 runt
528 3281 545 3326 z
580 3262 881 3326 Habitare
912 3263 1171 3340 venisti,
1206 3281 1335 3326 non
1365 3263 1537 3345 leges
1566 3265 1752 3344 dare3
1791 3272 1849 3326 te

344 3360 557 3444 ipsum
610 3378 763 3441 ergo
810 3360 1015 3442 magis
1072 3359 1463 3442 affligemus.
1517 3361 1662 3426 Ideo
1710 3370 1847 3426 orat

781 3459 998 3541 Neque
1046 3460 1384 3523 absorbeat
1432 3479 1535 3524 me
1583 3459 1850 3543 profun-

342 3559 521 3636 dum,
570 3577 783 3640 neque
839 3567 1063 3640 urgeat
1106 3577 1299 3640 super
1344 3579 1449 3623 me
1495 3567 1727 3642 puteus
1775 3579 1846 3624 os

344 3677 559 3720 suum.
596 3656 761 3720 Hinc
790 3655 1078 3739 loquitur
1108 3656 1503 3739 Augustinus
1539 3678 1554 3723 :
1589 3659 1849 3722 Peccata

342 3755 643 3839 quamvis
691 3755 981 3819 enormia
1028 3763 1092 3818 et
1142 3755 1478 3834 horrenda,
1528 3776 1729 3839 quum
1780 3757 1847 3820 in

343 3852 878 3917 consuetudinem
936 3853 1259 3930 venerint,
1319 3863 1428 3916 aut
1486 3873 1682 3936 parva
1740 3864 1847 3918 aut

345 3951 526 4016 nulla
550 3971 695 4014 esse
738 3952 1059 4029 videntur,
1095 3952 1161 4014 in
1204 3961 1445 4015 tantum
1490 3961 1560 4015 ut
1599 3972 1725 4018 non
1757 3973 1849 4018 so-

344 4050 479 4114 lum
530 4067 659 4114 non
702 4049 1100 4128 occultanda,
1136 4069 1353 4114 verum
1398 4051 1587 4114 etiam
1626 4053 1848 4134 praedi-

344 4150 558 4213 canda
584 4148 1017 4230 jactandaque
1048 4148 1408 4212 videantur.
1442 4151 1735 4214 Attamen
1768 4153 1847 4216 de

1958 3191 2032 3235 eo
2066 3169 2212 3235 sons
2240 3187 2422 3250 aquae
2461 3165 2746 3230 salientis
2781 3164 2845 3227 in
2884 3163 3081 3226 vitam
3119 3171 3442 3226 aeternam.
3479 3149 3545 3192 '⁴·

1959 3270 2137 3334 Tales
2193 3268 2405 3333 fontes
2467 3266 2728 3328 suerunt
2775 3262 3126 3347 praesertim
3184 3259 3448 3343 gloriosi

1957 3368 2264 3482 Apostoli.
2311 3368 2394 3429 De
2433 3364 2670 3446 quibus
2709 3363 2774 3424 in
2819 3361 3116 3425 Psalmo:
3152 3361 3217 3423 ln
3252 3359 3742 3424 eccle-1³³.txv11,

1956 3469 2069 3532 siis
2125 3464 2487 3531 benedicite
2535 3463 2660 3526 Deo
2709 3461 2976 3524 Domino
3031 3461 3112 3523 de
3163 3458 3448 3523 sontibus
3479 3438 3547 3478 ²⁷·

1954 3567 2168 3631 Israel.
2202 3567 2287 3628 De
2318 3564 2554 3646 quibus
2583 3561 2818 3625 cecinit
2846 3567 2908 3622 et
2939 3558 3714 3622 Isaiastflaurie-1·.n.a.

1956 3665 2039 3728 tis
2069 3684 2269 3747 aquas
2300 3664 2368 3726 in
2397 3662 2629 3742 gaudio
2660 3663 2740 3724 de
2769 3658 3054 3723 sontibus
3087 3656 3443 3721 Salvatoris

2016 3767 2320 3842 Accipere
2339 3781 2684 3842 personam
2716 3760 2911 3836 impii
2942 3757 3008 3819 in
3038 3755 3448 3838 judiciomon.
3581 3769 3618 3824 5

1954 3874 2043 3925 est
2081 3866 2316 3922 bonu-m
2346 3882 2368 3921 .·
2400 3861 2528 3922 imo
2570 3857 2919 3941 pessimum
2961 3864 3078 3930 est,
3123 3863 3184 3918 et
3228 3863 3449 3918 contra

1955 3961 2176 4025 divina
2216 3967 2550 4042 praecepta‚
2584 3976 2658 4019 ae
2699 3956 2884 4019 valde
2923 3954 3188 4018 mortale
3227 3972 3448 4035 pecca-

1956 4067 2114 4138 tum,
2175 4067 2237 4121 et
2296 4057 2494 4139 partis
2549 4054 2812 4118 alterius
2870 4052 3444 4116 damnificativum.

1954 4159 2218 4240 Propter
2245 4157 2417 4238 quod
2449 4155 2539 4218 ait
2565 4151 2948 4216 Psalmista:
2981 4151 3373 4235 Usquequo
3349 4171 3449 4232 Ju-
3478 4169 3627 4275 ΞΡΜ

346 4247 583 4310 talibus
614 4265 743 4310 non
774 4255 871 4310 est
901 4246 1159 4330 penitus
1190 4247 1680 4330 desperandum,
1696 4251 1846 4332 quia
1879 4258 1926 4319 D
1953 4256 2185 4320 dicatis
2231 4254 2656 4336 iniquitatem,
2711 4259 2774 4313 et
2807 4250 3004 4313 facies
3046 4235 3519 4332 peccatorum*

346 4346 426 4408 ab
458 4343 888 4427 omnipotenti
918 4344 1273 4407 animarum
1306 4346 1555 4410 medico
1581 4358 1847 4429 possunt

346 4444 583 4522 curari,
616 4452 690 4506 ut
718 4442 926 4526 patuit
957 4443 1022 4505 in
1058 4443 1361 4508 Manasse.
1396 4448 1527 4508 Sed
1552 4451 1847 4528 sequitur

346 4564 489 4604 eum
532 4544 911 4622 iynominia
954 4551 1013 4602 ec
1054 4545 1469 4620 opprobrium
1510 4565 1533 4604 .·
1578 4545 1729 4626 quia
1778 4547 1843 4609 in

346 4643 652 4725 praesenti
692 4641 826 4704 vita
872 4640 1242 4722 frequenter
1286 4644 1719 4707 contemnitur
1756 4655 1848 4709 ta-

346 4740 451 4819 lis,
506 4750 569 4804 et
626 4738 1046 4822 opprobrium
1105 4746 1359 4804 aeternae
1417 4743 1845 4808 damnationis

256 4860 320 4908 ‚2.
348 4859 477 4904 non
506 4839 742 4903 evadit.
761 4838 849 4900 De
878 4855 1007 4920 quo
1033 4837 1099 4900 in
1132 4838 1390 4902 Daniele
1420 4839 1686 4921 legitur:
1712 4843 1849 4907 Evi-

346 4938 642 5019 gilabunt
673 4936 784 5001 alii
817 4937 885 5000 in
914 4938 1115 5001 vitam
1144 4947 1468 5015 aeternam,
1502 4941 1613 5003 alii
1645 4941 1712 5004 in
1742 4962 1847 5026 op-

346 5037 709 5120 probrium,
750 5044 822 5098 ut
862 5036 1121 5102 videant
1159 5055 1433 5119 semper.

424 5139 621 5216 Aqua
657 5139 1026 5217 profunda,
1060 5138 1251 5197 verba
1292 5157 1374 5196 ex
1414 5159 1521 5198 ore
1562 5141 1699 5200 viri
1728 5143 1845 5206 :id

346 5245 466 5312 est,
500 5234 697 5300 verba
724 5234 1128 5318 sapientialia
1156 5253 1193 5296 a
1225 5235 1363 5300 viro
1395 5235 1755 5304 illuminato
1784 5251 1848 5305 et

345 5333 635 5417 perfecto
676 5332 949 5418 prolata,
996 5332 1437 5397 assimilantur
1479 5355 1661 5419 aquae
1704 5359 1849 5422 pro-

1956 4354 2246 4418 sumitis?
2279 4352 2437 4415 Hine
2472 4351 2772 4414 Dominus
2809 4349 3049 4432 jussit:
3082 4348 3255 4411 Juste
3283 4348 3450 4459 judi·
3523 4368 3627 4412 Leo.
3658 4381 3742 4418 m,

1954 4453 2153 4530 cabis,
2188 4471 2305 4515 nec
2344 4450 2706 4515 consideres
2746 4467 3080 4530 personam
3124 4447 3443 4530 pauperiS,
3480 4433 3547 4477 ¹⁵·

1958 4570 2165 4633 neque
2195 4551 2466 4614 honores
2502 4548 2750 4612 vultum
2787 4547 3088 4629 potentis,
3123 4546 3266 4609 Ideo
3295 4545 3450 4609 dicit

1956 4650 2326 4715 Ambrosius
2382 4666 2395 4710 :
2447 4649 2615 4710 Inter
2667 4646 2884 4710 omnia
2931 4653 3190 4728 peccata
3236 4643 3450 4727 praesi-

1955 4749 2242 4814 dentium
2282 4746 2628 4810 maximum
2666 4754 2782 4823 est,
2825 4746 2993 4826 quod
3035 4761 3162 4807 non
3202 4761 3446 4818 causaS,

1954 4849 2064 4911 sed
2090 4864 2393 4930 personas
2425 4845 2844 4908 considerant.
2857 4843 3162 4924 Denique,
3188 4841 3354 4905 sicut
3383 4841 3448 4903 in

1956 4946 2237 5010 secunda
2286 4945 2600 5020 secundae,
2639 4941 2993 5024 quaestione
3027 4940 3127 5018 63,
3177 4941 3450 5003 Thomas

1958 5043 2226 5120 inducit,
2290 5060 2704 5125 personarum
2761 5039 3048 5122 acceptio
3104 5038 3452 5121 opponitur

1953 5142 2218 5224 justitiae
2256 5140 2701 5217 distributivae,
2738 5157 2879 5220 quae
2921 5137 3144 5199 tribuit
3182 5135 3450 5202 diversis

1956 5243 2247 5326 personis
2293 5241 2644 5304 seeundum
2693 5257 2906 5302 earum
2957 5238 3331 5320 dignitatem
3375 5257 3450 5301 ac

1954 5341 2203 5405 merita.
2227 5340 2370 5403 ldeo
2398 5337 2686 5421 acceptio
2717 5354 3132 5420 personarum
3163 5336 3454 5400 commit-
