<?xml version="1.0" encoding="UTF-8"?>
<!DOCTYPE html PUBLIC "-//W3C//DTD XHTML 1.0 Transitional//EN"
    "http://www.w3.org/TR/xhtml1/DTD/xhtml1-transitional.dtd">
<html xmlns="http://www.w3.org/1999/xhtml" xml:lang="en" lang="en">
 <head>
  <title>
</title>
<meta http-equiv="Content-Type" content="text/html;charset=utf-8" />
  <meta name='ocr-system' content='tesseract 3.04.00' />
  <meta name='ocr-capabilities' content='ocr_page ocr_carea ocr_par ocr_line ocrx_word'/>
</head>
<body>
  <div class='ocr_page' id='page_1' title='image "./doctorisecstati00denigoog_0082.png"; bbox 0 0 4284 6267; ppageno 0'>
   <div class='ocr_carea' id='block_1_1' title="bbox 1047 472 3435 539">
    <p class='ocr_par' dir='ltr' id='par_1_1' title="bbox 1047 472 3435 539">
     <span class='ocr_line' id='line_1_1' title="bbox 1047 472 3435 539; baseline 0.002 -4"><span class='ocrx_word' id='word_1_1' title='bbox 1047 488 1399 537; x_wconf 64' lang='lat' dir='ltr'><strong>umam-rm</strong></span> <span class='ocrx_word' id='word_1_2' title='bbox 1442 489 1506 535; x_wconf 77' lang='lat' dir='ltr'><strong>m</strong></span> <span class='ocrx_word' id='word_1_3' title='bbox 1547 488 1684 535; x_wconf 73' lang='lat' dir='ltr'><strong>cAr.</strong></span> <span class='ocrx_word' id='word_1_4' title='bbox 1723 490 1784 535; x_wconf 79' lang='lat' dir='ltr'><strong>vi</strong></span> <span class='ocrx_word' id='word_1_5' title='bbox 1828 488 2313 538; x_wconf 75' lang='lat' dir='ltr'><strong>raovsnmoatm.</strong></span> <span class='ocrx_word' id='word_1_6' title='bbox 2359 510 2439 521; x_wconf 90' lang='lat'><strong>——</strong></span> <span class='ocrx_word' id='word_1_7' title='bbox 2481 493 2623 539; x_wconf 74' lang='lat' dir='ltr'><strong>Am.</strong></span> <span class='ocrx_word' id='word_1_8' title='bbox 2656 492 2718 538; x_wconf 90' lang='lat' dir='ltr'><strong>v1</strong></span> <span class='ocrx_word' id='word_1_9' title='bbox 3356 472 3435 539; x_wconf 77' lang='lat'><strong>49</strong></span> 
     </span>
    </p>
   </div>
   <div class='ocr_carea' id='block_1_2' title="bbox 315 659 3436 746">
    <p class='ocr_par' dir='ltr' id='par_1_2' title="bbox 315 659 3436 746">
     <span class='ocr_line' id='line_1_2' title="bbox 315 659 3436 746; baseline 0.003 -31"><span class='ocrx_word' id='word_1_10' title='bbox 315 659 546 726; x_wconf 84' lang='lat' dir='ltr'><strong>deant,</strong></span> <span class='ocrx_word' id='word_1_11' title='bbox 589 659 748 721; x_wconf 89' lang='lat' dir='ltr'><strong>dum</strong></span> <span class='ocrx_word' id='word_1_12' title='bbox 793 659 962 740; x_wconf 88' lang='lat' dir='ltr'><strong>ignis</strong></span> <span class='ocrx_word' id='word_1_13' title='bbox 1012 659 1379 724; x_wconf 80' lang='lat' dir='ltr'><strong>immediate</strong></span> <span class='ocrx_word' id='word_1_14' title='bbox 1427 660 1630 740; x_wconf 87' lang='lat' dir='ltr'><strong>tangit</strong></span> <span class='ocrx_word' id='word_1_15' title='bbox 1679 660 1906 741; x_wconf 86' lang='lat' dir='ltr'><strong>pan-A</strong></span> <span class='ocrx_word' id='word_1_16' title='bbox 1939 660 2279 724; x_wconf 89' lang='lat' dir='ltr'><strong>dicialibus</strong></span> <span class='ocrx_word' id='word_1_17' title='bbox 2330 671 2574 745; x_wconf 89' lang='lat' dir='ltr'><strong>poterat</strong></span> <span class='ocrx_word' id='word_1_18' title='bbox 2620 683 2671 726; x_wconf 87' lang='lat' dir='ltr'><strong>a·</strong></span> <span class='ocrx_word' id='word_1_19' title='bbox 2703 664 2957 746; x_wconf 86' lang='lat' dir='ltr'><strong>regibus</strong></span> <span class='ocrx_word' id='word_1_20' title='bbox 3004 666 3245 729; x_wconf 90' lang='lat' dir='ltr'><strong>additio</strong></span> <span class='ocrx_word' id='word_1_21' title='bbox 3291 664 3436 727; x_wconf 91' lang='lat' dir='ltr'><strong>fieri</strong></span> 
     </span>
    </p>
   </div>
   <div class='ocr_carea' id='block_1_3' title="bbox 142 759 1832 1825">
    <p class='ocr_par' dir='ltr' id='par_1_3' title="bbox 142 759 1832 1234">
     <span class='ocr_line' id='line_1_3' title="bbox 142 759 1826 838; baseline 0.002 -21"><span class='ocrx_word' id='word_1_22' title='bbox 142 764 204 817; x_wconf 79' lang='lat'><strong>28</strong></span> <span class='ocrx_word' id='word_1_23' title='bbox 320 773 476 817; x_wconf 89' lang='lat' dir='ltr'><strong>num</strong></span> <span class='ocrx_word' id='word_1_24' title='bbox 507 759 536 817; x_wconf 70' lang='grc' dir='ltr'><strong>’ἒ</strong></span> <span class='ocrx_word' id='word_1_25' title='bbox 587 769 710 819; x_wconf 86' lang='lat' dir='ltr'><strong>aut</strong></span> <span class='ocrx_word' id='word_1_26' title='bbox 737 762 1074 821; x_wconf 80' lang='lat' dir='ltr'><strong>ambulare</strong></span> <span class='ocrx_word' id='word_1_27' title='bbox 1101 780 1297 838; x_wconf 82' lang='lat' dir='ltr'><strong>super</strong></span> <span class='ocrx_word' id='word_1_28' title='bbox 1317 780 1597 838; x_wconf 78' lang='lat' dir='ltr'><strong>prunas,</strong></span> <span class='ocrx_word' id='word_1_29' title='bbox 1632 760 1694 822; x_wconf 89' lang='lat' dir='ltr'><strong>id</strong></span> <span class='ocrx_word' id='word_1_30' title='bbox 1735 767 1826 822; x_wconf 86' lang='lat' dir='ltr'><strong>est</strong></span> 
     </span>
     <span class='ocr_line' id='line_1_4' title="bbox 319 854 1827 941; baseline 0.002 -26"><span class='ocrx_word' id='word_1_31' title='bbox 319 854 644 918; x_wconf 85' lang='lat' dir='ltr'><strong>carbones</strong></span> <span class='ocrx_word' id='word_1_32' title='bbox 691 858 1008 935; x_wconf 82' lang='lat' dir='ltr'><strong>ardenteS,</strong></span> <span class='ocrx_word' id='word_1_33' title='bbox 1043 858 1234 921; x_wconf 89' lang='lat' dir='ltr'><strong>nudis</strong></span> <span class='ocrx_word' id='word_1_34' title='bbox 1283 858 1540 941; x_wconf 81' lang='lat' dir='ltr'><strong>plantiS,</strong></span> <span class='ocrx_word' id='word_1_35' title='bbox 1577 869 1650 919; x_wconf 87' lang='lat' dir='ltr'><strong>ut</strong></span> <span class='ocrx_word' id='word_1_36' title='bbox 1701 879 1827 919; x_wconf 78' lang='lat' dir='ltr'><strong>non</strong></span> 
     </span>
     <span class='ocr_line' id='line_1_5' title="bbox 317 956 1830 1037; baseline 0.005 -26"><span class='ocrx_word' id='word_1_37' title='bbox 317 956 802 1016; x_wconf 74' lang='lat' dir='ltr'><strong>comburantur</strong></span> <span class='ocrx_word' id='word_1_38' title='bbox 812 960 1062 1033; x_wconf 76' lang='lat' dir='ltr'><strong>planta&gt;</strong></span> <span class='ocrx_word' id='word_1_39' title='bbox 1089 956 1270 1034; x_wconf 81' lang='lat' dir='ltr'><strong>ejus?</strong></span> <span class='ocrx_word' id='word_1_40' title='bbox 1288 956 1470 1037; x_wconf 83' lang='lat' dir='ltr'>quasi</span> <span class='ocrx_word' id='word_1_41' title='bbox 1499 956 1684 1032; x_wconf 87' lang='lat' dir='ltr'><strong>dicat,</strong></span> <span class='ocrx_word' id='word_1_42' title='bbox 1703 956 1830 1019; x_wconf 87' lang='lat' dir='ltr'><strong>Hoc</strong></span> 
     </span>
     <span class='ocr_line' id='line_1_6' title="bbox 322 1054 1828 1136; baseline 0.001 -22"><span class='ocrx_word' id='word_1_43' title='bbox 322 1070 437 1132; x_wconf 91' lang='lat' dir='ltr'><strong>per</strong></span> <span class='ocrx_word' id='word_1_44' title='bbox 467 1060 772 1115; x_wconf 87' lang='lat' dir='ltr'><strong>naturam</strong></span> <span class='ocrx_word' id='word_1_45' title='bbox 803 1064 900 1117; x_wconf 83' lang='lat' dir='ltr'><strong>est</strong></span> <span class='ocrx_word' id='word_1_46' title='bbox 931 1054 1330 1136; x_wconf 89' lang='lat' dir='ltr'><strong>impossibile</strong></span> <span class='ocrx_word' id='word_1_47' title='bbox 1365 1072 1378 1116; x_wconf 92' lang='lat'><strong>:</strong></span> <span class='ocrx_word' id='word_1_48' title='bbox 1413 1055 1588 1136; x_wconf 90' lang='lat' dir='ltr'><strong>quod</strong></span> <span class='ocrx_word' id='word_1_49' title='bbox 1621 1064 1828 1116; x_wconf 88' lang='lat' dir='ltr'><strong>tamen</strong></span> 
     </span>
     <span class='ocr_line' id='line_1_7' title="bbox 322 1148 1832 1234; baseline 0.003 -24"><span class='ocrx_word' id='word_1_50' title='bbox 322 1148 716 1215; x_wconf 80' lang='lat' dir='ltr'><strong>miraculose</strong></span> <span class='ocrx_word' id='word_1_51' title='bbox 745 1162 996 1233; x_wconf 87' lang='lat' dir='ltr'><strong>gestum</strong></span> <span class='ocrx_word' id='word_1_52' title='bbox 1027 1161 1124 1216; x_wconf 88' lang='lat' dir='ltr'><strong>est</strong></span> <span class='ocrx_word' id='word_1_53' title='bbox 1155 1172 1324 1234; x_wconf 82' lang='lat' dir='ltr'><strong>saepe</strong></span> <span class='ocrx_word' id='word_1_54' title='bbox 1363 1153 1430 1215; x_wconf 92' lang='lat' dir='ltr'><strong>in</strong></span> <span class='ocrx_word' id='word_1_55' title='bbox 1463 1152 1832 1233; x_wconf 86' lang='lat' dir='ltr'><strong>evangelica</strong></span> 
     </span>
    </p>

    <p class='ocr_par' dir='ltr' id='par_1_4' title="bbox 142 1246 1832 1825">
     <span class='ocr_line' id='line_1_8' title="bbox 142 1246 1832 1330; baseline 0.005 -26"><span class='ocrx_word' id='word_1_56' title='bbox 142 1250 204 1304; x_wconf 78' lang='lat'><strong>29</strong></span> <span class='ocrx_word' id='word_1_57' title='bbox 321 1246 486 1328; x_wconf 83' lang='lat' dir='ltr'><strong>lege.</strong></span> <span class='ocrx_word' id='word_1_58' title='bbox 505 1252 628 1311; x_wconf 82' lang='lat' dir='ltr'><strong>Sic</strong></span> <span class='ocrx_word' id='word_1_59' title='bbox 653 1252 773 1330; x_wconf 79' lang='lat' dir='ltr'><strong>qui</strong></span> <span class='ocrx_word' id='word_1_60' title='bbox 803 1254 1177 1329; x_wconf 70' lang='lat' dir='ltr'><strong>inqreditur</strong></span> <span class='ocrx_word' id='word_1_61' title='bbox 1205 1254 1294 1311; x_wconf 85' lang='lat' dir='ltr'><strong>ad</strong></span> <span class='ocrx_word' id='word_1_62' title='bbox 1325 1254 1663 1312; x_wconf 83' lang='lat' dir='ltr'><strong>mulierem</strong></span> <span class='ocrx_word' id='word_1_63' title='bbox 1686 1272 1832 1329; x_wconf 75' lang='lat' dir='ltr'><strong>pro-</strong></span> 
     </span>
     <span class='ocr_line' id='line_1_9' title="bbox 320 1348 1830 1429; baseline 0.004 -24"><span class='ocrx_word' id='word_1_64' title='bbox 320 1348 496 1408; x_wconf 73' lang='lat' dir='ltr'><strong>oeimi</strong></span> <span class='ocrx_word' id='word_1_65' title='bbox 529 1350 664 1420; x_wconf 78' lang='lat' dir='ltr'><strong>sui,</strong></span> <span class='ocrx_word' id='word_1_66' title='bbox 695 1349 776 1411; x_wconf 87' lang='lat' dir='ltr'><strong>ad</strong></span> <span class='ocrx_word' id='word_1_67' title='bbox 815 1350 1326 1429; x_wconf 81' lang='lat' dir='ltr'><strong>cognoscendum</strong></span> <span class='ocrx_word' id='word_1_68' title='bbox 1359 1368 1522 1426; x_wconf 90' lang='lat' dir='ltr'><strong>eam,</strong></span> <span class='ocrx_word' id='word_1_69' title='bbox 1547 1371 1676 1411; x_wconf 81' lang='lat' dir='ltr'><strong>non</strong></span> <span class='ocrx_word' id='word_1_70' title='bbox 1705 1353 1830 1411; x_wconf 83' lang='lat' dir='ltr'><strong>erit</strong></span> 
     </span>
     <span class='ocr_line' id='line_1_10' title="bbox 323 1448 1829 1527; baseline 0.004 -22"><span class='ocrx_word' id='word_1_71' title='bbox 323 1450 620 1506; x_wconf 81' lang='lat' dir='ltr'><strong>mundus</strong></span> <span class='ocrx_word' id='word_1_72' title='bbox 652 1456 890 1525; x_wconf 86' lang='lat' dir='ltr'><strong>mente,</strong></span> <span class='ocrx_word' id='word_1_73' title='bbox 924 1468 1128 1527; x_wconf 84' lang='lat' dir='ltr'><strong>quum</strong></span> <span class='ocrx_word' id='word_1_74' title='bbox 1158 1450 1438 1524; x_wconf 72' lang='lat' dir='ltr'><strong>tetiyerit</strong></span> <span class='ocrx_word' id='word_1_75' title='bbox 1466 1468 1610 1509; x_wconf 86' lang='lat' dir='ltr'><strong>eam</strong></span> <span class='ocrx_word' id='word_1_76' title='bbox 1643 1470 1666 1508; x_wconf 89' lang='lat'><strong>.·</strong></span> <span class='ocrx_word' id='word_1_77' title='bbox 1699 1448 1829 1511; x_wconf 90' lang='lat' dir='ltr'><strong>imo</strong></span> 
     </span>
     <span class='ocr_line' id='line_1_11' title="bbox 323 1543 1830 1629; baseline 0.003 -24"><span class='ocrx_word' id='word_1_78' title='bbox 323 1543 892 1609; x_wconf 89' lang='lat' dir='ltr'><strong>immundissimus</strong></span> <span class='ocrx_word' id='word_1_79' title='bbox 924 1545 1004 1610; x_wconf 90' lang='lat' dir='ltr'><strong>fit</strong></span> <span class='ocrx_word' id='word_1_80' title='bbox 1041 1547 1130 1609; x_wconf 88' lang='lat' dir='ltr'><strong>ita</strong></span> <span class='ocrx_word' id='word_1_81' title='bbox 1163 1548 1507 1629; x_wconf 88' lang='lat' dir='ltr'><strong>peccando,</strong></span> <span class='ocrx_word' id='word_1_82' title='bbox 1534 1547 1830 1628; x_wconf 83' lang='lat' dir='ltr'><strong>quamvis</strong></span> 
     </span>
     <span class='ocr_line' id='line_1_12' title="bbox 323 1644 1829 1728; baseline 0.001 -23"><span class='ocrx_word' id='word_1_83' title='bbox 323 1644 684 1724; x_wconf 86' lang='lat' dir='ltr'><strong>corporalis</strong></span> <span class='ocrx_word' id='word_1_84' title='bbox 725 1653 953 1708; x_wconf 90' lang='lat' dir='ltr'><strong>natura</strong></span> <span class='ocrx_word' id='word_1_85' title='bbox 981 1666 1018 1707; x_wconf 91' lang='lat' dir='ltr'><strong>a</strong></span> <span class='ocrx_word' id='word_1_86' title='bbox 1047 1664 1164 1707; x_wconf 90' lang='lat' dir='ltr'><strong>sua</strong></span> <span class='ocrx_word' id='word_1_87' title='bbox 1203 1644 1650 1727; x_wconf 76' lang='lat' dir='ltr'><strong>superfluitate</strong></span> <span class='ocrx_word' id='word_1_88' title='bbox 1681 1666 1829 1728; x_wconf 90' lang='lat' dir='ltr'><strong>pur-</strong></span> 
     </span>
     <span class='ocr_line' id='line_1_13' title="bbox 321 1743 1827 1825; baseline 0.003 -21"><span class='ocrx_word' id='word_1_89' title='bbox 321 1751 532 1821; x_wconf 82' lang='lat' dir='ltr'><strong>getur,</strong></span> <span class='ocrx_word' id='word_1_90' title='bbox 588 1745 1131 1825; x_wconf 80' lang='lat' dir='ltr'><strong>quemadmodum</strong></span> <span class='ocrx_word' id='word_1_91' title='bbox 1197 1743 1400 1807; x_wconf 88' lang='lat' dir='ltr'><strong>fertur</strong></span> <span class='ocrx_word' id='word_1_92' title='bbox 1449 1746 1527 1807; x_wconf 91' lang='lat' dir='ltr'><strong>de</strong></span> <span class='ocrx_word' id='word_1_93' title='bbox 1573 1746 1827 1809; x_wconf 90' lang='lat' dir='ltr'><strong>Bethsa-</strong></span> 
     </span>
    </p>
   </div>
   <div class='ocr_carea' id='block_1_4' title="bbox 1937 760 3437 1826">
    <p class='ocr_par' dir='ltr' id='par_1_5' title="bbox 1937 760 3437 1826">
     <span class='ocr_line' id='line_1_14' title="bbox 1939 760 3437 845; baseline 0.003 -24"><span class='ocrx_word' id='word_1_94' title='bbox 1939 760 2292 822; x_wconf 91' lang='lat' dir='ltr'><strong>secundum</strong></span> <span class='ocrx_word' id='word_1_95' title='bbox 2330 761 2711 841; x_wconf 81' lang='lat' dir='ltr'><strong>exigentiam</strong></span> <span class='ocrx_word' id='word_1_96' title='bbox 2756 764 3081 845; x_wconf 78' lang='lat' dir='ltr'><strong>temporis.</strong></span> <span class='ocrx_word' id='word_1_97' title='bbox 3115 764 3291 825; x_wconf 91' lang='lat' dir='ltr'><strong>Unde</strong></span> <span class='ocrx_word' id='word_1_98' title='bbox 3329 782 3437 844; x_wconf 92' lang='lat' dir='ltr'><strong>ap-</strong></span> 
     </span>
     <span class='ocr_line' id='line_1_15' title="bbox 1940 858 3430 943; baseline 0.003 -24"><span class='ocrx_word' id='word_1_99' title='bbox 1940 868 2133 939; x_wconf 89' lang='lat' dir='ltr'><strong>paret,</strong></span> <span class='ocrx_word' id='word_1_100' title='bbox 2152 860 2321 940; x_wconf 90' lang='lat' dir='ltr'><strong>quod</strong></span> <span class='ocrx_word' id='word_1_101' title='bbox 2348 858 2516 923; x_wconf 89' lang='lat' dir='ltr'><strong>furto</strong></span> <span class='ocrx_word' id='word_1_102' title='bbox 2538 861 2704 943; x_wconf 92' lang='lat' dir='ltr'><strong>apud</strong></span> <span class='ocrx_word' id='word_1_103' title='bbox 2724 862 2971 925; x_wconf 83' lang='lat' dir='ltr'><strong>Judaeos</strong></span> <span class='ocrx_word' id='word_1_104' title='bbox 2992 862 3430 935; x_wconf 79' lang='lat' dir='ltr'><strong>invalescente,</strong></span> 
     </span>
     <span class='ocr_line' id='line_1_16' title="bbox 1940 956 3435 1041; baseline 0.003 -25"><span class='ocrx_word' id='word_1_105' title='bbox 1940 965 2008 1017; x_wconf 89' lang='lat' dir='ltr'><strong>ut</strong></span> <span class='ocrx_word' id='word_1_106' title='bbox 2039 956 2241 1036; x_wconf 78' lang='lat' dir='ltr'><strong>magis</strong></span> <span class='ocrx_word' id='word_1_107' title='bbox 2276 958 2749 1040; x_wconf 89' lang='lat' dir='ltr'><strong>reprimeretur,</strong></span> <span class='ocrx_word' id='word_1_108' title='bbox 2785 978 2974 1041; x_wconf 87' lang='lat' dir='ltr'><strong>poena</strong></span> <span class='ocrx_word' id='word_1_109' title='bbox 3004 958 3267 1041; x_wconf 81' lang='lat' dir='ltr'><strong>praefata</strong></span> <span class='ocrx_word' id='word_1_110' title='bbox 3300 957 3435 1021; x_wconf 85' lang='lat' dir='ltr'><strong>fue—</strong></span> 
     </span>
     <span class='ocr_line' id='line_1_17' title="bbox 1940 1054 3431 1138; baseline 0.003 -23"><span class='ocrx_word' id='word_1_111' title='bbox 1940 1054 2023 1115; x_wconf 92' lang='lat' dir='ltr'><strong>rit</strong></span> <span class='ocrx_word' id='word_1_112' title='bbox 2067 1065 2255 1118; x_wconf 89' lang='lat' dir='ltr'><strong>aucta</strong></span> <span class='ocrx_word' id='word_1_113' title='bbox 2292 1064 2579 1138; x_wconf 90' lang='lat' dir='ltr'><strong>tempore</strong></span> <span class='ocrx_word' id='word_1_114' title='bbox 2613 1058 2989 1121; x_wconf 79' lang='lat' dir='ltr'><strong>Salomonis,</strong></span> <span class='ocrx_word' id='word_1_115' title='bbox 3022 1058 3219 1121; x_wconf 82' lang='lat' dir='ltr'><strong>Judaei</strong></span> <span class='ocrx_word' id='word_1_116' title='bbox 3260 1059 3431 1120; x_wconf 90' lang='lat' dir='ltr'><strong>enim</strong></span> 
     </span>
     <span class='ocr_line' id='line_1_18' title="bbox 1939 1152 3434 1236; baseline 0.001 -21"><span class='ocrx_word' id='word_1_117' title='bbox 1939 1171 2192 1236; x_wconf 90' lang='lat' dir='ltr'><strong>semper</strong></span> <span class='ocrx_word' id='word_1_118' title='bbox 2224 1152 2503 1229; x_wconf 89' lang='lat' dir='ltr'><strong>fuerunt,</strong></span> <span class='ocrx_word' id='word_1_119' title='bbox 2529 1155 2691 1218; x_wconf 85' lang='lat' dir='ltr'><strong>sicut</strong></span> <span class='ocrx_word' id='word_1_120' title='bbox 2722 1156 2927 1219; x_wconf 90' lang='lat' dir='ltr'><strong>adhuc</strong></span> <span class='ocrx_word' id='word_1_121' title='bbox 2960 1166 3129 1233; x_wconf 90' lang='lat' dir='ltr'><strong>sunt,</strong></span> <span class='ocrx_word' id='word_1_122' title='bbox 3164 1156 3338 1221; x_wconf 86' lang='lat' dir='ltr'><strong>avari</strong></span> <span class='ocrx_word' id='word_1_123' title='bbox 3369 1164 3434 1220; x_wconf 93' lang='lat' dir='ltr'><strong>et</strong></span> 
     </span>
     <span class='ocr_line' id='line_1_19' title="bbox 1940 1250 3431 1328; baseline 0.003 -16"><span class='ocrx_word' id='word_1_124' title='bbox 1940 1250 2347 1328; x_wconf 78' lang='lat' dir='ltr'><strong>fraudulenti,</strong></span> <span class='ocrx_word' id='word_1_125' title='bbox 2390 1254 2554 1315; x_wconf 90' lang='lat' dir='ltr'><strong>sicut</strong></span> <span class='ocrx_word' id='word_1_126' title='bbox 2598 1261 2660 1317; x_wconf 91' lang='lat' dir='ltr'><strong>et</strong></span> <span class='ocrx_word' id='word_1_127' title='bbox 2708 1254 2925 1317; x_wconf 91' lang='lat' dir='ltr'><strong>Petrus</strong></span> <span class='ocrx_word' id='word_1_128' title='bbox 2963 1255 3043 1317; x_wconf 90' lang='lat' dir='ltr'><strong>de</strong></span> <span class='ocrx_word' id='word_1_129' title='bbox 3081 1255 3323 1319; x_wconf 84' lang='lat' dir='ltr'><strong>Alliaco</strong></span> <span class='ocrx_word' id='word_1_130' title='bbox 3366 1256 3431 1317; x_wconf 93' lang='lat' dir='ltr'><strong>in</strong></span> 
     </span>
     <span class='ocr_line' id='line_1_20' title="bbox 1940 1350 3427 1433; baseline 0.002 -21"><span class='ocrx_word' id='word_1_131' title='bbox 1940 1350 2104 1413; x_wconf 92' lang='lat' dir='ltr'><strong>libro</strong></span> <span class='ocrx_word' id='word_1_132' title='bbox 2134 1358 2355 1413; x_wconf 90' lang='lat' dir='ltr'><strong>contra</strong></span> <span class='ocrx_word' id='word_1_133' title='bbox 2385 1351 2869 1433; x_wconf 82' lang='lat' dir='ltr'><strong>superstitiones</strong></span> <span class='ocrx_word' id='word_1_134' title='bbox 2898 1362 3427 1432; x_wconf 80' lang='lat' dir='ltr'><strong>astronomorum,</strong></span> 
     </span>
     <span class='ocr_line' id='line_1_21' title="bbox 1937 1448 3433 1529; baseline 0.002 -19"><span class='ocrx_word' id='word_1_135' title='bbox 1937 1456 2212 1510; x_wconf 85' lang='lat' dir='ltr'><strong>enarrat.</strong></span> <span class='ocrx_word' id='word_1_136' title='bbox 2238 1448 2375 1525; x_wconf 82' lang='lat' dir='ltr'><strong>Vel,</strong></span> <span class='ocrx_word' id='word_1_137' title='bbox 2411 1468 2611 1529; x_wconf 90' lang='lat' dir='ltr'><strong>quum</strong></span> <span class='ocrx_word' id='word_1_138' title='bbox 2645 1449 2881 1512; x_wconf 91' lang='lat' dir='ltr'><strong>dicitur</strong></span> <span class='ocrx_word' id='word_1_139' title='bbox 2908 1456 3296 1528; x_wconf 81' lang='lat' dir='ltr'><strong>septuplum,</strong></span> <span class='ocrx_word' id='word_1_140' title='bbox 3330 1471 3433 1513; x_wconf 90' lang='lat' dir='ltr'><strong>su-</strong></span> 
     </span>
     <span class='ocr_line' id='line_1_22' title="bbox 1938 1547 3433 1631; baseline 0.002 -23"><span class='ocrx_word' id='word_1_141' title='bbox 1938 1547 2134 1608; x_wconf 86' lang='lat' dir='ltr'><strong>mitur</strong></span> <span class='ocrx_word' id='word_1_142' title='bbox 2174 1566 2477 1611; x_wconf 89' lang='lat' dir='ltr'><strong>numerus</strong></span> <span class='ocrx_word' id='word_1_143' title='bbox 2515 1549 2971 1611; x_wconf 85' lang='lat' dir='ltr'><strong>determinatus</strong></span> <span class='ocrx_word' id='word_1_144' title='bbox 3005 1568 3119 1631; x_wconf 89' lang='lat' dir='ltr'><strong>pro</strong></span> <span class='ocrx_word' id='word_1_145' title='bbox 3160 1550 3433 1613; x_wconf 90' lang='lat' dir='ltr'><strong>indeter-</strong></span> 
     </span>
     <span class='ocr_line' id='line_1_23' title="bbox 1939 1645 3432 1729; baseline 0.001 -22"><span class='ocrx_word' id='word_1_146' title='bbox 1939 1645 2202 1722; x_wconf 90' lang='lat' dir='ltr'><strong>minato,</strong></span> <span class='ocrx_word' id='word_1_147' title='bbox 2258 1654 2327 1708; x_wconf 89' lang='lat' dir='ltr'><strong>ut</strong></span> <span class='ocrx_word' id='word_1_148' title='bbox 2369 1646 2453 1709; x_wconf 88' lang='lat' dir='ltr'><strong>sit</strong></span> <span class='ocrx_word' id='word_1_149' title='bbox 2499 1666 2723 1709; x_wconf 89' lang='lat' dir='ltr'><strong>sensus</strong></span> <span class='ocrx_word' id='word_1_150' title='bbox 2769 1664 2783 1708; x_wconf 72' lang='grc' dir='ltr'>ε</span> <span class='ocrx_word' id='word_1_151' title='bbox 2830 1646 3203 1729; x_wconf 88' lang='lat' dir='ltr'><strong>Septuplum</strong></span> <span class='ocrx_word' id='word_1_152' title='bbox 3254 1648 3432 1711; x_wconf 89' lang='lat' dir='ltr'><strong>resti-</strong></span> 
     </span>
     <span class='ocr_line' id='line_1_24' title="bbox 1937 1744 3425 1826; baseline 0.002 -20"><span class='ocrx_word' id='word_1_153' title='bbox 1937 1752 2094 1820; x_wconf 92' lang='lat' dir='ltr'><strong>tuet,</strong></span> <span class='ocrx_word' id='word_1_154' title='bbox 2131 1744 2195 1806; x_wconf 92' lang='lat' dir='ltr'><strong>id</strong></span> <span class='ocrx_word' id='word_1_155' title='bbox 2239 1753 2354 1820; x_wconf 84' lang='lat' dir='ltr'><strong>est,</strong></span> <span class='ocrx_word' id='word_1_156' title='bbox 2390 1745 2675 1826; x_wconf 86' lang='lat' dir='ltr'><strong>plenarie</strong></span> <span class='ocrx_word' id='word_1_157' title='bbox 2720 1744 3067 1809; x_wconf 82' lang='lat' dir='ltr'><strong>satisfaciet</strong></span> <span class='ocrx_word' id='word_1_158' title='bbox 3102 1763 3115 1807; x_wconf 94' lang='lat'><strong>:</strong></span> <span class='ocrx_word' id='word_1_159' title='bbox 3150 1747 3313 1809; x_wconf 85' lang='lat' dir='ltr'><strong>sicut</strong></span> <span class='ocrx_word' id='word_1_160' title='bbox 3358 1747 3425 1809; x_wconf 87' lang='lat' dir='ltr'><strong>in</strong></span> 
     </span>
    </p>
   </div>
   <div class='ocr_carea' id='block_1_5' title="bbox 69 1840 3717 1927">
    <p class='ocr_par' dir='ltr' id='par_1_6' title="bbox 69 1840 3717 1927">
     <span class='ocr_line' id='line_1_25' title="bbox 69 1840 3717 1927; baseline 0.004 -30"><span class='ocrx_word' id='word_1_161' title='bbox 69 1856 296 1911; x_wconf 62' lang='grc' dir='ltr'><strong>ιιιιεμιι.</strong></span> <span class='ocrx_word' id='word_1_162' title='bbox 323 1840 440 1903; x_wconf 90' lang='lat' dir='ltr'><strong>bee</strong></span> <span class='ocrx_word' id='word_1_163' title='bbox 485 1860 499 1903; x_wconf 92' lang='lat'><strong>:</strong></span> <span class='ocrx_word' id='word_1_164' title='bbox 553 1841 870 1905; x_wconf 89' lang='lat' dir='ltr'><strong>Dormivit</strong></span> <span class='ocrx_word' id='word_1_165' title='bbox 918 1843 1113 1907; x_wconf 89' lang='lat' dir='ltr'><strong>David</strong></span> <span class='ocrx_word' id='word_1_166' title='bbox 1163 1862 1309 1905; x_wconf 90' lang='lat' dir='ltr'><strong>cum</strong></span> <span class='ocrx_word' id='word_1_167' title='bbox 1353 1862 1448 1919; x_wconf 92' lang='lat' dir='ltr'><strong>ea,</strong></span> <span class='ocrx_word' id='word_1_168' title='bbox 1481 1845 1826 1925; x_wconf 89' lang='lat' dir='ltr'><strong>statimque</strong></span> <span class='ocrx_word' id='word_1_169' title='bbox 1863 1846 1908 1907; x_wconf 91' lang='lat' dir='ltr'><strong>B</strong></span> <span class='ocrx_word' id='word_1_170' title='bbox 1937 1842 2183 1905; x_wconf 82' lang='lat' dir='ltr'><strong>Psalmo</strong></span> <span class='ocrx_word' id='word_1_171' title='bbox 2224 1842 2480 1918; x_wconf 91' lang='lat' dir='ltr'><strong>dicitur,</strong></span> <span class='ocrx_word' id='word_1_172' title='bbox 2514 1843 2723 1905; x_wconf 87' lang='lat' dir='ltr'><strong>Redde</strong></span> <span class='ocrx_word' id='word_1_173' title='bbox 2768 1843 2998 1905; x_wconf 88' lang='lat' dir='ltr'><strong>vicinis</strong></span> <span class='ocrx_word' id='word_1_174' title='bbox 3030 1844 3260 1908; x_wconf 85' lang='lat' dir='ltr'><strong>nostris</strong></span> <span class='ocrx_word' id='word_1_175' title='bbox 3291 1864 3430 1927; x_wconf 91' lang='lat' dir='ltr'><strong>sep·</strong></span> <span class='ocrx_word' id='word_1_176' title='bbox 3468 1867 3717 1922; x_wconf 58' lang='lat' dir='ltr'><strong>Peuma,</strong></span> 
     </span>
    </p>
   </div>
   <div class='ocr_carea' id='block_1_6' title="bbox 147 1939 1826 3007">
    <p class='ocr_par' dir='ltr' id='par_1_7' title="bbox 323 1939 1582 2006">
     <span class='ocr_line' id='line_1_26' title="bbox 323 1939 1582 2006; baseline 0.002 -5"><span class='ocrx_word' id='word_1_177' title='bbox 323 1939 734 2004; x_wconf 87' lang='lat' dir='ltr'><strong>sanctificata</strong></span> <span class='ocrx_word' id='word_1_178' title='bbox 764 1950 864 2005; x_wconf 88' lang='lat' dir='ltr'><strong>est</strong></span> <span class='ocrx_word' id='word_1_179' title='bbox 891 1941 972 2004; x_wconf 91' lang='lat' dir='ltr'><strong>ab</strong></span> <span class='ocrx_word' id='word_1_180' title='bbox 1004 1942 1414 2006; x_wconf 90' lang='lat' dir='ltr'><strong>immunditia</strong></span> <span class='ocrx_word' id='word_1_181' title='bbox 1445 1961 1582 2004; x_wconf 90' lang='lat' dir='ltr'><strong>sua.</strong></span> 
     </span>
    </p>

    <p class='ocr_par' dir='ltr' id='par_1_8' title="bbox 147 2041 1826 3007">
     <span class='ocr_line' id='line_1_27' title="bbox 147 2041 1826 2123; baseline 0.002 -23"><span class='ocrx_word' id='word_1_182' title='bbox 147 2046 208 2100; x_wconf 84' lang='lat'><strong>30</strong></span> <span class='ocrx_word' id='word_1_183' title='bbox 407 2042 562 2101; x_wconf 82' lang='lat' dir='ltr'><strong>Non</strong></span> <span class='ocrx_word' id='word_1_184' title='bbox 585 2044 864 2118; x_wconf 63' lang='lat' dir='ltr'><strong>,arandis</strong></span> <span class='ocrx_word' id='word_1_185' title='bbox 890 2051 979 2103; x_wconf 82' lang='lat' dir='ltr'><strong>est</strong></span> <span class='ocrx_word' id='word_1_186' title='bbox 1017 2044 1211 2120; x_wconf 80' lang='lat' dir='ltr'><strong>culpa</strong></span> <span class='ocrx_word' id='word_1_187' title='bbox 1251 2049 1544 2123; x_wconf 89' lang='lat' dir='ltr'><strong>respectu</strong></span> <span class='ocrx_word' id='word_1_188' title='bbox 1584 2041 1826 2105; x_wconf 87' lang='lat' dir='ltr'><strong>adulte-</strong></span> 
     </span>
     <span class='ocr_line' id='line_1_28' title="bbox 325 2136 1826 2221; baseline 0.003 -23"><span class='ocrx_word' id='word_1_189' title='bbox 325 2136 424 2212; x_wconf 85' lang='lat' dir='ltr'><strong>rii,</strong></span> <span class='ocrx_word' id='word_1_190' title='bbox 469 2160 680 2217; x_wconf 80' lang='lat' dir='ltr'><strong>quum</strong></span> <span class='ocrx_word' id='word_1_191' title='bbox 721 2140 871 2219; x_wconf 81' lang='lat' dir='ltr'><strong>quis</strong></span> <span class='ocrx_word' id='word_1_192' title='bbox 904 2140 1171 2216; x_wconf 81' lang='lat' dir='ltr'><strong>furatus</strong></span> <span class='ocrx_word' id='word_1_193' title='bbox 1212 2140 1446 2216; x_wconf 82' lang='lat' dir='ltr'><strong>fuerit,</strong></span> <span class='ocrx_word' id='word_1_194' title='bbox 1493 2140 1826 2221; x_wconf 87' lang='lat' dir='ltr'><strong>potissime</strong></span> 
     </span>
     <span class='ocr_line' id='line_1_29' title="bbox 321 2237 1826 2319; baseline 0.002 -22"><span class='ocrx_word' id='word_1_195' title='bbox 321 2254 398 2297; x_wconf 86' lang='lat' dir='ltr'><strong>ex</strong></span> <span class='ocrx_word' id='word_1_196' title='bbox 435 2237 717 2319; x_wconf 88' lang='lat' dir='ltr'><strong>quadam</strong></span> <span class='ocrx_word' id='word_1_197' title='bbox 757 2238 1153 2313; x_wconf 87' lang='lat' dir='ltr'><strong>necessitate,</strong></span> <span class='ocrx_word' id='word_1_198' title='bbox 1197 2245 1260 2299; x_wconf 90' lang='lat' dir='ltr'><strong>et</strong></span> <span class='ocrx_word' id='word_1_199' title='bbox 1304 2257 1432 2301; x_wconf 92' lang='lat' dir='ltr'><strong>non</strong></span> <span class='ocrx_word' id='word_1_200' title='bbox 1477 2256 1575 2299; x_wconf 90' lang='lat' dir='ltr'><strong>res</strong></span> <span class='ocrx_word' id='word_1_201' title='bbox 1628 2238 1826 2301; x_wconf 89' lang='lat' dir='ltr'><strong>eccle-</strong></span> 
     </span>
     <span class='ocr_line' id='line_1_30' title="bbox 323 2335 1823 2417; baseline 0.003 -22"><span class='ocrx_word' id='word_1_202' title='bbox 323 2335 641 2411; x_wconf 80' lang='lat' dir='ltr'><strong>siasticaS,</strong></span> <span class='ocrx_word' id='word_1_203' title='bbox 683 2336 839 2417; x_wconf 92' lang='lat' dir='ltr'><strong>quia</strong></span> <span class='ocrx_word' id='word_1_204' title='bbox 874 2336 996 2399; x_wconf 88' lang='lat' dir='ltr'><strong>hoc</strong></span> <span class='ocrx_word' id='word_1_205' title='bbox 1033 2335 1438 2415; x_wconf 85' lang='lat' dir='ltr'><strong>sacrilegium</strong></span> <span class='ocrx_word' id='word_1_206' title='bbox 1479 2345 1667 2413; x_wconf 91' lang='lat' dir='ltr'><strong>esset,</strong></span> <span class='ocrx_word' id='word_1_207' title='bbox 1707 2355 1823 2399; x_wconf 91' lang='lat' dir='ltr'><strong>nec</strong></span> 
     </span>
     <span class='ocr_line' id='line_1_31' title="bbox 323 2432 1824 2514; baseline 0.001 -19"><span class='ocrx_word' id='word_1_208' title='bbox 323 2432 402 2495; x_wconf 86' lang='lat' dir='ltr'><strong>ab</strong></span> <span class='ocrx_word' id='word_1_209' title='bbox 431 2452 662 2514; x_wconf 84' lang='lat' dir='ltr'><strong>egeno.</strong></span> <span class='ocrx_word' id='word_1_210' title='bbox 688 2434 834 2497; x_wconf 91' lang='lat' dir='ltr'><strong>ldeo</strong></span> <span class='ocrx_word' id='word_1_211' title='bbox 864 2434 1199 2497; x_wconf 87' lang='lat' dir='ltr'><strong>subditur:</strong></span> <span class='ocrx_word' id='word_1_212' title='bbox 1229 2437 1523 2495; x_wconf 65' lang='lat' dir='ltr'><strong>Fut-atur</strong></span> <span class='ocrx_word' id='word_1_213' title='bbox 1547 2436 1722 2495; x_wconf 82' lang='lat' dir='ltr'><strong>enim</strong></span> <span class='ocrx_word' id='word_1_214' title='bbox 1753 2446 1824 2496; x_wconf 85' lang='lat' dir='ltr'><strong>ut</strong></span> 
     </span>
     <span class='ocr_line' id='line_1_32' title="bbox 321 2532 1821 2610; baseline 0.003 -20"><span class='ocrx_word' id='word_1_215' title='bbox 321 2534 712 2593; x_wconf 78' lang='lat' dir='ltr'><strong>esurientem</strong></span> <span class='ocrx_word' id='word_1_216' title='bbox 734 2534 1000 2610; x_wconf 79' lang='lat' dir='ltr'><strong>impleat</strong></span> <span class='ocrx_word' id='word_1_217' title='bbox 1029 2534 1348 2599; x_wconf 83' lang='lat' dir='ltr'><strong>animam,</strong></span> <span class='ocrx_word' id='word_1_218' title='bbox 1379 2532 1444 2593; x_wconf 91' lang='lat' dir='ltr'><strong>id</strong></span> <span class='ocrx_word' id='word_1_219' title='bbox 1475 2540 1591 2608; x_wconf 91' lang='lat' dir='ltr'><strong>est,</strong></span> <span class='ocrx_word' id='word_1_220' title='bbox 1627 2532 1821 2595; x_wconf 88' lang='lat' dir='ltr'><strong>vitam</strong></span> 
     </span>
     <span class='ocr_line' id='line_1_33' title="bbox 324 2629 1824 2694; baseline 0.001 -3"><span class='ocrx_word' id='word_1_221' title='bbox 324 2648 506 2691; x_wconf 88' lang='lat' dir='ltr'><strong>suam</strong></span> <span class='ocrx_word' id='word_1_222' title='bbox 553 2630 818 2693; x_wconf 90' lang='lat' dir='ltr'><strong>aliunde</strong></span> <span class='ocrx_word' id='word_1_223' title='bbox 867 2648 995 2694; x_wconf 91' lang='lat' dir='ltr'><strong>non</strong></span> <span class='ocrx_word' id='word_1_224' title='bbox 1044 2629 1386 2693; x_wconf 86' lang='lat' dir='ltr'><strong>habentem</strong></span> <span class='ocrx_word' id='word_1_225' title='bbox 1434 2638 1824 2693; x_wconf 86' lang='lat' dir='ltr'><strong>sustentacu-</strong></span> 
     </span>
     <span class='ocr_line' id='line_1_34' title="bbox 324 2726 1825 2811; baseline 0.001 -22"><span class='ocrx_word' id='word_1_226' title='bbox 324 2728 456 2790; x_wconf 92' lang='lat' dir='ltr'><strong>lum</strong></span> <span class='ocrx_word' id='word_1_227' title='bbox 488 2728 660 2803; x_wconf 80' lang='lat' dir='ltr'><strong>vitae,</strong></span> <span class='ocrx_word' id='word_1_228' title='bbox 694 2726 969 2791; x_wconf 85' lang='lat' dir='ltr'><strong>reficiat.</strong></span> <span class='ocrx_word' id='word_1_229' title='bbox 1003 2728 1216 2792; x_wconf 88' lang='lat' dir='ltr'><strong>Nihilo</strong></span> <span class='ocrx_word' id='word_1_230' title='bbox 1247 2729 1463 2791; x_wconf 90' lang='lat' dir='ltr'><strong>minus</strong></span> <span class='ocrx_word' id='word_1_231' title='bbox 1495 2728 1638 2811; x_wconf 85' lang='lat' dir='ltr'><strong>jura</strong></span> <span class='ocrx_word' id='word_1_232' title='bbox 1668 2730 1825 2794; x_wconf 89' lang='lat' dir='ltr'><strong>civi-</strong></span> 
     </span>
     <span class='ocr_line' id='line_1_35' title="bbox 326 2824 1823 2909; baseline 0.001 -22"><span class='ocrx_word' id='word_1_233' title='bbox 326 2826 408 2889; x_wconf 90' lang='lat' dir='ltr'><strong>lia</strong></span> <span class='ocrx_word' id='word_1_234' title='bbox 451 2844 626 2889; x_wconf 90' lang='lat' dir='ltr'><strong>nunc</strong></span> <span class='ocrx_word' id='word_1_235' title='bbox 674 2826 906 2889; x_wconf 84' lang='lat' dir='ltr'><strong>acriter</strong></span> <span class='ocrx_word' id='word_1_236' title='bbox 949 2826 1227 2907; x_wconf 91' lang='lat' dir='ltr'><strong>puniunt</strong></span> <span class='ocrx_word' id='word_1_237' title='bbox 1273 2824 1514 2888; x_wconf 90' lang='lat' dir='ltr'><strong>furtum</strong></span> <span class='ocrx_word' id='word_1_238' title='bbox 1557 2847 1823 2909; x_wconf 90' lang='lat' dir='ltr'><strong>suspen-</strong></span> 
     </span>
     <span class='ocr_line' id='line_1_36' title="bbox 323 2923 1822 3007; baseline 0.001 -20"><span class='ocrx_word' id='word_1_239' title='bbox 323 2924 452 3001; x_wconf 93' lang='lat' dir='ltr'><strong>dio,</strong></span> <span class='ocrx_word' id='word_1_240' title='bbox 485 2924 796 3007; x_wconf 87' lang='lat' dir='ltr'><strong>quoniam</strong></span> <span class='ocrx_word' id='word_1_241' title='bbox 817 2924 1059 2985; x_wconf 89' lang='lat' dir='ltr'><strong>bonum</strong></span> <span class='ocrx_word' id='word_1_242' title='bbox 1092 2924 1180 2986; x_wconf 91' lang='lat' dir='ltr'><strong>rei</strong></span> <span class='ocrx_word' id='word_1_243' title='bbox 1213 2923 1510 3005; x_wconf 83' lang='lat' dir='ltr'><strong>publicae,</strong></span> <span class='ocrx_word' id='word_1_244' title='bbox 1535 2944 1822 2989; x_wconf 85' lang='lat' dir='ltr'><strong>securam</strong></span> 
     </span>
    </p>
   </div>
   <div class='ocr_carea' id='block_1_7' title="bbox 1933 1932 3721 3009">
    <p class='ocr_par' dir='ltr' id='par_1_9' title="bbox 1933 1932 3721 2901">
     <span class='ocr_line' id='line_1_37' title="bbox 1939 1932 3525 2025; baseline 0.003 -22"><span class='ocrx_word' id='word_1_245' title='bbox 1939 1941 2189 2023; x_wconf 90' lang='lat' dir='ltr'><strong>tuplum</strong></span> <span class='ocrx_word' id='word_1_246' title='bbox 2222 1940 2287 2002; x_wconf 93' lang='lat' dir='ltr'><strong>in</strong></span> <span class='ocrx_word' id='word_1_247' title='bbox 2326 1940 2471 2002; x_wconf 91' lang='lat' dir='ltr'><strong>sinu</strong></span> <span class='ocrx_word' id='word_1_248' title='bbox 2507 1959 2751 2003; x_wconf 90' lang='lat' dir='ltr'><strong>eorum.</strong></span> <span class='ocrx_word' id='word_1_249' title='bbox 2783 1941 3032 2004; x_wconf 91' lang='lat' dir='ltr'><strong>Etenim</strong></span> <span class='ocrx_word' id='word_1_250' title='bbox 3072 1944 3429 2025; x_wconf 87' lang='lat' dir='ltr'><strong>septenario</strong></span> <span class='ocrx_word' id='word_1_251' title='bbox 3458 1932 3525 1974; x_wconf 75' lang='lat'><strong>¹²·</strong></span> 
     </span>
     <span class='ocr_line' id='line_1_38' title="bbox 1937 2036 3430 2122; baseline 0.003 -22"><span class='ocrx_word' id='word_1_252' title='bbox 1937 2039 2216 2102; x_wconf 90' lang='lat' dir='ltr'><strong>totalitas</strong></span> <span class='ocrx_word' id='word_1_253' title='bbox 2260 2058 2333 2101; x_wconf 89' lang='lat' dir='ltr'><strong>ac</strong></span> <span class='ocrx_word' id='word_1_254' title='bbox 2382 2036 2693 2121; x_wconf 89' lang='lat' dir='ltr'><strong>perfectio</strong></span> <span class='ocrx_word' id='word_1_255' title='bbox 2750 2039 3164 2119; x_wconf 86' lang='lat' dir='ltr'><strong>designantur</strong></span> <span class='ocrx_word' id='word_1_256' title='bbox 3211 2058 3225 2102; x_wconf 90' lang='lat'><strong>:</strong></span> <span class='ocrx_word' id='word_1_257' title='bbox 3272 2060 3430 2122; x_wconf 91' lang='lat' dir='ltr'><strong>quo-</strong></span> 
     </span>
     <span class='ocr_line' id='line_1_39' title="bbox 1937 2136 3429 2218; baseline 0.002 -20"><span class='ocrx_word' id='word_1_258' title='bbox 1937 2137 2108 2199; x_wconf 90' lang='lat' dir='ltr'><strong>niam</strong></span> <span class='ocrx_word' id='word_1_259' title='bbox 2154 2146 2399 2218; x_wconf 87' lang='lat' dir='ltr'><strong>septem</strong></span> <span class='ocrx_word' id='word_1_260' title='bbox 2444 2136 2689 2199; x_wconf 90' lang='lat' dir='ltr'><strong>dierum</strong></span> <span class='ocrx_word' id='word_1_261' title='bbox 2736 2137 2975 2201; x_wconf 87' lang='lat' dir='ltr'><strong>circulo</strong></span> <span class='ocrx_word' id='word_1_262' title='bbox 3022 2147 3219 2201; x_wconf 90' lang='lat' dir='ltr'><strong>totum</strong></span> <span class='ocrx_word' id='word_1_263' title='bbox 3269 2147 3429 2202; x_wconf 87' lang='lat' dir='ltr'><strong>tem-</strong></span> 
     </span>
     <span class='ocr_line' id='line_1_40' title="bbox 1936 2236 3429 2318; baseline 0.002 -21"><span class='ocrx_word' id='word_1_264' title='bbox 1936 2255 2056 2317; x_wconf 91' lang='lat' dir='ltr'><strong>pus</strong></span> <span class='ocrx_word' id='word_1_265' title='bbox 2085 2236 2409 2299; x_wconf 90' lang='lat' dir='ltr'><strong>evolvitur</strong></span> <span class='ocrx_word' id='word_1_266' title='bbox 2450 2246 2508 2299; x_wconf 85' lang='lat' dir='ltr'><strong>et</strong></span> <span class='ocrx_word' id='word_1_267' title='bbox 2552 2244 2977 2318; x_wconf 90' lang='lat' dir='ltr'><strong>computatur.</strong></span> <span class='ocrx_word' id='word_1_268' title='bbox 3010 2236 3186 2300; x_wconf 89' lang='lat' dir='ltr'><strong>Unde</strong></span> <span class='ocrx_word' id='word_1_269' title='bbox 3224 2246 3286 2299; x_wconf 91' lang='lat' dir='ltr'><strong>et</strong></span> <span class='ocrx_word' id='word_1_270' title='bbox 3314 2238 3429 2301; x_wconf 84' lang='lat' dir='ltr'><strong>Ra-</strong></span> 
     </span>
     <span class='ocr_line' id='line_1_41' title="bbox 1935 2334 3719 2418; baseline 0.003 -23"><span class='ocrx_word' id='word_1_271' title='bbox 1935 2334 2122 2415; x_wconf 87' lang='lat' dir='ltr'><strong>phael</strong></span> <span class='ocrx_word' id='word_1_272' title='bbox 2160 2351 2173 2395; x_wconf 93' lang='lat'><strong>:</strong></span> <span class='ocrx_word' id='word_1_273' title='bbox 2208 2334 2336 2414; x_wconf 78' lang='lat' dir='ltr'><strong>Ego</strong></span> <span class='ocrx_word' id='word_1_274' title='bbox 2367 2354 2504 2396; x_wconf 90' lang='lat' dir='ltr'><strong>sum</strong></span> <span class='ocrx_word' id='word_1_275' title='bbox 2544 2353 2727 2411; x_wconf 81' lang='lat' dir='ltr'><strong>unuS,</strong></span> <span class='ocrx_word' id='word_1_276' title='bbox 2773 2334 3005 2417; x_wconf 90' lang='lat' dir='ltr'><strong>inquit,</strong></span> <span class='ocrx_word' id='word_1_277' title='bbox 3040 2335 3120 2397; x_wconf 93' lang='lat' dir='ltr'><strong>de</strong></span> <span class='ocrx_word' id='word_1_278' title='bbox 3156 2344 3423 2418; x_wconf 89' lang='lat' dir='ltr'><strong>septem,</strong></span> <span class='ocrx_word' id='word_1_279' title='bbox 3462 2356 3719 2407; x_wconf 46' lang='lat' dir='ltr'><strong>ruamus.</strong></span> 
     </span>
     <span class='ocr_line' id='line_1_42' title="bbox 1933 2431 3429 2512; baseline 0.003 -19"><span class='ocrx_word' id='word_1_280' title='bbox 1933 2431 2042 2512; x_wconf 92' lang='lat' dir='ltr'><strong>qui</strong></span> <span class='ocrx_word' id='word_1_281' title='bbox 2085 2431 2409 2493; x_wconf 87' lang='lat' dir='ltr'><strong>adstamus</strong></span> <span class='ocrx_word' id='word_1_282' title='bbox 2448 2441 2593 2495; x_wconf 83' lang='lat' dir='ltr'><strong>ante</strong></span> <span class='ocrx_word' id='word_1_283' title='bbox 2633 2433 2852 2495; x_wconf 90' lang='lat' dir='ltr'><strong>Deum.</strong></span> <span class='ocrx_word' id='word_1_284' title='bbox 2893 2469 2974 2479; x_wconf 95' lang='lat'>—</span> <span class='ocrx_word' id='word_1_285' title='bbox 3014 2434 3091 2496; x_wconf 83' lang='lat' dir='ltr'><strong>At</strong></span> <span class='ocrx_word' id='word_1_286' title='bbox 3128 2453 3301 2512; x_wconf 90' lang='lat' dir='ltr'><strong>vero,</strong></span> <span class='ocrx_word' id='word_1_287' title='bbox 3349 2436 3429 2498; x_wconf 89' lang='lat' dir='ltr'><strong>de</strong></span> 
     </span>
     <span class='ocr_line' id='line_1_43' title="bbox 1935 2529 3429 2597; baseline 0.005 -7"><span class='ocrx_word' id='word_1_288' title='bbox 1935 2529 2319 2593; x_wconf 89' lang='lat' dir='ltr'><strong>litteralibus</strong></span> <span class='ocrx_word' id='word_1_289' title='bbox 2366 2531 2716 2594; x_wconf 90' lang='lat' dir='ltr'><strong>rationibus</strong></span> <span class='ocrx_word' id='word_1_290' title='bbox 2763 2532 3207 2597; x_wconf 81' lang='lat' dir='ltr'><strong>diversimodae</strong></span> <span class='ocrx_word' id='word_1_291' title='bbox 3249 2534 3429 2597; x_wconf 88' lang='lat' dir='ltr'><strong>resti·</strong></span> 
     </span>
     <span class='ocr_line' id='line_1_44' title="bbox 1933 2628 3428 2715; baseline 0.005 -26"><span class='ocrx_word' id='word_1_292' title='bbox 1933 2629 2199 2691; x_wconf 90' lang='lat' dir='ltr'><strong>tutionis</strong></span> <span class='ocrx_word' id='word_1_293' title='bbox 2230 2648 2344 2711; x_wconf 91' lang='lat' dir='ltr'><strong>pro</strong></span> <span class='ocrx_word' id='word_1_294' title='bbox 2378 2628 2567 2703; x_wconf 87' lang='lat' dir='ltr'><strong>furt0‚</strong></span> <span class='ocrx_word' id='word_1_295' title='bbox 2601 2630 2841 2694; x_wconf 90' lang='lat' dir='ltr'><strong>dictum</strong></span> <span class='ocrx_word' id='word_1_296' title='bbox 2881 2640 2976 2695; x_wconf 87' lang='lat' dir='ltr'><strong>est</strong></span> <span class='ocrx_word' id='word_1_297' title='bbox 3006 2633 3197 2715; x_wconf 90' lang='lat' dir='ltr'><strong>plene</strong></span> <span class='ocrx_word' id='word_1_298' title='bbox 3236 2653 3428 2715; x_wconf 90' lang='lat' dir='ltr'><strong>super</strong></span> 
     </span>
     <span class='ocr_line' id='line_1_45' title="bbox 1933 2727 3721 2806; baseline 0.003 -18"><span class='ocrx_word' id='word_1_299' title='bbox 1933 2727 2241 2805; x_wconf 85' lang='lat' dir='ltr'><strong>Exodum,</strong></span> <span class='ocrx_word' id='word_1_300' title='bbox 2290 2748 2365 2790; x_wconf 85' lang='lat' dir='ltr'><strong>ex</strong></span> <span class='ocrx_word' id='word_1_301' title='bbox 2408 2727 2597 2789; x_wconf 91' lang='lat' dir='ltr'><strong>dictis</strong></span> <span class='ocrx_word' id='word_1_302' title='bbox 2641 2728 2916 2806; x_wconf 84' lang='lat' dir='ltr'><strong>Thomae,</strong></span> <span class='ocrx_word' id='word_1_303' title='bbox 2964 2729 3301 2794; x_wconf 84' lang='lat' dir='ltr'><strong>Alexandri</strong></span> <span class='ocrx_word' id='word_1_304' title='bbox 3344 2732 3424 2794; x_wconf 93' lang='lat' dir='ltr'><strong>de</strong></span> <span class='ocrx_word' id='word_1_305' title='bbox 3451 2748 3721 2795; x_wconf 64' lang='lat' dir='ltr'><strong>Euam.</strong></span> 
     </span>
     <span class='ocr_line' id='line_1_46' title="bbox 1933 2824 3017 2901; baseline 0.003 -15"><span class='ocrx_word' id='word_1_306' title='bbox 1933 2824 2139 2901; x_wconf 84' lang='lat' dir='ltr'><strong>HaleS,</strong></span> <span class='ocrx_word' id='word_1_307' title='bbox 2177 2832 2239 2887; x_wconf 87' lang='lat' dir='ltr'><strong>et</strong></span> <span class='ocrx_word' id='word_1_308' title='bbox 2267 2824 2591 2887; x_wconf 90' lang='lat' dir='ltr'><strong>Guillelmi</strong></span> <span class='ocrx_word' id='word_1_309' title='bbox 2621 2825 3017 2889; x_wconf 82' lang='lat' dir='ltr'><strong>ParisiensiS.</strong></span> 
     </span>
    </p>

    <p class='ocr_par' dir='ltr' id='par_1_10' title="bbox 2013 2922 3427 3009">
     <span class='ocr_line' id='line_1_47' title="bbox 2013 2922 3427 3009; baseline 0.004 -24"><span class='ocrx_word' id='word_1_310' title='bbox 2013 2924 2253 3003; x_wconf 89' lang='lat' dir='ltr'><strong>ltaque,</strong></span> <span class='ocrx_word' id='word_1_311' title='bbox 2278 2923 2575 3005; x_wconf 91' lang='lat' dir='ltr'><strong>quamvis</strong></span> <span class='ocrx_word' id='word_1_312' title='bbox 2606 2922 2847 2986; x_wconf 92' lang='lat' dir='ltr'><strong>furtum</strong></span> <span class='ocrx_word' id='word_1_313' title='bbox 2880 2925 2963 2987; x_wconf 88' lang='lat' dir='ltr'><strong>sit</strong></span> <span class='ocrx_word' id='word_1_314' title='bbox 2990 2927 3257 2989; x_wconf 89' lang='lat' dir='ltr'><strong>mortale</strong></span> <span class='ocrx_word' id='word_1_315' title='bbox 3284 2946 3427 3009; x_wconf 89' lang='lat' dir='ltr'><strong>pec·</strong></span> 
     </span>
    </p>
   </div>
   <div class='ocr_carea' id='block_1_8' title="bbox 322 3021 3426 3105">
    <p class='ocr_par' dir='ltr' id='par_1_11' title="bbox 322 3021 3426 3105">
     <span class='ocr_line' id='line_1_48' title="bbox 322 3021 3426 3105; baseline 0.001 -20"><span class='ocrx_word' id='word_1_316' title='bbox 322 3031 384 3085; x_wconf 93' lang='lat' dir='ltr'><strong>et</strong></span> <span class='ocrx_word' id='word_1_317' title='bbox 413 3021 755 3105; x_wconf 87' lang='lat' dir='ltr'><strong>pacificam</strong></span> <span class='ocrx_word' id='word_1_318' title='bbox 797 3021 1132 3085; x_wconf 90' lang='lat' dir='ltr'><strong>hominum</strong></span> <span class='ocrx_word' id='word_1_319' title='bbox 1163 3023 1711 3086; x_wconf 88' lang='lat' dir='ltr'><strong>conversationem</strong></span> <span class='ocrx_word' id='word_1_320' title='bbox 1741 3025 1819 3087; x_wconf 91' lang='lat' dir='ltr'><strong>ad</strong></span> <span class='ocrx_word' id='word_1_321' title='bbox 1850 3022 1893 3084; x_wconf 93' lang='lat' dir='ltr'>C</span> <span class='ocrx_word' id='word_1_322' title='bbox 1933 3030 2167 3098; x_wconf 89' lang='lat' dir='ltr'><strong>catum,</strong></span> <span class='ocrx_word' id='word_1_323' title='bbox 2203 3030 2412 3085; x_wconf 88' lang='lat' dir='ltr'><strong>tamen</strong></span> <span class='ocrx_word' id='word_1_324' title='bbox 2455 3022 2883 3104; x_wconf 88' lang='lat' dir='ltr'><strong>comparative</strong></span> <span class='ocrx_word' id='word_1_325' title='bbox 2926 3041 3195 3104; x_wconf 90' lang='lat' dir='ltr'><strong>parvum</strong></span> <span class='ocrx_word' id='word_1_326' title='bbox 3241 3044 3426 3089; x_wconf 85' lang='lat' dir='ltr'><strong>voca-</strong></span> 
     </span>
    </p>
   </div>
   <div class='ocr_carea' id='block_1_9' title="bbox 87 3120 1825 4171">
    <p class='ocr_par' dir='ltr' id='par_1_12' title="bbox 321 3120 1821 3202">
     <span class='ocr_line' id='line_1_49' title="bbox 321 3120 1821 3202; baseline 0.001 -19"><span class='ocrx_word' id='word_1_327' title='bbox 321 3121 604 3185; x_wconf 89' lang='lat' dir='ltr'><strong>invicem</strong></span> <span class='ocrx_word' id='word_1_328' title='bbox 659 3120 981 3202; x_wconf 79' lang='lat' dir='ltr'><strong>praecipue</strong></span> <span class='ocrx_word' id='word_1_329' title='bbox 1039 3120 1331 3202; x_wconf 86' lang='lat' dir='ltr'><strong>impedit.</strong></span> <span class='ocrx_word' id='word_1_330' title='bbox 1386 3121 1506 3184; x_wconf 90' lang='lat' dir='ltr'><strong>Sed</strong></span> <span class='ocrx_word' id='word_1_331' title='bbox 1559 3121 1625 3183; x_wconf 89' lang='lat' dir='ltr'><strong>in</strong></span> <span class='ocrx_word' id='word_1_332' title='bbox 1683 3121 1821 3202; x_wconf 82' lang='lat' dir='ltr'><strong>lege</strong></span> 
     </span>
    </p>

    <p class='ocr_par' dir='ltr' id='par_1_13' title="bbox 153 3218 1822 3302">
     <span class='ocr_line' id='line_1_50' title="bbox 153 3218 1822 3302; baseline 0 -23"><span class='ocrx_word' id='word_1_333' title='bbox 153 3226 208 3279; x_wconf 82' lang='lat'><strong>31</strong></span> <span class='ocrx_word' id='word_1_334' title='bbox 321 3218 548 3302; x_wconf 70' lang='lat' dir='ltr'><strong>Moysis</strong></span> <span class='ocrx_word' id='word_1_335' title='bbox 578 3219 670 3281; x_wconf 89' lang='lat' dir='ltr'><strong>ita</strong></span> <span class='ocrx_word' id='word_1_336' title='bbox 701 3236 832 3281; x_wconf 90' lang='lat' dir='ltr'><strong>non</strong></span> <span class='ocrx_word' id='word_1_337' title='bbox 863 3218 1012 3281; x_wconf 91' lang='lat' dir='ltr'><strong>fuit.</strong></span> <span class='ocrx_word' id='word_1_338' title='bbox 1045 3218 1190 3281; x_wconf 91' lang='lat' dir='ltr'><strong>Ideo</strong></span> <span class='ocrx_word' id='word_1_339' title='bbox 1220 3219 1636 3300; x_wconf 88' lang='lat' dir='ltr'><strong>subjungitur</strong></span> <span class='ocrx_word' id='word_1_340' title='bbox 1661 3237 1676 3281; x_wconf 90' lang='lat'><strong>:</strong></span> <span class='ocrx_word' id='word_1_341' title='bbox 1701 3222 1822 3280; x_wconf 88' lang='lat' dir='ltr'><strong>De-</strong></span> 
     </span>
    </p>

    <p class='ocr_par' dir='ltr' id='par_1_14' title="bbox 317 3318 1820 3397">
     <span class='ocr_line' id='line_1_51' title="bbox 317 3318 1820 3397; baseline 0.001 -18"><span class='ocrx_word' id='word_1_342' title='bbox 317 3321 674 3395; x_wconf 70' lang='lat' dir='ltr'><strong>prehensus</strong></span> <span class='ocrx_word' id='word_1_343' title='bbox 719 3336 991 3397; x_wconf 83' lang='lat' dir='ltr'><strong>quoque,</strong></span> <span class='ocrx_word' id='word_1_344' title='bbox 1042 3318 1266 3377; x_wconf 78' lang='lat' dir='ltr'><strong>reddet</strong></span> <span class='ocrx_word' id='word_1_345' title='bbox 1315 3321 1708 3396; x_wconf 83' lang='lat' dir='ltr'><strong>septuplum,</strong></span> <span class='ocrx_word' id='word_1_346' title='bbox 1767 3318 1820 3380; x_wconf 91' lang='lat' dir='ltr'><strong>si</strong></span> 
     </span>
    </p>

    <p class='ocr_par' dir='ltr' id='par_1_15' title="bbox 324 3416 1824 3495">
     <span class='ocr_line' id='line_1_52' title="bbox 324 3416 1824 3495; baseline -0.001 -16"><span class='ocrx_word' id='word_1_347' title='bbox 324 3416 668 3495; x_wconf 84' lang='lat' dir='ltr'><strong>habuerit3</strong></span> <span class='ocrx_word' id='word_1_348' title='bbox 718 3425 780 3476; x_wconf 83' lang='lat' dir='ltr'><strong>et</strong></span> <span class='ocrx_word' id='word_1_349' title='bbox 827 3435 1080 3477; x_wconf 79' lang='lat' dir='ltr'><strong>omnem</strong></span> <span class='ocrx_word' id='word_1_350' title='bbox 1119 3417 1548 3477; x_wconf 78' lang='lat' dir='ltr'><strong>substantiam</strong></span> <span class='ocrx_word' id='word_1_351' title='bbox 1594 3421 1824 3478; x_wconf 84' lang='lat' dir='ltr'><strong>domus</strong></span> 
     </span>
    </p>

    <p class='ocr_par' dir='ltr' id='par_1_16' title="bbox 321 3512 1823 3595">
     <span class='ocr_line' id='line_1_53' title="bbox 321 3512 1823 3595; baseline 0 -18"><span class='ocrx_word' id='word_1_352' title='bbox 321 3536 454 3577; x_wconf 81' lang='lat' dir='ltr'><strong>suoe</strong></span> <span class='ocrx_word' id='word_1_353' title='bbox 483 3518 697 3576; x_wconf 86' lang='lat' dir='ltr'><strong>tradet</strong></span> <span class='ocrx_word' id='word_1_354' title='bbox 727 3514 786 3577; x_wconf 91' lang='lat' dir='ltr'><strong>ei</strong></span> <span class='ocrx_word' id='word_1_355' title='bbox 814 3533 852 3576; x_wconf 88' lang='lat' dir='ltr'><strong>a</strong></span> <span class='ocrx_word' id='word_1_356' title='bbox 881 3531 1010 3595; x_wconf 91' lang='lat' dir='ltr'><strong>quo</strong></span> <span class='ocrx_word' id='word_1_357' title='bbox 1041 3513 1263 3575; x_wconf 90' lang='lat' dir='ltr'><strong>furtim</strong></span> <span class='ocrx_word' id='word_1_358' title='bbox 1295 3512 1540 3595; x_wconf 90' lang='lat' dir='ltr'><strong>aliquid</strong></span> <span class='ocrx_word' id='word_1_359' title='bbox 1577 3514 1823 3577; x_wconf 89' lang='lat' dir='ltr'><strong>subtra-</strong></span> 
     </span>
    </p>

    <p class='ocr_par' dir='ltr' id='par_1_17' title="bbox 323 3609 1820 3695">
     <span class='ocr_line' id='line_1_54' title="bbox 323 3609 1820 3695; baseline 0 -20"><span class='ocrx_word' id='word_1_360' title='bbox 323 3613 434 3688; x_wconf 88' lang='lat' dir='ltr'><strong>xit,</strong></span> <span class='ocrx_word' id='word_1_361' title='bbox 468 3630 810 3695; x_wconf 87' lang='lat' dir='ltr'><strong>quousque</strong></span> <span class='ocrx_word' id='word_1_362' title='bbox 857 3609 1210 3674; x_wconf 88' lang='lat' dir='ltr'><strong>satisfaciat</strong></span> <span class='ocrx_word' id='word_1_363' title='bbox 1257 3611 1374 3685; x_wconf 90' lang='lat' dir='ltr'><strong>illi,</strong></span> <span class='ocrx_word' id='word_1_364' title='bbox 1411 3622 1471 3673; x_wconf 88' lang='lat' dir='ltr'><strong>et</strong></span> <span class='ocrx_word' id='word_1_365' title='bbox 1524 3615 1820 3675; x_wconf 82' lang='lat' dir='ltr'><strong>liberabit</strong></span> 
     </span>
    </p>

    <p class='ocr_par' dir='ltr' id='par_1_18' title="bbox 321 3708 1824 3795">
     <span class='ocr_line' id='line_1_55' title="bbox 321 3708 1824 3795; baseline 0.001 -22"><span class='ocrx_word' id='word_1_366' title='bbox 321 3734 384 3773; x_wconf 83' lang='lat' dir='ltr'><strong>se</strong></span> <span class='ocrx_word' id='word_1_367' title='bbox 427 3732 468 3775; x_wconf 90' lang='lat' dir='ltr'><strong>a</strong></span> <span class='ocrx_word' id='word_1_368' title='bbox 509 3730 706 3795; x_wconf 87' lang='lat' dir='ltr'><strong>poena</strong></span> <span class='ocrx_word' id='word_1_369' title='bbox 753 3708 933 3772; x_wconf 90' lang='lat' dir='ltr'><strong>furti.</strong></span> <span class='ocrx_word' id='word_1_370' title='bbox 976 3709 1041 3772; x_wconf 91' lang='lat' dir='ltr'><strong>Si</strong></span> <span class='ocrx_word' id='word_1_371' title='bbox 1089 3709 1264 3773; x_wconf 90' lang='lat' dir='ltr'><strong>enim</strong></span> <span class='ocrx_word' id='word_1_372' title='bbox 1317 3729 1445 3775; x_wconf 90' lang='lat' dir='ltr'><strong>non</strong></span> <span class='ocrx_word' id='word_1_373' title='bbox 1495 3710 1824 3775; x_wconf 87' lang='lat' dir='ltr'><strong>habuisset</strong></span> 
     </span>
    </p>

    <p class='ocr_par' dir='ltr' id='par_1_19' title="bbox 93 3807 1824 3889">
     <span class='ocr_line' id='line_1_56' title="bbox 93 3807 1824 3889; baseline 0.006 -28"><span class='ocrx_word' id='word_1_374' title='bbox 93 3820 301 3875; x_wconf 69' lang='grc' dir='ltr'><strong>ειοιιιιιι.</strong></span> <span class='ocrx_word' id='word_1_375' title='bbox 327 3812 496 3873; x_wconf 89' lang='lat' dir='ltr'><strong>unde</strong></span> <span class='ocrx_word' id='word_1_376' title='bbox 533 3808 956 3885; x_wconf 85' lang='lat' dir='ltr'><strong>satisfaceret,</strong></span> <span class='ocrx_word' id='word_1_377' title='bbox 989 3807 1183 3889; x_wconf 81' lang='lat' dir='ltr'><strong>jussit</strong></span> <span class='ocrx_word' id='word_1_378' title='bbox 1212 3807 1314 3871; x_wconf 84' lang='lat' dir='ltr'><strong>lex</strong></span> <span class='ocrx_word' id='word_1_379' title='bbox 1344 3816 1414 3871; x_wconf 90' lang='lat' dir='ltr'><strong>ut</strong></span> <span class='ocrx_word' id='word_1_380' title='bbox 1441 3810 1824 3873; x_wconf 85' lang='lat' dir='ltr'><strong>venderetur</strong></span> 
     </span>
    </p>

    <p class='ocr_par' dir='ltr' id='par_1_20' title="bbox 87 3885 1825 4088">
     <span class='ocr_line' id='line_1_57' title="bbox 87 3885 1825 3988; baseline 0 -17"><span class='ocrx_word' id='word_1_381' title='bbox 87 3885 116 3924; x_wconf 77' lang='lat'><strong>³&#39;</strong></span> <span class='ocrx_word' id='word_1_382' title='bbox 327 3908 391 3972; x_wconf 89' lang='lat' dir='ltr'><strong>in</strong></span> <span class='ocrx_word' id='word_1_383' title='bbox 449 3928 733 3985; x_wconf 90' lang='lat' dir='ltr'><strong>servum,</strong></span> <span class='ocrx_word' id='word_1_384' title='bbox 785 3914 849 3970; x_wconf 86' lang='lat' dir='ltr'><strong>et</strong></span> <span class='ocrx_word' id='word_1_385' title='bbox 903 3906 984 3970; x_wconf 91' lang='lat' dir='ltr'><strong>de</strong></span> <span class='ocrx_word' id='word_1_386' title='bbox 1039 3906 1246 3988; x_wconf 89' lang='lat' dir='ltr'><strong>pretio</strong></span> <span class='ocrx_word' id='word_1_387' title='bbox 1306 3906 1414 3970; x_wconf 91' lang='lat' dir='ltr'><strong>illo</strong></span> <span class='ocrx_word' id='word_1_388' title='bbox 1475 3907 1825 3972; x_wconf 86' lang='lat' dir='ltr'><strong>satisfieret</strong></span> 
     </span>
     <span class='ocr_line' id='line_1_58' title="bbox 328 4006 884 4088; baseline -0.007 -17"><span class='ocrx_word' id='word_1_389' title='bbox 328 4006 631 4071; x_wconf 87' lang='lat' dir='ltr'><strong>damnum</strong></span> <span class='ocrx_word' id='word_1_390' title='bbox 673 4022 884 4088; x_wconf 90' lang='lat' dir='ltr'><strong>passo.</strong></span> 
     </span>
    </p>

    <p class='ocr_par' dir='ltr' id='par_1_21' title="bbox 404 4101 1825 4171">
     <span class='ocr_line' id='line_1_59' title="bbox 404 4101 1825 4171; baseline 0 -2"><span class='ocrx_word' id='word_1_391' title='bbox 404 4108 600 4171; x_wconf 91' lang='lat' dir='ltr'><strong>Porro</strong></span> <span class='ocrx_word' id='word_1_392' title='bbox 641 4106 722 4168; x_wconf 92' lang='lat' dir='ltr'><strong>de</strong></span> <span class='ocrx_word' id='word_1_393' title='bbox 764 4104 1019 4169; x_wconf 87' lang='lat' dir='ltr'><strong>diversa</strong></span> <span class='ocrx_word' id='word_1_394' title='bbox 1071 4122 1146 4167; x_wconf 92' lang='lat' dir='ltr'><strong>ac</strong></span> <span class='ocrx_word' id='word_1_395' title='bbox 1195 4101 1522 4167; x_wconf 88' lang='lat' dir='ltr'><strong>differenti</strong></span> <span class='ocrx_word' id='word_1_396' title='bbox 1571 4106 1825 4170; x_wconf 87' lang='lat' dir='ltr'><strong>restitu-</strong></span> 
     </span>
    </p>
   </div>
   <div class='ocr_carea' id='block_1_10' title="bbox 1932 3120 3427 3202">
    <p class='ocr_par' dir='ltr' id='par_1_22' title="bbox 1932 3120 3427 3202">
     <span class='ocr_line' id='line_1_60' title="bbox 1932 3120 3427 3202; baseline 0.002 -19"><span class='ocrx_word' id='word_1_397' title='bbox 1932 3130 2062 3183; x_wconf 90' lang='lat' dir='ltr'><strong>tur:</strong></span> <span class='ocrx_word' id='word_1_398' title='bbox 2081 3121 2611 3202; x_wconf 90' lang='lat' dir='ltr'><strong>quemadmodum</strong></span> <span class='ocrx_word' id='word_1_399' title='bbox 2637 3120 2702 3181; x_wconf 89' lang='lat' dir='ltr'><strong>in</strong></span> <span class='ocrx_word' id='word_1_400' title='bbox 2734 3120 3061 3184; x_wconf 82' lang='lat' dir='ltr'><strong>Ezechiele</strong></span> <span class='ocrx_word' id='word_1_401' title='bbox 3086 3123 3165 3185; x_wconf 90' lang='lat' dir='ltr'><strong>ad</strong></span> <span class='ocrx_word' id='word_1_402' title='bbox 3188 3123 3427 3186; x_wconf 86' lang='lat' dir='ltr'><strong>Jerusa-</strong></span> 
     </span>
    </p>
   </div>
   <div class='ocr_carea' id='block_1_11' title="bbox 1932 3217 3717 3421">
    <p class='ocr_par' dir='ltr' id='par_1_23' title="bbox 1932 3217 3717 3421">
     <span class='ocr_line' id='line_1_61' title="bbox 1932 3217 3717 3299; baseline 0.004 -17"><span class='ocrx_word' id='word_1_403' title='bbox 1932 3220 2055 3282; x_wconf 88' lang='lat' dir='ltr'><strong>lem</strong></span> <span class='ocrx_word' id='word_1_404' title='bbox 2096 3219 2352 3293; x_wconf 91' lang='lat' dir='ltr'><strong>dicitur,</strong></span> <span class='ocrx_word' id='word_1_405' title='bbox 2384 3217 2869 3293; x_wconf 75' lang='lat' dir='ltr'><strong>Justificataest</strong></span> <span class='ocrx_word' id='word_1_406' title='bbox 2910 3218 3181 3283; x_wconf 89' lang='lat' dir='ltr'><strong>Sodoma</strong></span> <span class='ocrx_word' id='word_1_407' title='bbox 3214 3240 3294 3283; x_wconf 85' lang='lat' dir='ltr'><strong>ex</strong></span> <span class='ocrx_word' id='word_1_408' title='bbox 3336 3230 3419 3285; x_wconf 86' lang='lat' dir='ltr'><strong>te.</strong></span> <span class='ocrx_word' id='word_1_409' title='bbox 3450 3246 3717 3299; x_wconf 56' lang='lat' dir='ltr'><strong>mecam,</strong></span> 
     </span>
     <span class='ocr_line' id='line_1_62' title="bbox 2016 3313 3621 3421; baseline -0.002 -44"><span class='ocrx_word' id='word_1_410' title='bbox 2016 3318 2142 3386; x_wconf 84' lang='lat' dir='ltr'><strong>Qui</strong></span> <span class='ocrx_word' id='word_1_411' title='bbox 2190 3326 2407 3376; x_wconf 84' lang='lat' dir='ltr'><strong>autem</strong></span> <span class='ocrx_word' id='word_1_412' title='bbox 2463 3319 2720 3376; x_wconf 81' lang='lat' dir='ltr'><strong>adulter</strong></span> <span class='ocrx_word' id='word_1_413' title='bbox 2766 3325 2855 3376; x_wconf 86' lang='lat' dir='ltr'><strong>est</strong></span> <span class='ocrx_word' id='word_1_414' title='bbox 2902 3326 3169 3394; x_wconf 79' lang='lat' dir='ltr'><strong>propter</strong></span> <span class='ocrx_word' id='word_1_415' title='bbox 3212 3320 3425 3379; x_wconf 80' lang='lat' dir='ltr'><strong>cordis</strong></span> <span class='ocrx_word' id='word_1_416' title='bbox 3452 3313 3519 3353; x_wconf 75' lang='lat'><strong>⁵²·</strong></span> <span class='ocrx_word' id='word_1_417' title='bbox 3550 3366 3621 3421; x_wconf 71' lang='lat'><strong>32</strong></span> 
     </span>
    </p>
   </div>
   <div class='ocr_carea' id='block_1_12' title="bbox 1931 3411 3716 4190">
    <p class='ocr_par' dir='ltr' id='par_1_24' title="bbox 1932 3411 3425 3496">
     <span class='ocr_line' id='line_1_63' title="bbox 1932 3411 3425 3496; baseline 0.001 -21"><span class='ocrx_word' id='word_1_418' title='bbox 1932 3418 2272 3493; x_wconf 83' lang='lat' dir='ltr'><strong>inopiam:</strong></span> <span class='ocrx_word' id='word_1_419' title='bbox 2292 3432 2440 3476; x_wconf 90' lang='lat' dir='ltr'><strong>nam</strong></span> <span class='ocrx_word' id='word_1_420' title='bbox 2469 3432 2546 3475; x_wconf 88' lang='lat' dir='ltr'><strong>ex</strong></span> <span class='ocrx_word' id='word_1_421' title='bbox 2571 3411 2825 3476; x_wconf 91' lang='lat' dir='ltr'><strong>defectu</strong></span> <span class='ocrx_word' id='word_1_422' title='bbox 2856 3413 3184 3496; x_wconf 63' lang='lat' dir='ltr'><strong>sapientiai</strong></span> <span class='ocrx_word' id='word_1_423' title='bbox 3212 3423 3275 3478; x_wconf 89' lang='lat' dir='ltr'><strong>et</strong></span> <span class='ocrx_word' id='word_1_424' title='bbox 3303 3416 3425 3480; x_wconf 91' lang='lat' dir='ltr'><strong>vir-</strong></span> 
     </span>
    </p>

    <p class='ocr_par' dir='ltr' id='par_1_25' title="bbox 1931 3511 3425 3687">
     <span class='ocr_line' id='line_1_64' title="bbox 1933 3511 3420 3593; baseline 0.001 -18"><span class='ocrx_word' id='word_1_425' title='bbox 1933 3522 2134 3576; x_wconf 89' lang='lat' dir='ltr'><strong>tutum</strong></span> <span class='ocrx_word' id='word_1_426' title='bbox 2168 3511 2502 3593; x_wconf 86' lang='lat' dir='ltr'><strong>contingit,</strong></span> <span class='ocrx_word' id='word_1_427' title='bbox 2538 3511 2708 3593; x_wconf 92' lang='lat' dir='ltr'><strong>quod</strong></span> <span class='ocrx_word' id='word_1_428' title='bbox 2737 3531 2774 3574; x_wconf 91' lang='lat' dir='ltr'><strong>a</strong></span> <span class='ocrx_word' id='word_1_429' title='bbox 2802 3519 2977 3576; x_wconf 89' lang='lat' dir='ltr'><strong>tanto</strong></span> <span class='ocrx_word' id='word_1_430' title='bbox 3017 3513 3253 3577; x_wconf 90' lang='lat' dir='ltr'><strong>scelere</strong></span> <span class='ocrx_word' id='word_1_431' title='bbox 3294 3534 3420 3579; x_wconf 91' lang='lat' dir='ltr'><strong>non</strong></span> 
     </span>
     <span class='ocr_line' id='line_1_65' title="bbox 1931 3609 3425 3687; baseline 0.003 -14"><span class='ocrx_word' id='word_1_432' title='bbox 1931 3619 2287 3687; x_wconf 90' lang='lat' dir='ltr'><strong>revocatur,</strong></span> <span class='ocrx_word' id='word_1_433' title='bbox 2321 3628 2438 3673; x_wconf 90' lang='lat' dir='ltr'><strong>nec</strong></span> <span class='ocrx_word' id='word_1_434' title='bbox 2465 3609 2680 3672; x_wconf 89' lang='lat' dir='ltr'><strong>anima</strong></span> <span class='ocrx_word' id='word_1_435' title='bbox 2718 3610 3191 3675; x_wconf 88' lang='lat' dir='ltr'><strong>sensualitatem</strong></span> <span class='ocrx_word' id='word_1_436' title='bbox 3227 3613 3425 3677; x_wconf 89' lang='lat' dir='ltr'><strong>refre-</strong></span> 
     </span>
    </p>

    <p class='ocr_par' dir='ltr' id='par_1_26' title="bbox 1933 3709 3424 3793">
     <span class='ocr_line' id='line_1_66' title="bbox 1933 3709 3424 3793; baseline 0.003 -22"><span class='ocrx_word' id='word_1_437' title='bbox 1933 3716 2082 3789; x_wconf 92' lang='lat' dir='ltr'><strong>nat;</strong></span> <span class='ocrx_word' id='word_1_438' title='bbox 2230 3712 2335 3769; x_wconf 87' lang='lat' dir='ltr'><strong>det</strong></span> <span class='ocrx_word' id='word_1_439' title='bbox 2373 3711 2669 3769; x_wconf 82' lang='lat' dir='ltr'><strong>animam</strong></span> <span class='ocrx_word' id='word_1_440' title='bbox 2703 3729 2892 3769; x_wconf 88' lang='lat' dir='ltr'><strong>suam</strong></span> <span class='ocrx_word' id='word_1_441' title='bbox 2922 3729 2946 3770; x_wconf 92' lang='lat'><strong>.·</strong></span> <span class='ocrx_word' id='word_1_442' title='bbox 2975 3709 3127 3791; x_wconf 90' lang='lat' dir='ltr'><strong>quia</strong></span> <span class='ocrx_word' id='word_1_443' title='bbox 3156 3730 3424 3793; x_wconf 90' lang='lat' dir='ltr'><strong>peccan-</strong></span> 
     </span>
    </p>

    <p class='ocr_par' dir='ltr' id='par_1_27' title="bbox 1931 3807 3425 3886">
     <span class='ocr_line' id='line_1_67' title="bbox 1931 3807 3425 3886; baseline 0.003 -15"><span class='ocrx_word' id='word_1_444' title='bbox 1931 3809 2012 3871; x_wconf 91' lang='lat' dir='ltr'><strong>do</strong></span> <span class='ocrx_word' id='word_1_445' title='bbox 2051 3816 2352 3871; x_wconf 81' lang='lat' dir='ltr'><strong>aeternam</strong></span> <span class='ocrx_word' id='word_1_446' title='bbox 2390 3815 2670 3869; x_wconf 89' lang='lat' dir='ltr'><strong>meretur</strong></span> <span class='ocrx_word' id='word_1_447' title='bbox 2708 3807 3200 3886; x_wconf 85' lang='lat' dir='ltr'><strong>damnationem,</strong></span> <span class='ocrx_word' id='word_1_448' title='bbox 3236 3820 3299 3875; x_wconf 92' lang='lat' dir='ltr'><strong>et</strong></span> <span class='ocrx_word' id='word_1_449' title='bbox 3337 3812 3425 3875; x_wconf 88' lang='lat' dir='ltr'><strong>ita</strong></span> 
     </span>
    </p>

    <p class='ocr_par' dir='ltr' id='par_1_28' title="bbox 1932 3905 3716 4187">
     <span class='ocr_line' id='line_1_68' title="bbox 1934 3905 3419 3991; baseline 0.002 -22"><span class='ocrx_word' id='word_1_450' title='bbox 1934 3926 2061 3969; x_wconf 91' lang='lat' dir='ltr'><strong>non</strong></span> <span class='ocrx_word' id='word_1_451' title='bbox 2111 3906 2317 3969; x_wconf 92' lang='lat' dir='ltr'><strong>solum</strong></span> <span class='ocrx_word' id='word_1_452' title='bbox 2367 3905 2578 3987; x_wconf 91' lang='lat' dir='ltr'><strong>perdit</strong></span> <span class='ocrx_word' id='word_1_453' title='bbox 2629 3923 2765 3982; x_wconf 87' lang='lat' dir='ltr'><strong>sua,</strong></span> <span class='ocrx_word' id='word_1_454' title='bbox 2800 3906 2909 3968; x_wconf 91' lang='lat' dir='ltr'><strong>sed</strong></span> <span class='ocrx_word' id='word_1_455' title='bbox 2959 3915 3022 3969; x_wconf 90' lang='lat' dir='ltr'><strong>et</strong></span> <span class='ocrx_word' id='word_1_456' title='bbox 3069 3927 3137 3971; x_wconf 91' lang='lat' dir='ltr'><strong>se</strong></span> <span class='ocrx_word' id='word_1_457' title='bbox 3186 3907 3419 3991; x_wconf 91' lang='lat' dir='ltr'><strong>ipsum.</strong></span> 
     </span>
     <span class='ocr_line' id='line_1_69' title="bbox 1932 4003 3716 4113; baseline 0.002 -46"><span class='ocrx_word' id='word_1_458' title='bbox 1932 4005 2329 4067; x_wconf 90' lang='lat' dir='ltr'><strong>Adulterium</strong></span> <span class='ocrx_word' id='word_1_459' title='bbox 2354 4022 2605 4113; x_wconf 81' lang='lat' dir='ltr'><strong>quoque</strong></span> <span class='ocrx_word' id='word_1_460' title='bbox 2626 4003 2693 4065; x_wconf 93' lang='lat' dir='ltr'><strong>in</strong></span> <span class='ocrx_word' id='word_1_461' title='bbox 2726 4004 2866 4086; x_wconf 86' lang='lat' dir='ltr'><strong>lege</strong></span> <span class='ocrx_word' id='word_1_462' title='bbox 2889 4006 3274 4087; x_wconf 87' lang='lat' dir='ltr'><strong>puniebatur</strong></span> <span class='ocrx_word' id='word_1_463' title='bbox 3296 4026 3425 4071; x_wconf 87' lang='lat' dir='ltr'><strong>cor·</strong></span> <span class='ocrx_word' id='word_1_464' title='bbox 3470 4028 3595 4071; x_wconf 69' lang='lat' dir='ltr'><strong>neat.</strong></span> <span class='ocrx_word' id='word_1_465' title='bbox 3617 4041 3716 4079; x_wconf 81' lang='grc' dir='ltr'><strong>ιιιι,</strong></span> 
     </span>
     <span class='ocr_line' id='line_1_70' title="bbox 1933 4093 3597 4190; baseline -0.001 -21"><span class='ocrx_word' id='word_1_466' title='bbox 1933 4122 2128 4190; x_wconf 88' lang='lat' dir='ltr'><strong>porea</strong></span> <span class='ocrx_word' id='word_1_467' title='bbox 2168 4109 2417 4166; x_wconf 89' lang='lat' dir='ltr'><strong>morte·</strong></span> <span class='ocrx_word' id='word_1_468' title='bbox 2456 4100 2676 4182; x_wconf 90' lang='lat' dir='ltr'><strong>sicque</strong></span> <span class='ocrx_word' id='word_1_469' title='bbox 2717 4102 2965 4166; x_wconf 92' lang='lat' dir='ltr'><strong>adulter</strong></span> <span class='ocrx_word' id='word_1_470' title='bbox 3006 4105 3285 4186; x_wconf 86' lang='lat' dir='ltr'><strong>perdidit</strong></span> <span class='ocrx_word' id='word_1_471' title='bbox 3333 4107 3423 4170; x_wconf 90' lang='lat' dir='ltr'><strong>vi·</strong></span> <span class='ocrx_word' id='word_1_472' title='bbox 3452 4093 3525 4134; x_wconf 78' lang='lat'><strong>²²</strong></span> <span class='ocrx_word' id='word_1_473' title='bbox 3530 4093 3597 4134; x_wconf 81' lang='lat'><strong>²⁵·</strong></span> 
     </span>
    </p>
   </div>
   <div class='ocr_carea' id='block_1_13' title="bbox 114 4199 3621 4285">
    <p class='ocr_par' dir='ltr' id='par_1_29' title="bbox 114 4199 3621 4285">
     <span class='ocr_line' id='line_1_71' title="bbox 114 4199 3621 4285; baseline 0.003 -28"><span class='ocrx_word' id='word_1_474' title='bbox 114 4216 208 4261; x_wconf 66' lang='lat' dir='ltr'><strong>ma.</strong></span> <span class='ocrx_word' id='word_1_475' title='bbox 229 4223 298 4273; x_wconf 68' lang='grc' dir='ltr'>Η</span> <span class='ocrx_word' id='word_1_476' title='bbox 331 4205 502 4269; x_wconf 88' lang='lat' dir='ltr'><strong>tione</strong></span> <span class='ocrx_word' id='word_1_477' title='bbox 547 4203 844 4267; x_wconf 87' lang='lat' dir='ltr'><strong>facienda</strong></span> <span class='ocrx_word' id='word_1_478' title='bbox 886 4221 1002 4285; x_wconf 92' lang='lat' dir='ltr'><strong>pro</strong></span> <span class='ocrx_word' id='word_1_479' title='bbox 1049 4199 1242 4275; x_wconf 90' lang='lat' dir='ltr'><strong>furto,</strong></span> <span class='ocrx_word' id='word_1_480' title='bbox 1276 4200 1518 4267; x_wconf 90' lang='lat' dir='ltr'><strong>diffuse</strong></span> <span class='ocrx_word' id='word_1_481' title='bbox 1555 4203 1826 4269; x_wconf 89' lang='lat' dir='ltr'><strong>habetur</strong></span> <span class='ocrx_word' id='word_1_482' title='bbox 1853 4208 1904 4269; x_wconf 90' lang='lat' dir='ltr'>D</span> <span class='ocrx_word' id='word_1_483' title='bbox 1936 4214 2059 4266; x_wconf 89' lang='lat' dir='ltr'><strong>tam</strong></span> <span class='ocrx_word' id='word_1_484' title='bbox 2102 4220 2283 4264; x_wconf 91' lang='lat' dir='ltr'><strong>suam</strong></span> <span class='ocrx_word' id='word_1_485' title='bbox 2322 4200 2663 4263; x_wconf 88' lang='lat' dir='ltr'><strong>animalem</strong></span> <span class='ocrx_word' id='word_1_486' title='bbox 2700 4218 2773 4263; x_wconf 88' lang='lat' dir='ltr'><strong>ae</strong></span> <span class='ocrx_word' id='word_1_487' title='bbox 2811 4201 3226 4282; x_wconf 88' lang='lat' dir='ltr'><strong>corporalem.</strong></span> <span class='ocrx_word' id='word_1_488' title='bbox 3266 4208 3427 4266; x_wconf 85' lang='lat' dir='ltr'><strong>Tur·</strong></span> <span class='ocrx_word' id='word_1_489' title='bbox 3550 4220 3621 4275; x_wconf 87' lang='lat'><strong>33</strong></span> 
     </span>
    </p>
   </div>
   <div class='ocr_carea' id='block_1_14' title="bbox 87 4279 180 4322">
    <p class='ocr_par' dir='ltr' id='par_1_30' title="bbox 87 4279 180 4322">
     <span class='ocr_line' id='line_1_72' title="bbox 87 4279 180 4322; baseline 0 -3"><span class='ocrx_word' id='word_1_490' title='bbox 87 4279 180 4322; x_wconf 73' lang='grc' dir='ltr'><strong>ῗ·13.</strong></span> 
     </span>
    </p>
   </div>
   <div class='ocr_carea' id='block_1_15' title="bbox 95 4301 1830 5368">
    <p class='ocr_par' dir='ltr' id='par_1_31' title="bbox 129 4301 1824 4682">
     <span class='ocr_line' id='line_1_73' title="bbox 329 4301 1818 4385; baseline 0.002 -19"><span class='ocrx_word' id='word_1_491' title='bbox 329 4305 394 4367; x_wconf 89' lang='lat' dir='ltr'><strong>in</strong></span> <span class='ocrx_word' id='word_1_492' title='bbox 432 4304 672 4367; x_wconf 85' lang='lat' dir='ltr'><strong>Exodo.</strong></span> <span class='ocrx_word' id='word_1_493' title='bbox 705 4301 948 4365; x_wconf 89' lang='lat' dir='ltr'><strong>Nullibi</strong></span> <span class='ocrx_word' id='word_1_494' title='bbox 988 4309 1201 4364; x_wconf 89' lang='lat' dir='ltr'><strong>tamen</strong></span> <span class='ocrx_word' id='word_1_495' title='bbox 1243 4302 1512 4365; x_wconf 90' lang='lat' dir='ltr'><strong>habetur</strong></span> <span class='ocrx_word' id='word_1_496' title='bbox 1553 4304 1618 4366; x_wconf 91' lang='lat' dir='ltr'><strong>in</strong></span> <span class='ocrx_word' id='word_1_497' title='bbox 1658 4305 1818 4385; x_wconf 81' lang='lat' dir='ltr'><strong>lege,</strong></span> 
     </span>
     <span class='ocr_line' id='line_1_74' title="bbox 327 4400 1824 4486; baseline 0.001 -21"><span class='ocrx_word' id='word_1_498' title='bbox 327 4414 394 4467; x_wconf 86' lang='lat' dir='ltr'><strong>ut</strong></span> <span class='ocrx_word' id='word_1_499' title='bbox 435 4421 555 4486; x_wconf 91' lang='lat' dir='ltr'><strong>pro</strong></span> <span class='ocrx_word' id='word_1_500' title='bbox 597 4402 814 4465; x_wconf 89' lang='lat' dir='ltr'><strong>ablato</strong></span> <span class='ocrx_word' id='word_1_501' title='bbox 857 4400 1223 4484; x_wconf 90' lang='lat' dir='ltr'><strong>septuplum</strong></span> <span class='ocrx_word' id='word_1_502' title='bbox 1269 4401 1669 4484; x_wconf 84' lang='lat' dir='ltr'><strong>restituatur3</strong></span> <span class='ocrx_word' id='word_1_503' title='bbox 1714 4406 1824 4467; x_wconf 92' lang='lat' dir='ltr'><strong>sed</strong></span> 
     </span>
     <span class='ocr_line' id='line_1_75' title="bbox 329 4499 1823 4586; baseline -0.002 -18"><span class='ocrx_word' id='word_1_504' title='bbox 329 4522 444 4586; x_wconf 87' lang='lat' dir='ltr'><strong>pro</strong></span> <span class='ocrx_word' id='word_1_505' title='bbox 483 4519 614 4566; x_wconf 90' lang='lat' dir='ltr'><strong>uno</strong></span> <span class='ocrx_word' id='word_1_506' title='bbox 655 4501 819 4565; x_wconf 90' lang='lat' dir='ltr'><strong>bove</strong></span> <span class='ocrx_word' id='word_1_507' title='bbox 861 4499 1093 4577; x_wconf 87' lang='lat' dir='ltr'><strong>furato,</strong></span> <span class='ocrx_word' id='word_1_508' title='bbox 1135 4508 1199 4563; x_wconf 90' lang='lat' dir='ltr'><strong>et</strong></span> <span class='ocrx_word' id='word_1_509' title='bbox 1235 4501 1401 4581; x_wconf 87' lang='lat' dir='ltr'><strong>apud</strong></span> <span class='ocrx_word' id='word_1_510' title='bbox 1448 4499 1656 4564; x_wconf 91' lang='lat' dir='ltr'><strong>furem</strong></span> <span class='ocrx_word' id='word_1_511' title='bbox 1695 4522 1823 4567; x_wconf 88' lang='lat' dir='ltr'><strong>non</strong></span> 
     </span>
     <span class='ocr_line' id='line_1_76' title="bbox 129 4598 1824 4682; baseline 0.005 -26"><span class='ocrx_word' id='word_1_512' title='bbox 129 4614 270 4663; x_wconf 64' lang='lat' dir='ltr'><strong>mm.</strong></span> <span class='ocrx_word' id='word_1_513' title='bbox 329 4602 614 4677; x_wconf 87' lang='lat' dir='ltr'><strong>invento,</strong></span> <span class='ocrx_word' id='word_1_514' title='bbox 631 4600 1048 4663; x_wconf 89' lang='lat' dir='ltr'><strong>redderentur</strong></span> <span class='ocrx_word' id='word_1_515' title='bbox 1076 4598 1362 4679; x_wconf 92' lang='lat' dir='ltr'><strong>quinque</strong></span> <span class='ocrx_word' id='word_1_516' title='bbox 1391 4598 1607 4678; x_wconf 84' lang='lat' dir='ltr'><strong>boveS,</strong></span> <span class='ocrx_word' id='word_1_517' title='bbox 1633 4609 1824 4682; x_wconf 88' lang='lat' dir='ltr'><strong>atque</strong></span> 
     </span>
    </p>

    <p class='ocr_par' dir='ltr' id='par_1_32' title="bbox 99 4696 1830 5368">
     <span class='ocr_line' id='line_1_77' title="bbox 331 4696 1828 4782; baseline 0 -20"><span class='ocrx_word' id='word_1_518' title='bbox 331 4718 444 4782; x_wconf 88' lang='lat' dir='ltr'><strong>pro</strong></span> <span class='ocrx_word' id='word_1_519' title='bbox 493 4718 624 4761; x_wconf 89' lang='lat' dir='ltr'><strong>una</strong></span> <span class='ocrx_word' id='word_1_520' title='bbox 681 4716 802 4761; x_wconf 88' lang='lat' dir='ltr'><strong>ove</strong></span> <span class='ocrx_word' id='word_1_521' title='bbox 852 4703 1147 4777; x_wconf 90' lang='lat' dir='ltr'><strong>quatuor.</strong></span> <span class='ocrx_word' id='word_1_522' title='bbox 1192 4696 1454 4778; x_wconf 88' lang='lat' dir='ltr'><strong>Propter</strong></span> <span class='ocrx_word' id='word_1_523' title='bbox 1496 4699 1664 4779; x_wconf 90' lang='lat' dir='ltr'><strong>quod</strong></span> <span class='ocrx_word' id='word_1_524' title='bbox 1712 4700 1828 4762; x_wconf 90' lang='lat' dir='ltr'><strong>Da-</strong></span> 
     </span>
     <span class='ocr_line' id='line_1_78' title="bbox 117 4793 1822 4878; baseline 0.004 -22"><span class='ocrx_word' id='word_1_525' title='bbox 117 4810 304 4868; x_wconf 59' lang='lat' dir='ltr'><strong>nsaw-1,</strong></span> <span class='ocrx_word' id='word_1_526' title='bbox 332 4798 456 4875; x_wconf 89' lang='lat' dir='ltr'><strong>vid,</strong></span> <span class='ocrx_word' id='word_1_527' title='bbox 489 4796 714 4860; x_wconf 89' lang='lat' dir='ltr'><strong>audita</strong></span> <span class='ocrx_word' id='word_1_528' title='bbox 747 4793 1050 4878; x_wconf 87' lang='lat' dir='ltr'><strong>parabola</strong></span> <span class='ocrx_word' id='word_1_529' title='bbox 1081 4793 1347 4870; x_wconf 90' lang='lat' dir='ltr'><strong>Nathan,</strong></span> <span class='ocrx_word' id='word_1_530' title='bbox 1392 4795 1600 4859; x_wconf 80' lang='lat' dir='ltr'><strong>dixit.</strong></span> <span class='ocrx_word' id='word_1_531' title='bbox 1632 4796 1822 4861; x_wconf 89' lang='lat' dir='ltr'><strong>Ovem</strong></span> 
     </span>
     <span class='ocr_line' id='line_1_79' title="bbox 105 4892 1827 4995; baseline 0.001 -37.043"><span class='ocrx_word' id='word_1_532' title='bbox 105 4934 304 4995; x_wconf 49' lang='lat' dir='ltr'><strong>emm</strong></span> <span class='ocrx_word' id='word_1_533' title='bbox 333 4894 596 4958; x_wconf 87' lang='lat' dir='ltr'><strong>reddat‘</strong></span> <span class='ocrx_word' id='word_1_534' title='bbox 579 4913 649 4956; x_wconf 86' lang='lat' dir='ltr'><strong>in</strong></span> <span class='ocrx_word' id='word_1_535' title='bbox 680 4892 1133 4973; x_wconf 88' lang='lat' dir='ltr'><strong>quadruplum.</strong></span> <span class='ocrx_word' id='word_1_536' title='bbox 1167 4892 1283 4955; x_wconf 91' lang='lat' dir='ltr'><strong>Pro</strong></span> <span class='ocrx_word' id='word_1_537' title='bbox 1316 4892 1684 4957; x_wconf 89' lang='lat' dir='ltr'><strong>inanimatis</strong></span> <span class='ocrx_word' id='word_1_538' title='bbox 1723 4915 1827 4959; x_wconf 88' lang='lat' dir='ltr'><strong>ve-</strong></span> 
     </span>
     <span class='ocr_line' id='line_1_80' title="bbox 95 4989 1827 5073; baseline 0.012 -39.049"><span class='ocrx_word' id='word_1_539' title='bbox 95 4998 158 5039; x_wconf 60' lang='lat' dir='ltr'><strong>,a</strong></span> <span class='ocrx_word' id='word_1_540' title='bbox 333 5012 400 5056; x_wconf 85' lang='lat' dir='ltr'><strong>ro</strong></span> <span class='ocrx_word' id='word_1_541' title='bbox 441 4993 636 5055; x_wconf 87' lang='lat' dir='ltr'><strong>rebus</strong></span> <span class='ocrx_word' id='word_1_542' title='bbox 681 4990 875 5073; x_wconf 83' lang='lat' dir='ltr'><strong>jussit</strong></span> <span class='ocrx_word' id='word_1_543' title='bbox 924 4989 1024 5053; x_wconf 87' lang='lat' dir='ltr'><strong>lex</strong></span> <span class='ocrx_word' id='word_1_544' title='bbox 1069 4990 1341 5072; x_wconf 90' lang='lat' dir='ltr'><strong>duplum</strong></span> <span class='ocrx_word' id='word_1_545' title='bbox 1383 4991 1656 5054; x_wconf 89' lang='lat' dir='ltr'><strong>restitui.</strong></span> <span class='ocrx_word' id='word_1_546' title='bbox 1701 4993 1827 5055; x_wconf 90' lang='lat' dir='ltr'><strong>Cur</strong></span> 
     </span>
     <span class='ocr_line' id='line_1_81' title="bbox 331 5087 1830 5173; baseline 0 -20"><span class='ocrx_word' id='word_1_547' title='bbox 331 5108 476 5171; x_wconf 83' lang='lat' dir='ltr'><strong>ergo</strong></span> <span class='ocrx_word' id='word_1_548' title='bbox 507 5089 812 5153; x_wconf 85' lang='lat' dir='ltr'><strong>Salomon</strong></span> <span class='ocrx_word' id='word_1_549' title='bbox 841 5087 950 5162; x_wconf 86' lang='lat' dir='ltr'><strong>ait,</strong></span> <span class='ocrx_word' id='word_1_550' title='bbox 971 5088 1412 5169; x_wconf 89' lang='lat' dir='ltr'><strong>Deprehensus</strong></span> <span class='ocrx_word' id='word_1_551' title='bbox 1443 5090 1664 5153; x_wconf 91' lang='lat' dir='ltr'><strong>reddet</strong></span> <span class='ocrx_word' id='word_1_552' title='bbox 1696 5110 1830 5173; x_wconf 89' lang='lat' dir='ltr'><strong>sep·</strong></span> 
     </span>
     <span class='ocr_line' id='line_1_82' title="bbox 333 5185 1830 5271; baseline 0 -20"><span class='ocrx_word' id='word_1_553' title='bbox 333 5189 622 5271; x_wconf 70' lang='lat' dir='ltr'><strong>tuplum‘t</strong></span> <span class='ocrx_word' id='word_1_554' title='bbox 662 5186 756 5248; x_wconf 83' lang='lat' dir='ltr'><strong>Ad</strong></span> <span class='ocrx_word' id='word_1_555' title='bbox 787 5186 910 5249; x_wconf 91' lang='lat' dir='ltr'><strong>hoc</strong></span> <span class='ocrx_word' id='word_1_556' title='bbox 939 5185 1212 5249; x_wconf 88' lang='lat' dir='ltr'><strong>Thomas</strong></span> <span class='ocrx_word' id='word_1_557' title='bbox 1250 5186 1318 5248; x_wconf 89' lang='lat' dir='ltr'><strong>in</strong></span> <span class='ocrx_word' id='word_1_558' title='bbox 1357 5187 1568 5269; x_wconf 89' lang='lat' dir='ltr'><strong>prima</strong></span> <span class='ocrx_word' id='word_1_559' title='bbox 1605 5206 1830 5251; x_wconf 89' lang='lat' dir='ltr'><strong>secun-</strong></span> 
     </span>
     <span class='ocr_line' id='line_1_83' title="bbox 331 5282 1829 5368; baseline 0.001 -21"><span class='ocrx_word' id='word_1_560' title='bbox 331 5287 422 5350; x_wconf 69' lang='lat' dir='ltr'><strong>da)</strong></span> <span class='ocrx_word' id='word_1_561' title='bbox 469 5284 838 5368; x_wconf 88' lang='lat' dir='ltr'><strong>respondet,</strong></span> <span class='ocrx_word' id='word_1_562' title='bbox 891 5282 1062 5364; x_wconf 88' lang='lat' dir='ltr'><strong>quod</strong></span> <span class='ocrx_word' id='word_1_563' title='bbox 1115 5286 1447 5367; x_wconf 79' lang='lat' dir='ltr'><strong>praeceptis</strong></span> <span class='ocrx_word' id='word_1_564' title='bbox 1505 5285 1668 5367; x_wconf 80' lang='lat' dir='ltr'><strong>legis</strong></span> <span class='ocrx_word' id='word_1_565' title='bbox 1727 5286 1829 5367; x_wconf 84' lang='lat' dir='ltr'><strong>ju-</strong></span> 
     </span>
    </p>
   </div>
   <div class='ocr_carea' id='block_1_16' title="bbox 578 5418 734 5469">
    <p class='ocr_par' dir='ltr' id='par_1_33' title="bbox 578 5418 734 5469">
     <span class='ocr_line' id='line_1_84' title="bbox 578 5418 734 5469; baseline -0.013 0"><span class='ocrx_word' id='word_1_566' title='bbox 578 5418 646 5469; x_wconf 85' lang='lat' dir='ltr'><strong>T.</strong></span> <span class='ocrx_word' id='word_1_567' title='bbox 682 5418 734 5467; x_wconf 86' lang='lat'><strong>7.</strong></span> 
     </span>
    </p>
   </div>
   <div class='ocr_carea' id='block_1_17' title="bbox 93 4874 124 4913">
    <p class='ocr_par' dir='ltr' id='par_1_34' title="bbox 93 4874 124 4913">
     <span class='ocr_line' id='line_1_85' title="bbox 93 4874 124 4913; baseline 0 -1"><span class='ocrx_word' id='word_1_568' title='bbox 93 4874 124 4913; x_wconf 92' lang='grc'><strong>6.</strong></span> 
     </span>
    </p>
   </div>
   <div class='ocr_carea' id='block_1_18' title="bbox 1927 4300 3427 4381">
    <p class='ocr_par' dir='ltr' id='par_1_35' title="bbox 1927 4300 3427 4381">
     <span class='ocr_line' id='line_1_86' title="bbox 1927 4300 3427 4381; baseline 0.002 -20"><span class='ocrx_word' id='word_1_569' title='bbox 1927 4302 2307 4381; x_wconf 79' lang='lat' dir='ltr'><strong>pitudinem</strong></span> <span class='ocrx_word' id='word_1_570' title='bbox 2346 4308 2407 4360; x_wconf 89' lang='lat' dir='ltr'><strong>et</strong></span> <span class='ocrx_word' id='word_1_571' title='bbox 2450 4300 2883 4376; x_wconf 72' lang='lat' dir='ltr'><strong>iynominiam</strong></span> <span class='ocrx_word' id='word_1_572' title='bbox 2923 4313 3261 4378; x_wconf 71' lang='lat' dir='ltr'><strong>conyreyat</strong></span> <span class='ocrx_word' id='word_1_573' title='bbox 3299 4306 3427 4364; x_wconf 81' lang='lat' dir='ltr'><strong>sibi</strong></span> 
     </span>
    </p>
   </div>
   <div class='ocr_carea' id='block_1_19' title="bbox 1933 4395 3683 5365">
    <p class='ocr_par' dir='ltr' id='par_1_36' title="bbox 1933 4395 3427 4485">
     <span class='ocr_line' id='line_1_87' title="bbox 1933 4395 3427 4485; baseline 0.003 -24"><span class='ocrx_word' id='word_1_574' title='bbox 1933 4399 2223 4461; x_wconf 88' lang='lat' dir='ltr'><strong>adulter:</strong></span> <span class='ocrx_word' id='word_1_575' title='bbox 2247 4397 2399 4478; x_wconf 90' lang='lat' dir='ltr'><strong>quia</strong></span> <span class='ocrx_word' id='word_1_576' title='bbox 2428 4395 2584 4461; x_wconf 85' lang='lat' dir='ltr'><strong>vitia</strong></span> <span class='ocrx_word' id='word_1_577' title='bbox 2615 4396 2826 4459; x_wconf 88' lang='lat' dir='ltr'><strong>carnis</strong></span> <span class='ocrx_word' id='word_1_578' title='bbox 2857 4396 3185 4478; x_wconf 89' lang='lat' dir='ltr'><strong>potissime</strong></span> <span class='ocrx_word' id='word_1_579' title='bbox 3216 4402 3427 4485; x_wconf 90' lang='lat' dir='ltr'><strong>turpia</strong></span> 
     </span>
    </p>

    <p class='ocr_par' dir='ltr' id='par_1_37' title="bbox 1935 4493 3429 4675">
     <span class='ocr_line' id='line_1_88' title="bbox 1935 4493 3429 4577; baseline 0 -16"><span class='ocrx_word' id='word_1_580' title='bbox 1935 4506 2104 4573; x_wconf 89' lang='lat' dir='ltr'><strong>sunt,</strong></span> <span class='ocrx_word' id='word_1_581' title='bbox 2158 4493 2565 4559; x_wconf 89' lang='lat' dir='ltr'><strong>diffamativa</strong></span> <span class='ocrx_word' id='word_1_582' title='bbox 2612 4503 2676 4557; x_wconf 92' lang='lat' dir='ltr'><strong>et</strong></span> <span class='ocrx_word' id='word_1_583' title='bbox 2721 4494 3058 4577; x_wconf 83' lang='lat' dir='ltr'><strong>probrosa3</strong></span> <span class='ocrx_word' id='word_1_584' title='bbox 3100 4508 3159 4559; x_wconf 87' lang='lat' dir='ltr'><strong>et</strong></span> <span class='ocrx_word' id='word_1_585' title='bbox 3207 4520 3429 4577; x_wconf 79' lang='lat' dir='ltr'><strong>oppro-</strong></span> 
     </span>
     <span class='ocr_line' id='line_1_89' title="bbox 1936 4595 3429 4675; baseline 0.002 -19"><span class='ocrx_word' id='word_1_586' title='bbox 1936 4598 2152 4657; x_wconf 77' lang='lat' dir='ltr'><strong>brium</strong></span> <span class='ocrx_word' id='word_1_587' title='bbox 2183 4597 2369 4656; x_wconf 82' lang='lat' dir='ltr'><strong>itlius</strong></span> <span class='ocrx_word' id='word_1_588' title='bbox 2398 4614 2527 4654; x_wconf 81' lang='lat' dir='ltr'><strong>non</strong></span> <span class='ocrx_word' id='word_1_589' title='bbox 2554 4595 2875 4655; x_wconf 76' lang='lat' dir='ltr'><strong>delebitur</strong></span> <span class='ocrx_word' id='word_1_590' title='bbox 2904 4615 2927 4653; x_wconf 93' lang='lat'><em>:</em></span> <span class='ocrx_word' id='word_1_591' title='bbox 2957 4595 3108 4675; x_wconf 91' lang='lat' dir='ltr'><strong>quia</strong></span> <span class='ocrx_word' id='word_1_592' title='bbox 3138 4597 3202 4658; x_wconf 92' lang='lat' dir='ltr'><strong>in</strong></span> <span class='ocrx_word' id='word_1_593' title='bbox 3237 4595 3429 4659; x_wconf 89' lang='lat' dir='ltr'><strong>infer·</strong></span> 
     </span>
    </p>

    <p class='ocr_par' dir='ltr' id='par_1_38' title="bbox 1933 4691 3427 4877">
     <span class='ocr_line' id='line_1_90' title="bbox 1937 4691 3427 4775; baseline -0.001 -16"><span class='ocrx_word' id='word_1_594' title='bbox 1937 4716 2020 4759; x_wconf 89' lang='lat' dir='ltr'><strong>no</strong></span> <span class='ocrx_word' id='word_1_595' title='bbox 2058 4704 2293 4758; x_wconf 83' lang='lat' dir='ltr'><strong>aeterna</strong></span> <span class='ocrx_word' id='word_1_596' title='bbox 2328 4692 2451 4755; x_wconf 89' lang='lat' dir='ltr'><strong>erit</strong></span> <span class='ocrx_word' id='word_1_597' title='bbox 2488 4693 2629 4773; x_wconf 88' lang='lat' dir='ltr'><strong>ejus</strong></span> <span class='ocrx_word' id='word_1_598' title='bbox 2668 4691 2983 4754; x_wconf 87' lang='lat' dir='ltr'><strong>confusio.</strong></span> <span class='ocrx_word' id='word_1_599' title='bbox 3024 4692 3087 4755; x_wconf 88' lang='lat' dir='ltr'><strong>ln</strong></span> <span class='ocrx_word' id='word_1_600' title='bbox 3130 4696 3427 4775; x_wconf 76' lang='lat' dir='ltr'><strong>praesenti</strong></span> 
     </span>
     <span class='ocr_line' id='line_1_91' title="bbox 1933 4788 3343 4877; baseline -0.001 -20"><span class='ocrx_word' id='word_1_601' title='bbox 1933 4812 2193 4877; x_wconf 89' lang='lat' dir='ltr'><strong>quoque</strong></span> <span class='ocrx_word' id='word_1_602' title='bbox 2219 4791 2451 4854; x_wconf 91' lang='lat' dir='ltr'><strong>malam</strong></span> <span class='ocrx_word' id='word_1_603' title='bbox 2481 4798 2621 4873; x_wconf 90' lang='lat' dir='ltr'><strong>post</strong></span> <span class='ocrx_word' id='word_1_604' title='bbox 2654 4808 2722 4852; x_wconf 89' lang='lat' dir='ltr'><strong>se</strong></span> <span class='ocrx_word' id='word_1_605' title='bbox 2754 4788 2988 4851; x_wconf 89' lang='lat' dir='ltr'><strong>famam</strong></span> <span class='ocrx_word' id='word_1_606' title='bbox 3017 4792 3343 4874; x_wconf 88' lang='lat' dir='ltr'><strong>relinquit.</strong></span> 
     </span>
    </p>

    <p class='ocr_par' dir='ltr' id='par_1_39' title="bbox 2017 4885 3623 4972">
     <span class='ocr_line' id='line_1_92' title="bbox 2017 4885 3623 4972; baseline 0.004 -23"><span class='ocrx_word' id='word_1_607' title='bbox 2017 4892 2184 4961; x_wconf 79' lang='lat' dir='ltr'><strong>Quia</strong></span> <span class='ocrx_word' id='word_1_608' title='bbox 2232 4894 2407 4950; x_wconf 80' lang='lat' dir='ltr'><strong>zelus</strong></span> <span class='ocrx_word' id='word_1_609' title='bbox 2454 4886 2737 4969; x_wconf 73' lang='lat' dir='ltr'><strong>justitiae,</strong></span> <span class='ocrx_word' id='word_1_610' title='bbox 2774 4885 2837 4948; x_wconf 92' lang='lat' dir='ltr'><strong>id</strong></span> <span class='ocrx_word' id='word_1_611' title='bbox 2886 4895 2982 4950; x_wconf 91' lang='lat' dir='ltr'><strong>est</strong></span> <span class='ocrx_word' id='word_1_612' title='bbox 3022 4906 3200 4953; x_wconf 90' lang='lat' dir='ltr'><strong>amor</strong></span> <span class='ocrx_word' id='word_1_613' title='bbox 3240 4891 3427 4972; x_wconf 81' lang='lat' dir='ltr'><strong>justae</strong></span> <span class='ocrx_word' id='word_1_614' title='bbox 3550 4907 3623 4963; x_wconf 70' lang='lat'><strong>34</strong></span> 
     </span>
    </p>

    <p class='ocr_par' dir='ltr' id='par_1_40' title="bbox 1934 4984 3420 5068">
     <span class='ocr_line' id='line_1_93' title="bbox 1934 4984 3420 5068; baseline -0.001 -14"><span class='ocrx_word' id='word_1_615' title='bbox 1934 4990 2255 5062; x_wconf 81' lang='lat' dir='ltr'><strong>vindictae,</strong></span> <span class='ocrx_word' id='word_1_616' title='bbox 2306 4998 2367 5047; x_wconf 92' lang='lat' dir='ltr'><strong>et</strong></span> <span class='ocrx_word' id='word_1_617' title='bbox 2410 4987 2625 5063; x_wconf 81' lang='lat' dir='ltr'><strong>furor,</strong></span> <span class='ocrx_word' id='word_1_618' title='bbox 2668 4984 2732 5046; x_wconf 91' lang='lat' dir='ltr'><strong>id</strong></span> <span class='ocrx_word' id='word_1_619' title='bbox 2780 4994 2877 5047; x_wconf 91' lang='lat' dir='ltr'><strong>est</strong></span> <span class='ocrx_word' id='word_1_620' title='bbox 2923 4986 3094 5067; x_wconf 82' lang='lat' dir='ltr'><strong>rigor</strong></span> <span class='ocrx_word' id='word_1_621' title='bbox 3136 4989 3420 5068; x_wconf 85' lang='lat' dir='ltr'><strong>justitiae,</strong></span> 
     </span>
    </p>

    <p class='ocr_par' dir='ltr' id='par_1_41' title="bbox 1937 5082 3428 5165">
     <span class='ocr_line' id='line_1_94' title="bbox 1937 5082 3428 5165; baseline 0 -15"><span class='ocrx_word' id='word_1_622' title='bbox 1937 5092 2092 5161; x_wconf 86' lang='lat' dir='ltr'><strong>viri,</strong></span> <span class='ocrx_word' id='word_1_623' title='bbox 2122 5087 2189 5149; x_wconf 90' lang='lat' dir='ltr'><strong>id</strong></span> <span class='ocrx_word' id='word_1_624' title='bbox 2218 5095 2314 5149; x_wconf 88' lang='lat' dir='ltr'><strong>est</strong></span> <span class='ocrx_word' id='word_1_625' title='bbox 2347 5085 2452 5147; x_wconf 91' lang='lat' dir='ltr'><strong>Dei</strong></span> <span class='ocrx_word' id='word_1_626' title='bbox 2482 5082 2964 5164; x_wconf 80' lang='lat' dir='ltr'><strong>omnipotentiS,</strong></span> <span class='ocrx_word' id='word_1_627' title='bbox 2997 5086 3231 5165; x_wconf 87' lang='lat' dir='ltr'><strong>judicis</strong></span> <span class='ocrx_word' id='word_1_628' title='bbox 3262 5106 3428 5150; x_wconf 90' lang='lat' dir='ltr'><strong>sum-</strong></span> 
     </span>
    </p>

    <p class='ocr_par' dir='ltr' id='par_1_42' title="bbox 1935 5180 3429 5267">
     <span class='ocr_line' id='line_1_95' title="bbox 1935 5180 3429 5267; baseline 0 -19"><span class='ocrx_word' id='word_1_629' title='bbox 1935 5186 2041 5263; x_wconf 88' lang='lat' dir='ltr'><strong>mi,</strong></span> <span class='ocrx_word' id='word_1_630' title='bbox 2065 5185 2179 5267; x_wconf 93' lang='lat' dir='ltr'><strong>qui</strong></span> <span class='ocrx_word' id='word_1_631' title='bbox 2215 5183 2337 5246; x_wconf 85' lang='lat' dir='ltr'><strong>fuit</strong></span> <span class='ocrx_word' id='word_1_632' title='bbox 2364 5200 2635 5263; x_wconf 90' lang='lat' dir='ltr'><strong>sponsus</strong></span> <span class='ocrx_word' id='word_1_633' title='bbox 2664 5187 2729 5242; x_wconf 87' lang='lat' dir='ltr'><strong>et</strong></span> <span class='ocrx_word' id='word_1_634' title='bbox 2755 5180 2856 5244; x_wconf 86' lang='lat' dir='ltr'><strong>vir</strong></span> <span class='ocrx_word' id='word_1_635' title='bbox 2885 5181 3243 5263; x_wconf 64' lang='lat' dir='ltr'><strong>synagogai,</strong></span> <span class='ocrx_word' id='word_1_636' title='bbox 3265 5184 3429 5248; x_wconf 90' lang='lat' dir='ltr'><strong>sicut</strong></span> 
     </span>
    </p>

    <p class='ocr_par' dir='ltr' id='par_1_43' title="bbox 1934 5276 3683 5365">
     <span class='ocr_line' id='line_1_96' title="bbox 1934 5276 3683 5365; baseline -0.001 -18"><span class='ocrx_word' id='word_1_637' title='bbox 1934 5286 2025 5348; x_wconf 90' lang='lat' dir='ltr'><strong>ait</strong></span> <span class='ocrx_word' id='word_1_638' title='bbox 2051 5302 2167 5365; x_wconf 91' lang='lat' dir='ltr'><strong>per</strong></span> <span class='ocrx_word' id='word_1_639' title='bbox 2195 5280 2415 5344; x_wconf 89' lang='lat' dir='ltr'><strong>lsaiam</strong></span> <span class='ocrx_word' id='word_1_640' title='bbox 2454 5297 2468 5341; x_wconf 76' lang='grc' dir='ltr'>ε</span> <span class='ocrx_word' id='word_1_641' title='bbox 2502 5276 2652 5351; x_wconf 89' lang='lat' dir='ltr'><strong>Quis</strong></span> <span class='ocrx_word' id='word_1_642' title='bbox 2683 5285 2779 5339; x_wconf 90' lang='lat' dir='ltr'><strong>est</strong></span> <span class='ocrx_word' id='word_1_643' title='bbox 2812 5276 2933 5341; x_wconf 87' lang='lat' dir='ltr'><strong>iste</strong></span> <span class='ocrx_word' id='word_1_644' title='bbox 2961 5278 3124 5343; x_wconf 88' lang='lat' dir='ltr'><strong>liber</strong></span> <span class='ocrx_word' id='word_1_645' title='bbox 3155 5283 3424 5365; x_wconf 87' lang='lat' dir='ltr'><strong>repudii,</strong></span> <span class='ocrx_word' id='word_1_646' title='bbox 3496 5310 3619 5363; x_wconf 76' lang='lat'><strong>1.,.„</strong></span> <span class='ocrx_word' id='word_1_647' title='bbox 3643 5313 3683 5354; x_wconf 73' lang='grc' dir='ltr'><strong>ι,</strong></span> 
     </span>
    </p>
   </div>
   <div class='ocr_carea' id='block_1_20' title="bbox 3149 5416 3182 5467">
    <p class='ocr_par' dir='ltr' id='par_1_44' title="bbox 3149 5416 3182 5467">
     <span class='ocr_line' id='line_1_97' title="bbox 3149 5416 3182 5467; baseline 0 -2"><span class='ocrx_word' id='word_1_648' title='bbox 3149 5416 3182 5467; x_wconf 77' lang='lat'><strong>4</strong></span> 
     </span>
    </p>
   </div>
  </div>
 </body>
</html>
