4284 6267
566 1289 726 1334 Joann.
738 1304 822 1341 xvi,

563 1886 747 1929 women.
765 1900 820 1937 ιν,

559 1953 624 2000 10,
651 1953 715 1993 19.

683 5327 719 5382 6

851 490 972 559 3126

1444 512 1795 562 mantnano
1839 514 1902 561 m
1943 514 2082 561 cAP.
2129 516 2174 561 11
2217 514 2456 563 cmc!
2499 515 2904 565 CANTIcontm.
2949 536 3031 549 -
3070 520 3211 566 Am.
3247 518 3353 566 Vlss

847 684 1082 747 bantur
1122 704 1196 748 ac
1240 684 1696 766 movebantur;
1738 706 1856 751 nec
1893 707 2176 769 unquam
2219 688 2341 751 fuit
2370 690 2421 750 A
2456 689 2750 770 praesenti
2789 708 2891 753 me
2929 690 3388 770 gratiosissime
3434 692 3843 771 sustentavit;
3886 687 3951 752 (ἐι

848 784 914 845 in
965 803 1068 848 me
1118 783 1477 847 inordinata
1525 783 1810 861 affectio,
1864 805 2072 867 neque
2119 788 2200 849 ad
2246 787 2344 849 Fi·-
2451 791 2719 849 dextera
2752 791 2935 849 illius
2964 792 3445 868 ampleoeabicur
3472 810 3583 851 me.
3613 789 3743 851 Jam
3774 809 3953 852 nam-

848 882 1004 945 lium
1039 901 1276 961 meum,
1312 885 1603 966 quamvis
1637 885 1921 959 unicum,
1959 886 2344 967 speciosissi-

849 1001 1045 1057 mum,
1081 983 1676 1065 praestantissimum
1709 993 1893 1066 atque
1924 985 2341 1060 carissimum,

853 1078 947 1141 fui
987 1100 1264 1162 unquam
1309 1082 1684 1145 sensualiter
1720 1081 1958 1146 affecta
1992 1100 2007 1144 :
2050 1084 2215 1146 sicut
2254 1083 2347 1145 in-

851 1181 1100 1244 terdum
1145 1181 1454 1263 Apostoli,
1490 1191 1749 1263 propter
1794 1182 1964 1263 quod
2008 1182 2348 1245 audierunt

851 1278 932 1342 ab
971 1298 1046 1343 co
1081 1297 1094 1341 ε
1130 1279 1193 1341 Si
1239 1298 1366 1343 non
1413 1279 1650 1354 abiero,
1682 1280 2039 1343 Paracletus
2080 1300 2208 1343 non
2243 1299 2349 1343 ve-

851 1380 982 1442 niet
1014 1379 1092 1441 ad
1127 1397 1258 1442 vos.
1292 1379 1534 1442 Caritas
1567 1397 1824 1460 quoque
1855 1398 1996 1441 mea
2028 1378 2053 1441 f
2057 1380 2151 1441 uit
2180 1379 2351 1443 circa

851 1498 966 1543 sua
1010 1479 1259 1560 objecta
1311 1478 1376 1539 in
1421 1478 1553 1541 suis
1601 1477 1849 1541 actibus
1900 1477 2347 1542 decentissime

849 1579 1160 1654 ordinata,
1198 1578 1286 1639 ita
1317 1577 1485 1659 quod
1519 1577 1712 1639 Deum
1749 1576 1956 1659 primo
1980 1586 2044 1639 et
2073 1576 2347 1641 maxime

853 1686 1114 1760 propter
1145 1694 1368 1757 puram
1411 1683 1474 1737 et
1504 1675 1828 1738 infinitam
1871 1674 2220 1738 bonitatem
2253 1676 2349 1757 ip-

851 1774 983 1837 sius
1041 1772 1235 1837 dilexi
1294 1773 1674 1856 purissime3
1733 1772 1984 1851 deinde,
2041 1774 2341 1854 quoniam

2451 905 2579 967 que
2617 886 2680 948 in
2716 906 2858 950 mea
2888 888 3325 969 assumptione
3353 889 3637 963 adsuam
3668 906 3768 951 me
3796 889 3953 951 dex-

2456 993 2654 1048 teram
2698 986 3053 1059 collocavit,
3086 994 3151 1048 et
3189 994 3581 1069 assumptam
3622 1005 3763 1049 cum
3806 1004 3953 1049 cor-

2456 1102 2631 1165 pore,
2684 1084 3097 1166 corporaliter
3144 1083 3265 1146 sibi
3332 1084 3575 1165 univit3
3625 1094 3813 1166 atque
3866 1087 3949 1148 ad

2456 1190 2583 1244 tam
2626 1182 2861 1245 claram
2892 1191 2955 1245 et
2989 1182 3615 1265 voluptuosissimam
3652 1202 3782 1247 suae
3808 1184 3951 1247 dei-

2459 1280 2603 1342 tatis
2647 1279 3051 1344 intuitionem
3100 1280 3439 1364 promovit,
3484 1290 3781 1362 quantam
3828 1302 3950 1364 pu-

2458 1397 2526 1440 ra
2559 1388 2845 1442 creatura
2882 1380 3022 1443 sine
3060 1379 3378 1463 personali
3421 1379 3657 1443 unione
3692 1380 3951 1443 videtur

2457 1496 2684 1559 capere
2726 1496 2935 1559 posse.
2962 1478 3292 1542 Credimus
3333 1496 3609 1561 quoque,
3652 1497 3690 1541 ο
3724 1498 3951 1562 super-

2457 1576 2733 1639 coelestis
2765 1577 3046 1655 Domina,
3072 1576 3356 1640 omnium
3388 1587 3814 1641 creaturarum
3848 1579 3953 1641 de-

2456 1693 2568 1737 cus
2598 1683 2658 1737 et
2692 1674 2915 1755 gloria,
2951 1684 3011 1739 te
3040 1696 3183 1740 cum
3216 1694 3415 1757 puero
3444 1676 3587 1739 Jesu
3617 1676 3683 1738 in
3715 1696 3827 1739 sua
3860 1696 3952 1739 sa·

2456 1792 2565 1836 cra
2601 1773 2875 1836 infantia
2906 1776 3061 1857 (qua
3092 1784 3389 1838 renovata
3423 1783 3521 1837 est
3556 1784 3845 1838 senectus
3886 1784 3951 1838 et

855 1874 1028 1957 prior
1073 1872 1297 1935 dilexit
1345 1891 1468 1945 me,
1503 1881 1695 1954 atque
1735 1872 1813 1935 ad
1861 1881 2031 1935 tanta
2072 1892 2143 1935 ac
2200 1872 2346 1936 talia
2382 1873 2429 1935 B
2459 1881 2734 1937 vetustas
2765 1875 3009 1951 nostra)
3028 1874 3411 1955 quandoque
3440 1874 3505 1935 in
3534 1874 3753 1937 eodem
3784 1874 3951 1938 lecto

855 1992 956 2035 me
1005 1990 1138 2053 prae
1180 1971 1354 2034 omni
1403 1979 1691 2034 creatura
1737 1970 1950 2051 elegit,
1983 1978 2055 2032 ut
2102 1970 2347 2034 scilieet

856 2089 1060 2134 essem
1094 2077 1294 2132 mater
1327 2069 1552 2151 ipsiuS,
1585 2078 1648 2131 et
1677 2076 1940 2150 propter
1968 2078 2177 2132 cetera
2205 2070 2346 2151 ejus

853 2167 1175 2233 beneficia
1219 2167 1560 2248 generalia,
1595 2167 1920 2248 specialia,
1951 2185 2023 2229 ac
2067 2167 2346 2247 singula-

855 2269 968 2330 ria.
1002 2267 1093 2330 Ad
1123 2274 1516 2346 assumptam
1557 2284 1708 2328 vero
1748 2265 2207 2328 humanitatem
2248 2266 2346 2329 Fi-

854 2366 926 2429 lii
971 2365 1096 2429 mei
1140 2363 1517 2439 dulcissimi,
1552 2363 1748 2426 habui
1792 2363 2118 2427 caritatem
2162 2364 2346 2427 valde

853 2464 1266 2547 praecipuam,
1300 2462 1429 2525 imo
1473 2470 1534 2525 et
1572 2461 2203 2525 vehementissimum
2243 2482 2349 2525 na-

855 2562 1124 2627 turalem
1171 2579 1451 2624 amorem
1491 2560 1659 2640 gessi
1700 2561 1776 2623 ad
1824 2579 1995 2623 eum.
2047 2560 2346 2635 Quamvis

855 2660 1048 2725 etiam
1097 2679 1134 2722 a
1187 2667 1472 2741 tempore
1530 2677 1658 2739 quo
1711 2658 1802 2720 uti
1861 2658 2026 2740 coepi
2077 2659 2341 2735 ratione,

857 2759 1038 2823 valde
1069 2757 1396 2822 dilexerim
1434 2757 1775 2840 proximOS,
1811 2766 1875 2821 et
1905 2758 1969 2819 in
1998 2775 2218 2821 eorum
2251 2776 2347 2820 ca-

857 2860 1041 2922 ritate
1073 2856 1490 2940 profecerim;
1524 2866 1736 2919 tamen
1775 2856 1854 2919 ab
1899 2875 1974 2919 ea
2013 2857 2187 2932 hora,
2222 2876 2349 2938 qua

854 2968 1112 3041 propter
1159 2956 1492 3020 hominum
1545 2956 1958 3019 salvationem
2005 2956 2169 3019 facta
2206 2975 2346 3018 sum

2454 1972 2849 2049 dormivisse,
2866 1981 3058 2053 atque
3088 1971 3473 2035 infantulum
3502 1973 3697 2036 Deum
3722 1992 3949 2037 verum

2455 2071 2623 2134 inter
2665 2079 2773 2134 tua
2814 2070 3233 2133 mundissima
3276 2069 3533 2133 brachia
3576 2070 3943 2149 collocasse,

2457 2177 2643 2251 teque
2670 2170 2748 2232 ab
2774 2170 2915 2250 ejus
2947 2169 3197 2232 dextera
3222 2168 3648 2251 amplexatam.
3672 2169 3720 2233 Ο
3748 2187 3943 2251 quam

2456 2266 2976 2349 incomparabilis
3014 2276 3081 2331 et
3120 2268 3471 2331 indicibilis
3508 2277 3603 2331 est
3637 2268 3948 2332 excellen-

2456 2367 2565 2442 tia,
2598 2366 2944 2441 beatitudo,
2979 2376 3039 2429 et
3066 2365 3271 2446 gloria
3302 2370 3435 2429 tua!
3468 2366 3663 2440 Quam
3696 2368 3951 2449 propin-

2456 2464 2765 2545 quissima
2811 2473 2875 2529 et
2918 2464 3421 2528 familiarissima
3467 2464 3631 2529 facta
3664 2484 3734 2528 es
3776 2466 3944 2529 Deo!

2456 2564 2636 2625 Certe
2683 2563 2749 2625 in
2799 2572 3107 2645 quantum
3160 2581 3228 2626 es
3276 2563 3466 2627 Mater
3518 2562 3647 2628 veri
3698 2564 3830 2641 Dei,
3882 2584 3953 2628 es

2458 2660 2785 2741 dignitatis
2816 2662 3284 2743 quodammodo
3318 2661 3627 2742 infinitae3
3661 2673 3725 2725 et
3752 2680 3953 2744 quan-

2462 2770 2521 2823 ta
2554 2760 2677 2822 fuit
2702 2767 2767 2823 et
2794 2768 2891 2823 est
2917 2761 3264 2823 eminentia
3293 2769 3415 2823 tuae
3444 2761 3791 2841 dignitatis,
3824 2770 3954 2823 tau·

2457 2868 2521 2922 ta
2550 2868 2612 2920 et
2644 2858 2970 2935 bonitatiS,
3006 2867 3179 2921 tanta
3217 2877 3473 2940 quoque
3500 2868 3562 2921 et
3596 2857 3948 2922 felicitatis.

2456 2958 2718 3021 Omnem
2752 2975 2901 3038 ergo
2932 2956 3413 3020 admirationem
3444 2964 3507 3019 et
3537 2955 3951 3039 capacitatem

852 3056 1136 3120 Genitrix
1175 3056 1304 3132 Dei,
1344 3055 1875 3119 inaestimabiliter
1912 3055 2106 3118 dilexi
2147 3075 2348 3137 genus
2383 3057 2428 3120 C
2458 3065 2737 3120 nostram
2802 3054 3191 3117 transcendit
3248 3054 3572 3117 beatitudo
3628 3062 3693 3117 et
3746 3055 3950 3135 gloria

856 3156 1230 3231 humanum,
1276 3163 1338 3217 et
1388 3153 1452 3215 in
1505 3154 1644 3235 ejus
1687 3172 1848 3237 puro
1886 3172 2100 3216 amore
2138 3154 2350 3236 quoti-

856 3254 961 3317 die
1004 3253 1199 3317 crevi.
1252 3253 1382 3315 lmo
1437 3270 1553 3314 nec
1598 3252 1958 3333 passionem
2005 3251 2142 3314 Filii
2194 3251 2345 3329 mei,

859 3352 922 3415 in
971 3360 1275 3433 quantum
1317 3358 1452 3413 erat
1497 3349 1806 3414 salvativa
1843 3349 2094 3431 generis
2131 3350 2350 3413 huma-

858 3451 949 3529 ni,
991 3448 1319 3513 abhorrui.

939 3551 1191 3611 Falla-ite
1237 3568 1336 3609 me
1379 3549 1674 3625 flor-ihm,
1705 3547 1937 3624 stipate
1989 3568 2085 3607 me
2133 3550 2347 3615 malis,

857 3651 1016 3728 quia
1045 3667 1262 3708 amore
1293 3650 1584 3723 lanqueo.
1622 3644 1889 3707 Noverat
1918 3644 2244 3708 docillima
2276 3665 2351 3709 ac

856 3745 1328 3828 sapientissima
1372 3743 1579 3821 Virg0,
1614 3752 1760 3805 ante
1790 3742 1934 3804 Filii
1975 3744 2071 3805 sui
2104 3744 2350 3825 passio-

855 3863 1000 3907 ncm
1051 3844 1372 3907 neminem
1425 3860 1609 3923 posse
1661 3842 1740 3902 ad
1797 3840 2160 3904 beatificam
2213 3842 2348 3904 Dei-

858 3943 1000 4005 tatis
1053 3942 1412 4025 pertingere
1459 3940 1768 4003 visionem
1805 3961 1820 4005 t
1858 3941 2097 4004 idcirco
2148 3960 2349 4023 usque

854 4042 933 4103 ad
976 4041 1136 4103 illud
1173 4048 1427 4121 tempus
1465 4038 1810 4121 patientius
1855 4039 2116 4121 pertulit
2157 4040 2349 4122 hujus

855 4138 1062 4203 exsilii
1114 4138 1497 4216 incolatum;
1544 4155 1763 4199 verum
1816 4156 1890 4200 ex
1951 4146 2098 4201 tunc
2157 4138 2351 4220 coepit

2459 3165 2587 3218 tua.

2516 3254 2773 3330 Adjuro
2804 3273 2924 3319 vos,
2946 3254 3107 3330 filioe
3134 3255 3507 3320 Jerusalem,
3528 3272 3607 3313 ne
3632 3254 3949 3313 suscitetis

2460 3372 2662 3432 neque
2696 3352 3011 3429 eviyilare
3047 3351 3313 3429 faciatis
3342 3353 3674 3423 dilectam,
3712 3353 3952 3430 quoad-

2464 3471 2659 3530 usque
2690 3453 2832 3529 ipsa
2864 3451 3038 3511 velit.
3074 3449 3219 3511 Post
3243 3446 3476 3510 Christi
3508 3448 3949 3511 ascensionem

2459 3569 2533 3613 ac
2590 3548 2959 3611 missionem
3024 3546 3319 3629 paracleti
3381 3545 3655 3628 Spiritus
3711 3545 3953 3620 Sancti,

2458 3645 2904 3729 multiplicatis
2941 3644 3267 3721 fidelibus,
3298 3652 3361 3707 et
3390 3644 3671 3708 evidenti
3705 3643 3837 3706 fide
3866 3652 3958 3706 te-

2460 3745 2762 3810 nentibus
2794 3751 3259 3807 sacrosanctam
3291 3742 3615 3822 Virginem
3647 3760 3787 3805 esse
3818 3740 3955 3805 veri

2461 3845 2569 3908 Dei
2600 3844 2879 3919 Matrem,
2916 3860 3137 3905 omnes
3168 3860 3307 3903 eam
3344 3840 3408 3902 in
3450 3840 3723 3902 maxima
3754 3848 3819 3903 et
3847 3839 3956 3901 ad-

2460 3941 2739 4006 mirabili
2780 3939 3135 4003 reverentia
3168 3941 3265 4018 (ut
3302 3957 3449 4002 vere
3490 3938 3733 4018 decuit)
3764 3937 3958 3999 habu-

2460 4049 2671 4117 erunt,
2706 4047 2897 4120 atque
2926 4039 3003 4100 ad
3037 4036 3241 4119 ipsam
3275 4037 3340 4098 in
3374 4036 3549 4099 omni
3580 4035 3959 4098 necessitate

2460 4148 2524 4201 et
2571 4135 2931 4200 rationabili
2974 4154 3166 4197 causa
3213 4132 3533 4197 habebant
3580 4131 3899 4211 refugium
3938 4150 3951 4193 :

855 4236 1182 4300 ardentius
1221 4235 1301 4298 ad
1338 4236 1658 4298 coelcstem
1701 4234 1883 4299 affici
1926 4237 2345 4307 mansionem,
2381 4240 2429 4301 D
2460 4237 2568 4299 sed
2629 4244 2692 4298 et
2761 4232 3023 4316 plurimi
3086 4232 3299 4313 magni
3365 4250 3437 4294 ac
3494 4228 3951 4311 sapientissimi

857 4335 1208 4418 praesertim
1259 4342 1401 4415 post
1449 4333 1547 4395 sui
1611 4334 1825 4397 dilecti
1882 4335 2345 4398 ascensionem.

861 4434 1036 4496 Undc
1081 4452 1158 4495 cx
1205 4440 1356 4494 tunc
1405 4431 1731 4512 potissime
1773 4432 2022 4513 languit
2063 4431 2345 4508 caritate,

857 4531 1184 4613 suspirans
1215 4530 1292 4592 ad
1331 4528 1790 4607 immediatum,
1828 4530 2344 4612 inseparabilem,

857 4638 920 4693 ct
946 4638 1247 4693 aeternum
1283 4628 1497 4710 sponsi
1530 4628 1884 4709 amplexum
1915 4628 2304 4692 laetissimum
2331 4649 2345 4693 ε

861 4729 1000 4791 ideo
1038 4725 1312 4789 floribus
1361 4727 1732 4809 concupivit
1781 4726 1992 4790 fulciri
2043 4746 2118 4789 ac
2166 4726 2350 4789 malis

858 4824 1105 4908 stipari,
1139 4824 1203 4886 id
1243 4833 1341 4887 est
1379 4824 1747 4888 coelestibus
1780 4824 2347 4902 consolationibuS,

858 4923 1136 5007 copiosis
1179 4921 1595 5005 profectibuS,
1630 4942 1712 4986 ac.
1742 4923 2163 5006 plurimorum
2206 4942 2355 4986 con-

861 5022 1264 5088 versionibus
1312 5021 1565 5084 interim
1614 5021 1940 5085 confoveri
1991 5042 2063 5086 ac
2113 5041 2355 5085 recrea-

861 5123 915 5186 ri
949 5141 964 5185 t
1002 5120 1173 5204 quod
1217 5119 1441 5201 utique
1485 5119 1922 5202 copiosissime
1970 5120 2093 5183 fuit
2135 5139 2355 5184 conse-

861 5230 1028 5297 cuta,
1081 5229 1149 5282 ut
1196 5217 1509 5280 subditur.

971 5324 1164 5382 Loeva
1219 5318 1359 5395 ejus
1415 5320 1532 5379 sub
1585 5321 1792 5397 capite
1849 5338 2012 5389 mec,
2070 5318 2225 5401 quia
2288 5318 2355 5381 in

2460 4336 2651 4399 etiam
2710 4352 2785 4395 ex
2845 4332 3216 4413 paganismo
3265 4327 3577 4403 conversi,
3634 4327 3821 4391 talem
3878 4346 3954 4391 ac

2458 4441 2697 4495 tantam
2732 4430 2945 4494 videre
2976 4439 3038 4492 ct
3066 4429 3287 4491 audire
3318 4424 3817 4509 praecordialiter
3842 4444 3955 4507 op-

2462 4538 2774 4605 taverunt,
2825 4536 2895 4590 ut
2944 4535 3114 4609 patet
3162 4527 3240 4589 de
3290 4525 3350 4588 S.
3393 4523 3653 4604 Ignatio.
3695 4522 3953 4604 Legitur

2459 4630 2636 4705 item,
2670 4626 2839 4709 quod
2871 4626 3127 4707 grandis
3157 4620 3559 4703 congregatio
3589 4628 3949 4683 sanctarum

2459 4726 2781 4805 virginum
2830 4723 3194 4787 morabatur
3240 4740 3387 4784 cum
3436 4738 3529 4794 ea,
3583 4718 3724 4800 ejus
3774 4718 3954 4781 obse-

2459 4824 2614 4906 quio
2671 4824 2993 4905 deputata.
3047 4818 3379 4883 Commisit
3429 4817 3619 4897 igitur
3676 4834 3952 4899 sponsus

2460 4920 2739 4985 coelestis
2768 4919 3068 4984 omnibus
3098 4916 3253 4993 istis
3289 4935 3367 4979 ne
3398 4917 3763 4997 importune
3790 4914 3953 4977 hanc

2462 5018 3077 5104 praedilectissimam
3117 5033 3413 5099 sponsam
3450 5023 3514 5077 et
3551 5023 3823 5076 matrem
3852 5034 3955 5075 su-

2462 5140 2566 5182 am
2624 5119 3017 5193 accederent,
3068 5117 3147 5178 ad
3197 5113 3621 5177 revocandum
3683 5130 3825 5174 eam
3877 5112 3954 5175 de

2465 5236 2580 5299 suo
2611 5224 2852 5279 secreto
2881 5223 2943 5277 et
2973 5211 3375 5295 quietissimo
3404 5218 3547 5271 actu
3575 5217 3639 5271 et
3667 5207 3825 5284 loco,
3844 5206 3952 5271 ubi

2466 5312 2979 5397 contemplativae
3018 5312 3165 5377 vitae
3203 5306 3540 5384 exercitiiS,
3576 5326 3727 5369 cum
3766 5307 3954 5371 devo-
