4284 6267
523 4490 603 4533 Pa.
623 4503 703 4539 civ.
720 4490 788 4531 4⁰.

572 4676 709 4721 Num.
732 4691 787 4728 xi,

836 460 957 522 542

837 656 1059 729 spectu
1090 666 1203 709 seu
1232 645 1763 723 consideratione,
1797 664 1926 708 non
1958 650 2165 727 potest
2193 662 2332 725 per-
2361 643 2408 705 A
2439 652 2588 705 runt
2616 644 2698 707 ab
2729 645 2868 725 ejus
2897 645 3228 726 obsequiO,
3248 642 3594 707 servientes
3624 653 3926 709 creaturae
3967 663 4218 711 noa-aas.

838 746 1115 827 pendere
1146 744 1406 826 aliquod
1448 743 1909 807 irrationalium
1951 741 2326 804 animalium

834 862 977 905 esse
1027 842 1287 917 bonum,
1324 861 1434 905 seu
1477 842 1648 905 bona
1686 840 2034 915 includere,
2073 847 2333 922 propter

836 960 979 1021 quae
1010 940 1347 1004 colendum
1381 939 1661 1002 exsistat.
1702 942 2087 1018 Effuyerunc
2116 948 2332 999 autem

837 1042 961 1101 Dei
1003 1043 1291 1109 laudem,
1322 1038 1385 1100 id
1433 1046 1551 1112 est,
1587 1036 1930 1100 miserrimi
1981 1035 2332 1099 idololatrae

832 1144 1233 1200 recesserunt
1272 1155 1307 1199 a
1352 1135 1651 1197 laudibus
1681 1134 2017 1211 CreatoriS,
2059 1142 2121 1195 et
2154 1132 2332 1213 fuge-

1464 474 1814 522 mannum
1856 473 1921 520 IN
1960 473 2100 520 cAP.
2151 472 2254 518 xvl
2297 472 2454 519 unm
2497 472 2854 519 summm.
2901 492 2981 503 —
3021 474 3162 520 Aur.
3208 474 3310 520 XVI

2441 742 2665 821 magiS‚
2709 762 2901 824 quam
2936 740 3211 805 Creatori
3249 760 3262 803 ε
3299 742 3440 805 ideo
3471 742 3838 823 effugerunt
3865 753 3926 803 et

2441 843 2942 903 benedictionem
2997 843 3164 916 ejus,
3212 840 3274 902 id
3317 849 3434 918 est,
3486 842 3652 904 dona
3705 842 3925 921 gratiae

2440 937 2551 999 Dei
2600 957 2726 1000 non
2776 946 2925 1000 sunt
2969 938 3314 1015 consecuti,
3361 939 3514 1019 quia
3558 947 3926 1003 averterunt

2439 1054 2506 1097 se
2552 1035 2721 1110 inde,
2759 1035 3248 1117 dilexeruntque
3289 1036 3825 1112 maledictionem,
3859 1046 3925 1099 et
3953 1052 4218 1101 Pecs-maz.

2441 1133 2656 1196 veniet
2699 1133 2814 1196 eis.

1893 1556 2543 1642 ARTICULUS
2619 1557 2818 1640 XVI

1178 1832 1534 1880 ELUCIDATIO
1578 1831 1853 1879 CAPITULI
1896 1830 2282 1878 suxrtnsscml
2330 1832 2344 1875 :
2392 1831 2665 1877 PROPTER
2707 1831 2842 1877 HAEc
2884 1832 2958 1877 ΕΤ
3001 1832 3100 1879 ms
3145 1834 3394 1895 smlLIA,
3436 1833 3568 1881 mc.

977 2112 1291 2177 ISTORIAE
1334 2113 1621 2193 quaedam
1660 2111 1893 2176 veteris
1931 2107 2320 2172 Testamenti
2358 2107 2403 2168 B
2433 2109 2612 2186 lium,
2663 2110 2909 2175 scilicet
2959 2131 3279 2191 ranarum,
3331 2134 3713 2192 muscarum,
3767 2127 3912 2193 etc.,

887 2267 898 2276 .
998 2213 1064 2274 in
1092 2213 1213 2275 isto
1240 2210 1540 2293 capitulo,
1561 2209 1727 2274 sicut
1750 2218 1813 2271 et
1838 2209 1901 2270 in
1934 2208 2319 2290 quibusdam

825 2312 992 2387 aliis,
1030 2310 1307 2374 breviter
1338 2309 1685 2371 recitantur
1708 2328 1853 2370 cum
1885 2305 2321 2370 declarationi-

827 2411 947 2473 bus
979 2409 1365 2472 earumdem.
1391 2412 1666 2486 Propter
1687 2410 1819 2469 haec
1839 2408 2018 2466 ethis
2048 2405 2320 2473 similia,

827 2509 891 2570 id
947 2516 1043 2570 est
1102 2514 1399 2589 praetacta
1459 2504 1525 2565 in
1596 2503 1977 2586 praecedenti
2037 2501 2319 2583 capitulo

824 2606 1085 2681 scelera,
1127 2613 1190 2667 et
1231 2603 1559 2685 potissime
1611 2601 1985 2665 idololatriae
2022 2600 2312 2675 crimina,

815 2706 998 2782 passi
1023 2713 1177 2763 sunt
1206 2704 1403 2779 diyne
1435 2710 1771 2771 tormenta,
1806 2700 1869 2762 id
1902 2707 2018 2773 est,
2054 2697 2318 2761 idolola-

823 2810 935 2865 trae
962 2802 1133 2883 juste
1176 2798 1461 2882 perpessi
1494 2806 1636 2861 sunt
1664 2798 1915 2861 diversa
1945 2796 2260 2878 supplicia
2297 2816 2311 2859 ε

823 2908 1015 2981 atque
1057 2899 1134 2961 ad
1181 2897 1457 2961 litteram
1506 2895 1584 2958 fit
1623 2897 1702 2958 de
1732 2894 2040 2978 AEgyptiis
2082 2912 2314 2970 serm0,

822 2998 988 3060 sicut
1016 3016 1092 3060 ex
1141 2994 1683 3076 consequentibus
1713 2992 2085 3071 innotesci't3
2118 3001 2178 3051 et
2201 3012 2319 3069 per

822 3097 1313 3158 multitudinem
1334 3096 1684 3155 bestiarum
1702 3094 2126 3153 exterminati
2144 3102 2313 3161 sunt,

822 3195 887 3256 id
928 3202 1025 3257 est
1062 3192 1249 3257 valde
1286 3190 1544 3266 afflicti,
1580 3199 1732 3273 puta
1774 3210 1888 3273 per
1928 3208 2135 3265 ranaS,
2182 3208 2319 3251 mu-

2431 2226 2545 2288 per
2569 2226 2710 2289 quae
2733 2209 2970 2290 plagati
2999 2209 3267 2285 fuerunt,
3283 2216 3480 2273 etiam
3501 2236 3542 2276 a
3563 2219 3916 2277 necessaria

2427 2309 2967 2383 concupiscentia,
3001 2308 3064 2371 id
3094 2317 3194 2372 est
3222 2311 3612 2392 appetitione
3656 2313 3917 2377 alimen-

2427 2412 2660 2480 torum,
2712 2416 3180 2477 averterentur,
3225 2408 3293 2470 in
3349 2426 3602 2491 poenam
3654 2429 3916 2475 suorum

2427 2500 2783 2565 facinorum
2823 2523 2837 2567 ε
2874 2522 3019 2566 nam
3053 2524 3220 2569 ranae
3261 2506 3388 2569 iuae
3417 2508 3914 2574 innumerabiles

2423 2608 2615 2679 atque
2645 2598 3036 2679 foedissimae,
3072 2603 3468 2667 intraverunt
3495 2606 3798 2688 reliquias
3829 2610 3914 2671 ci·
3967 2628 4208 2677 Emasm.

2425 2697 2649 2761 borum
2682 2698 3140 2781 AEgyptiorum,
3177 2709 3247 2763 ut
3278 2702 3342 2763 in
3376 2702 3590 2767 Exodo
3617 2704 3909 2768 habetur.
3947 2694 3996 2734 ³·

2425 2794 2655 2877 Sicque
2694 2797 2822 2859 cibi
2863 2797 2959 2860 illi
3003 2798 3096 2861 eis
3135 2800 3202 2861 in
3247 2820 3544 2864 nauseam
3588 2804 3916 2867 verteban-

2427 2902 2548 2954 tur.
2586 2896 2684 2955 Hi
2709 2906 2951 2968 autem,
2975 2895 3220 2960 scilicet
3252 2896 3374 2960 filii
3402 2899 3612 2977 lsrael,
3635 2903 3704 2961 in
3740 2903 3918 2962 brevi

2426 2994 2648 3070 inopes
2674 2996 2842 3073 facti
2871 3015 2894 3053 .·
2927 2994 3081 3075 quia
3123 3014 3266 3076 quae
3304 3016 3517 3060 secum
3549 2998 3918 3062 detulerunt

2426 3108 2501 3151 ex
2530 3090 2818 3173 AEgypto,
2853 3092 2980 3155 cito
3012 3091 3276 3155 fuerunt
3295 3104 3592 3173 comesta,
3630 3096 3715 3159 ita
3746 3098 3916 3179 quod

2425 3206 2502 3251 ex
2544 3186 2762 3271 inopia
2813 3188 3230 3271 indiguerunt
3281 3196 3750 3274 supernaturali
3807 3196 3916 3259 Dei

821 3312 981 3367 scas,
1016 3289 1279 3354 scinifes
1315 3308 1329 3352 :
1365 3294 1403 3352 a
1430 3289 1665 3371 quibus
1697 3298 1907 3351 tamen
1938 3307 2065 3352 non
2098 3288 2318 3367 legun·
2352 3288 2397 3353 C
2426 3287 2829 3369 provisione3
2861 3308 3094 3351 novam
3131 3302 3560 3367 qustaverunt
3589 3314 3820 3364 escam,
3853 3295 3915 3357 id

820 3400 924 3453 tur
963 3389 1178 3454 occisi.

904 3492 1034 3551 Pro
1055 3490 1289 3568 quibus
1320 3487 1674 3557 tormentiS,
1698 3485 1760 3548 id
1790 3491 1884 3547 est
1914 3485 2053 3548 vice
2084 3492 2148 3547 et
2175 3483 2315 3547 loco

821 3594 1281 3651 tormentorum
1350 3584 1605 3647 illorum
1664 3583 1971 3665 AEgyptiis
2033 3581 2316 3645 inflicto-

822 3703 985 3759 rum,
1031 3685 1183 3743 bene
1219 3684 1597 3760 disposuisti
1635 3684 1957 3759 populum
2002 3689 2188 3740 tuum
2233 3679 2316 3741 ls-

822 3782 975 3857 rael,
1012 3783 1245 3862 quibus
1272 3781 1514 3840 dedisti
1542 3780 2123 3856 concupi-scentiam
2149 3781 2316 3837 dele-

819 3882 1128 3941 eramenta·
1145 3881 1279 3948 sui,
1297 3878 1359 3939 id
1389 3886 1486 3941 est
1517 3895 1649 3939 rem
1682 3875 1762 3937 ab
1791 3875 1883 3938 eis
1913 3877 2312 3957 concupitam

821 3978 973 4041 boni
1010 3976 1254 4059 saporis
1285 3995 1299 4039 ζ
1336 3976 1476 4037 ideo
1515 3973 1829 4049 subditur,
1864 3993 2103 4034 novum
2134 3994 2314 4051 sapo-

820 4098 978 4143 rem,
1012 4076 1075 4137 id
1107 4082 1203 4136 est
1229 4073 1442 4137 cibum
1478 4072 1627 4136 novi
1671 4071 1937 4153 saporiS‚
1970 4089 2163 4151 quem
2205 4091 2316 4133 an-

820 4182 920 4235 tea
965 4191 1093 4235 non
1142 4179 1321 4235 erant
1360 4169 1625 4251 experti,
1680 4190 1886 4229 escam
1926 4189 2201 4246 parem-5,
2250 4169 2311 4231 id

819 4279 915 4333 est
972 4270 1229 4332 mittens
1287 4287 1360 4332 ac
1414 4266 1777 4350 providem,
1816 4268 1908 4326 eis
1963 4277 2314 4344 ortyqome-

822 4378 1017 4437 tram,
1069 4368 1131 4430 id
1184 4374 1283 4430 est
1333 4365 1724 4431 coturnicem
1780 4365 1987 4446 (juxta
2037 4365 2194 4428 illud
2247 4366 2312 4427 in

2425 3394 2521 3449 est
2568 3386 2948 3462 coturnice-S,
3000 3396 3064 3449 et
3110 3388 3302 3451 etiam
3350 3409 3606 3453 manna.
3653 3391 3919 3455 Verum-

2426 3491 2637 3546 tamen
2683 3503 2906 3547 carnes
2954 3484 3096 3547 illas
3157 3486 3478 3568 petierunt
3521 3491 3807 3570 perversi
3855 3500 3918 3555 et

2425 3580 2680 3661 ingrati,
2717 3581 2926 3663 ipsum
2971 3602 3205 3646 manna
3257 3583 3676 3664 fastidienteS,
3723 3598 3914 3671 atque

2423 3680 2705 3742 dicentes
2749 3697 2763 3742 :
2812 3680 3038 3744 Anima
3087 3692 3302 3745 nostra
3346 3684 3523 3747 arida
3569 3694 3698 3766 est;
3748 3688 3912 3751 nihil

2423 3777 2597 3839 aliud
2630 3778 2980 3859 respiciunt
3006 3779 3172 3842 oculi
3204 3781 3402 3843 nostri
3437 3782 3562 3844 nisi
3590 3802 3762 3847 man.

2503 3879 2840 3953 Oportebat
2877 3879 3076 3945 enim,
3111 3879 3459 3942 secundum
3501 3881 3790 3945 ordinem
3819 3885 3914 3946 di-

2421 3972 2588 4035 vinae
2633 3972 2917 4054 justitiae,
2955 3975 3116 4045 illis,
3150 3983 3369 4057 utpote
3411 3978 3742 4061 AEgyptiis,
3773 3983 3916 4042 sine

2421 4072 2853 4140 excusatione,
2899 4071 2962 4134 id
3008 4080 3104 4135 est
3147 4074 3465 4151 evasione,
3509 4079 3770 4155 quidem
3807 4100 3916 4139 su-

2417 4171 2756 4245 pervenire
2787 4172 3126 4232 interitum
3155 4192 3178 4230 .·
3209 4172 3538 4254 potissime
3568 4174 3670 4237 his
3699 4176 3812 4257 qui
3845 4177 3912 4239 in

2423 4268 2581 4329 mari
2627 4266 2839 4330 Rubro
2878 4269 3430 4349 demergebantur,
3464 4272 3617 4353 quia
3657 4272 3914 4337 indura-

2422 4366 2650 4429 tissimi
2683 4376 2884 4443 erant,
2918 4386 3032 4429 nec
3063 4386 3138 4430 ex
3169 4376 3260 4431 tot
3277 4388 3353 4432 ac
3383 4370 3576 4433 tantis
3605 4373 3913 4453 prodigiis

818 4466 1086 4542 Psalmo,
1121 4464 1463 4539 Petierunt,
1497 4472 1561 4527 et
1604 4463 1781 4527 venit
1816 4464 2158 4543 coturnix),
2194 4464 2312 4527 hoc
2344 4465 2393 4525 D
2423 4463 2684 4527 suerunt
2722 4465 3050 4545 conversi3
3082 4476 3341 4549 propter
3379 4470 3548 4549 quod
3595 4470 3913 4534 inexcusa-

817 4575 914 4628 est
942 4564 1158 4629 avium
1184 4563 1439 4626 illarum
1466 4561 1943 4625 multitudinem
1969 4562 2307 4643 copiosam.

816 4664 993 4728 Unde
1041 4663 1108 4725 in
1157 4662 1447 4725 Numeris
1508 4660 1740 4743 legitur
1785 4680 1799 4725 :
1848 4660 2087 4723 Ventus
2137 4680 2314 4742 egre-

819 4763 1002 4825 diens
1038 4782 1077 4825 a
1112 4760 1399 4834 Domino,
1436 4768 1717 4841 arreptas
1767 4766 1938 4821 trans
1987 4778 2161 4821 mare
2209 4778 2312 4822 co-

818 4860 1101 4923 turnices
1149 4858 1399 4935 detulit,
1440 4866 1503 4920 et
1538 4856 1796 4920 demisit
1844 4856 1907 4917 in
1953 4866 2179 4920 castra.
2237 4860 2311 4918 Ut

818 4962 927 5019 illi
956 4961 1248 5039 quidem,
1276 4966 1430 5039 puta
1464 4954 1761 5037 AEgyptii,
1804 4957 2310 5033 concupiscentes

816 5078 1019 5118 escam
1049 5073 1226 5119 more
1255 5061 1579 5129 consueto,
1608 5062 1872 5131 propter
1898 5073 1971 5113 ea
2000 5074 2143 5132 quoe
2175 5055 2311 5113 illis

814 5166 1060 5217 ostensa
1110 5164 1171 5215 et
1215 5155 1410 5215 missa
1446 5162 1621 5223 sunt,
1673 5151 1735 5213 id
1782 5158 1878 5213 est
1924 5170 2001 5214 ex
2048 5150 2310 5215 horrore

815 5271 1178 5336 parvorum,
1212 5258 1669 5317 venenatorum
1704 5258 1769 5313 et
1799 5249 2027 5316 vilium
2058 5249 2303 5312 anima-

2423 4561 2585 4626 biles
2625 4561 2880 4625 fuerant
2916 4580 2928 4624 :
2963 4563 3115 4640 illis,
3159 4565 3442 4646 inquam,
3476 4572 3912 4631 exercentibus

2426 4663 2871 4739 tyrannidem,
2906 4661 2968 4725 id
3010 4670 3106 4725 est
3144 4663 3582 4728 crudelitatem
3621 4664 3690 4727 in
3721 4667 3912 4731 lsrae—

2423 4757 2589 4836 litas,
2626 4777 2786 4840 quos
2819 4758 3117 4823 ferociter
3147 4771 3634 4843 oppresserunt;
3665 4766 3768 4825 bis
3801 4786 3912 4826 au·

2425 4866 2574 4927 tem,
2621 4856 2866 4919 scilicet
2921 4857 3222 4937 Hebraeis,
3277 4870 3534 4921 tantum
3587 4866 3912 4923 ostendere

2420 4974 2535 5037 per
2563 4954 2949 5019 evidentiam
2991 4955 3167 5034 facti,
3197 4962 3738 5035 quemadmodum
3782 4962 3911 5021 ini-

2422 5055 2580 5113 mici
2639 5056 2933 5125 illorum,
2980 5062 3136 5137 puta
3181 5056 3476 5138 AEgyptii,
3527 5061 3912 5121 extermina·

2423 5154 2660 5212 bantur
2691 5170 2803 5233 per
2834 5152 3052 5234 plagas
3081 5153 3174 5216 eis
3211 5152 3492 5217 inflictas
3527 5172 3542 5217 :
3576 5157 3748 5237 quod
3787 5155 3912 5219 fuit

2417 5251 2496 5313 ad
2527 5249 2814 5314 filiorum
2844 5251 3031 5315 lsrael
3059 5253 3580 5333 consolationem,
3614 5255 3728 5335 qui
3771 5256 3907 5321 zelo

3947 3710 4086 3753 Nm.
4099 3724 4152 3754 ιι.
4193 3741 4202 3749 .
