4284 6267
963 515 1316 563 ananan-10
1360 515 1423 562 ns
1465 515 1603 563 car.
1650 514 1820 561 xxvu
1864 514 2347 565 rnovnnmonuu.
2392 534 2473 543 —
2513 515 2655 561 aar.
2702 514 2871 559 xxvn
3342 494 3454 558 171

142 694 211 749 24
344 682 683 749 ferventer
731 686 993 770 increpa
1040 698 1102 751 et
1151 687 1451 771 exstirpa.
1486 690 1634 751 Non
1680 689 1853 747 enim
1886 684 1938 745 A
1969 685 2141 747 hoedi
2171 704 2428 767 quoque
2457 686 2670 749 donati
2707 696 2854 749 sunt
2883 686 3001 749 tibi
3029 694 3101 747 ut
3130 686 3210 748 de
3243 703 3460 748 eorum

346 784 613 846 habebis
644 789 909 865 juqiter
947 798 1321 867 potestatem
1364 784 1697 850 exercendi
1746 786 1859 847 hos
1967 784 2172 866 pretio
2201 803 2372 847 emas
2403 794 2465 847 et
2495 785 2665 848 colas
2694 803 2900 865 agros
2933 786 3056 847 Ista
3085 793 3180 847 est
3209 782 3459 866 exposi—

342 892 534 946 actus
595 886 663 947 in
716 885 1014 962 subditis,
1065 886 1220 968 quia
1266 886 1369 951 vel
1416 905 1530 968 per
1588 893 1857 948 mortem
1968 882 2055 944 tio
2089 882 2538 965 superficialiS,
2572 892 2636 946 et
2665 892 2733 945 ut
2772 891 2998 967 putant
3035 882 3258 965 aliqui,
3293 881 3460 943 litte-

344 990 552 1059 tuam‚
608 1003 724 1046 seu
784 984 1185 1049 subditorum
1243 994 1515 1061 tuorum,
1568 992 1674 1048 aut
1732 984 1857 1045 alio
1970 979 2144 1043 ralis,
2197 1018 2278 1027 -
2325 981 2752 1064 Spiritualiter
2798 1001 2971 1060 vcro,
3021 986 3266 1060 Aperta
3305 988 3458 1040 sunt

344 1082 547 1146 modo
583 1081 856 1146 finietur
886 1084 1292 1166 praesidentia
1325 1093 1451 1161 tua,
1487 1092 1549 1147 et
1585 1092 1735 1146 tunc
1766 1102 1860 1145 re-
1968 1088 2255 1161 tempore
2290 1080 2673 1161 evangelicae
2702 1080 2860 1161 legis
2880 1090 3101 1158 prata,
3123 1079 3187 1141 id
3219 1087 3314 1141 est
3344 1078 3458 1139 ali-

344 1200 667 1263 cuperare
696 1200 829 1245 non
860 1182 1101 1265 poteris
1131 1183 1420 1263 neglecta
1450 1191 1641 1264 atque
1668 1181 1859 1246 omis-
1970 1186 2185 1241 menta
2223 1198 2296 1241 ac
2337 1198 2571 1261 pascua
2611 1187 3149 1241 sacramentorum
3189 1176 3460 1241 coelesti—

346 1300 443 1343 sa.
488 1284 623 1343 Sed
663 1300 899 1343 corona
944 1284 1063 1342 tibi
1113 1284 1434 1343 tribuetur
1480 1284 1549 1342 in
1598 1302 1859 1358 qenera-
1969 1296 2100 1354 um,
2134 1276 2288 1339 olim
2330 1278 2545 1340 clausa
2583 1286 2646 1339 et
2688 1285 2849 1340 tecta
2890 1276 3119 1357 figuris
3156 1275 3457 1357 legalium

348 1382 597 1441 tionem
652 1390 713 1441 et
762 1382 1270 1457 generationem,
1330 1380 1391 1443 id
1452 1389 1570 1458 est,
1624 1388 1859 1443 aeterna
1968 1375 2450 1457 mysteriorum3
2482 1387 2542 1437 et
2575 1384 2884 1459 apparent
2925 1394 3095 1437 nunc
3126 1377 3332 1435 herbae
3361 1376 3459 1435 vi-

348 1478 686 1542 beatitudo
730 1478 851 1541 tibi
893 1478 1323 1561 praestabitur,
1370 1480 1420 1541 si
1469 1480 1588 1542 rite
1627 1477 1860 1560 praefu-
1969 1485 2198 1546 remea,
2241 1474 2304 1537 id
2349 1483 2443 1537 est
2485 1474 2868 1556 evangelicae
2912 1472 3342 1536 institutiones
3384 1491 3456 1535 ac

348 1577 503 1638 eris,
554 1577 687 1640 Hoc
730 1586 827 1640 est
868 1578 1038 1659 quod
1083 1577 1489 1641 beatissimus
1532 1578 1748 1640 Petrus
1792 1576 1857 1639 in
1966 1572 2198 1635 Christi
2239 1572 2529 1650 consilia,
2575 1572 2900 1650 doctrinae,
2939 1580 3003 1635 et
3038 1572 3290 1635 diversa
3323 1589 3458 1651 gra-

108 1686 313 1737 men-J,
351 1676 569 1754 prima
618 1694 733 1737 sua
791 1676 1081 1738 hortatur
1138 1675 1408 1758 epistola
1462 1694 1476 1738 ε
1540 1675 1854 1753 Seniores,
1969 1671 2196 1732 tiarum
2229 1669 2628 1746 charismata,
2663 1670 2897 1752 quibus
2931 1669 3300 1733 nutriuntur
3330 1688 3458 1732 cre-

68 1751 142 1790 ¹⁴'
348 1775 643 1849 obsecre,
678 1774 921 1855 pascite
960 1775 1074 1856 qui
1116 1775 1183 1837 in
1222 1775 1405 1839 vobis
1442 1784 1538 1838 est
1576 1792 1853 1855 gregem,
1967 1768 2256 1833 dentium
2301 1768 2568 1848 animae3
2604 1778 2661 1828 et
2700 1773 2958 1829 collecta
2989 1779 3142 1830 sunt
3169 1771 3347 1846 foena
3379 1772 3458 1829 de

348 1872 767 1955 providentes
798 1890 928 1936 non
959 1881 1198 1950 coacte,
1234 1874 1342 1936 sed
1384 1881 1732 1955 spontanee
1763 1891 1857 1935 se-
1895 1871 1940 1931 B
1966 1869 2317 1937 montibus,
2349 1867 2411 1929 id
2443 1876 2559 1945 est,
2594 1868 2672 1930 de
2699 1868 3006 1950 exemplis
3035 1874 3097 1930 et
3124 1868 3458 1931 documen-

346 1972 635 2036 cundum
668 1972 890 2049 Deum,
913 1990 1039 2035 non
1074 1972 1277 2055 turpis
1310 1972 1471 2036 lucri
1501 1972 1722 2052 gratia,
1750 1991 1857 2035 ne-
1966 1966 2046 2027 tis
2104 1965 2605 2028 Patriarcharum
2655 1985 2727 2029 ac
2771 1966 3224 2048 Prophetarum
3275 1984 3455 2029 acce-

343 2090 471 2153 que
521 2080 595 2133 ut
644 2072 1045 2134 dominantes
1104 2070 1172 2134 in
1220 2071 1432 2147 cleriS,
1484 2072 1594 2135 sed
1653 2070 1856 2133 forma
1965 2074 2073 2148 pta
2116 2073 2265 2127 sunt
2309 2064 2666 2146 spiritualia
2709 2065 2963 2147 pabula,
2997 2064 3234 2147 quibus
3275 2064 3456 2127 alun-

342 2170 562 2253 gregis
607 2168 783 2246 facti,
825 2178 887 2231 et
928 2188 1003 2232 ex
1044 2168 1281 2247 animo,
1316 2178 1387 2231 ut
1424 2188 1625 2251 quum
1664 2188 1857 2252 appa·
1967 2172 2068 2226 tur
2129 2163 2377 2227 fideles.
2434 2166 2614 2242 Aym'
2663 2174 2815 2225 sunt
2871 2168 2958 2225 ad
3007 2166 3452 2225 vestimentum

342 2271 549 2333 ruerit
595 2268 899 2351 Princeps
943 2277 1292 2351 pastorum,
1326 2267 1693 2349 percipiatis
1734 2268 1852 2329 im·
1967 2274 2176 2335 tuum,
2227 2264 2290 2325 id
2347 2272 2462 2339 est,
2517 2264 2594 2326 de
2645 2264 2876 2328 ovibus
2927 2263 3043 2326 tibi
3097 2262 3455 2327 commissis

340 2367 857 2432 marcescibilem
886 2368 1106 2449 gloriae
1134 2385 1447 2431 coronam.
1462 2368 1747 2447 Denique
1776 2369 1853 2430 ad
1965 2370 2144 2443 potes
2187 2362 2484 2424 vestitum
2526 2362 2845 2444 accipere3
2877 2372 2935 2423 ec
2962 2365 3158 2435 hoedi,
3192 2366 3280 2423 ad
3307 2364 3457 2439 ayri

342 2468 827 2550 praesidendum
862 2466 1104 2543 idonee,
1129 2473 1377 2548 oportet
1411 2464 1503 2527 uti
1536 2464 1857 2547 praecipua
1956 2464 2273 2540 pretium,
2315 2462 2378 2523 id
2421 2470 2538 2537 est,
2580 2481 2618 2524 a
2664 2460 3104 2544 peecatoribus
3143 2460 3456 2543 poeniten·

342 2566 743 2629 discretione
790 2582 805 2627 :
851 2574 914 2628 et
962 2566 1128 2628 sicut
1178 2564 1462 2627 medicus
1506 2562 1854 2645 unicuique
1965 2558 2139 2621 tibus
2189 2578 2439 2622 sumere
2486 2569 2664 2642 potes
2715 2559 3141 2622 necessarium
3189 2559 3451 2623 victum.

340 2683 513 2743 aegro
563 2663 832 2727 adhibet
879 2664 1261 2727 medicinam
1306 2663 1486 2744 juxta
1534 2662 1855 2741 aegritudi-
1963 2657 2249 2738 Denique
2292 2657 2438 2737 agni
2483 2666 2632 2721 sunt
2673 2659 2751 2721 ad
2794 2658 3266 2735 vestimentum,
3301 2658 3451 2719 dum

342 2764 447 2824 nis
506 2762 910 2843 qualitatem,
970 2761 1062 2825 sie
1115 2762 1224 2842 qui
1277 2769 1527 2843 praeest,
1582 2758 1854 2842 singulis
1963 2764 2181 2838 pastor
2233 2755 2574 2818 virtutibus
2624 2756 3024 2820 subditorum
3070 2755 3447 2833 aedificatur,

340 2861 755 2925 subditorum
795 2869 859 2923 et
896 2859 1195 2923 omnibus
1237 2860 1427 2923 debet
1464 2859 1849 2941 prospicere,
1962 2873 2158 2935 seque
2197 2854 2615 2936 spiritualiter
2648 2854 2838 2917 vestit
2869 2854 3249 2917 vestimento
3287 2854 3454 2915 salu-
3500 2872 3740 2923 12.m‚¹o.

340 2960 818 3043 providereque
848 2959 1249 3032 documenta,
1282 2977 1354 3021 ac
1392 2958 1671 3021 remedia
1708 2968 1855 3040 apta
1963 2953 2065 3029 tis,
2105 2960 2168 3015 et
2211 2952 2420 3017 induit
2460 2952 2835 3015 indumento
2872 2953 3154 3034 justitiae,
3198 2952 3452 3015 inflam-

338 3068 567 3123 coutra
614 3066 875 3139 peccata
919 3075 1265 3139 opponere.
1322 3058 1465 3119 Ideo
1514 3056 1853 3135 Gregorius
1888 3052 1932 3115 C
1962 3061 2168 3114 matus
2198 3070 2416 3115 eorum
2449 3051 2738 3134 profectu
2771 3072 2843 3114 ac
2872 3052 3150 3133 meritis3
3185 3060 3246 3115 et
3277 3051 3451 3114 hoedi

338 3159 780 3221 Nazianzenus
813 3155 1048 3218 fatetur
1085 3174 1098 3217 z
1135 3156 1373 3218 Revera
1404 3154 1562 3217 mihi
1594 3174 1732 3219 esse
1763 3156 1853 3221 vi·
1961 3159 2111 3213 sunt
2140 3152 2220 3213 ad
2256 3150 2528 3233 pretium
2560 3149 2715 3230 agri,
2749 3151 2897 3213 dum
2937 3169 3050 3233 per
3087 3170 3279 3234 opera
3319 3150 3452 3232 pie-

340 3258 531 3321 detur
571 3276 677 3319 ars
718 3254 951 3318 artium
976 3263 1065 3317 -et
1102 3254 1447 3337 disciplina
1488 3254 1853 3337 disciplina·
1965 3249 2107 3312 tatis
2149 3268 2294 3331 quae
2343 3249 2512 3312 circa
2553 3249 2934 3331 poenitentes
2985 3258 3298 3325 exercent,
3343 3270 3452 3313 cu-

342 3376 511 3431 rum,
563 3372 786 3435 regere
844 3354 1195 3431 hominem,
1242 3352 1353 3434 qui
1415 3352 1580 3415 inter
1638 3353 1853 3416 omnia
1962 3348 2205 3410 mulum
2253 3347 2578 3411 felicitatis
2623 3358 2948 3411 merentur
2987 3348 3112 3430 qui·
3144 3358 3444 3431 praesunt,

338 3454 653 3520 animalia
702 3452 981 3515 maxime
1030 3451 1317 3515 moribus
1368 3451 1601 3528 variuS,
1637 3459 1700 3515 et
1747 3470 1851 3515 vo·
1959 3446 2026 3508 in
2071 3446 2276 3527 patria
2320 3446 2497 3527 regni
2540 3446 2838 3509 coelestiS.

92 3566 313 3622 Porufiin-
339 3557 595 3619 luntate
624 3553 922 3616 diversus
962 3558 1079 3613 est.
1112 3549 1405 3612 Defectus
1446 3569 1595 3614 vero
1636 3550 1850 3613 subdi·
2036 3547 2337 3621 Sufficiat
2360 3548 2478 3607 cibi
2510 3549 2609 3606 lac
2627 3566 2978 3623 caprarum
3006 3548 3078 3607 in
3105 3548 3274 3607 eibos
3295 3557 3448 3616 tuos,
3574 3562 3646 3618 27

65 3631 311 3746 Ξῗξξξζὲ
340 3665 577 3728 torum,
616 3671 695 3714 ex
738 3649 994 3714 defectu
1030 3657 1093 3712 et
1133 3648 1521 3728 negligentia
1562 3650 1850 3732 praelato-
1956 3654 2015 3705 ec
2044 3647 2114 3706 in
2148 3646 2503 3705 necessaria
2533 3644 2836 3707 alimenta
2863 3648 3116 3715 domu-5,
3147 3644 3213 3707 id
3242 3653 3337 3710 est
3368 3645 3454 3709 fa-

66 3768 195 3799 mu
220 3758 309 3800 ω]-
340 3771 482 3815 rum
514 3748 799 3812 maxime
830 3746 1176 3809 derivatur.
1202 3746 1459 3828 Propter
1487 3747 1659 3827 quod
1690 3747 1850 3808 dixit
1956 3742 2151 3805 miliae
2179 3752 2240 3805 et
2271 3743 2508 3806 sobolis
2541 3754 2690 3811 tuce,
2719 3754 2779 3804 ec
2805 3747 2894 3804 ad
2921 3745 3162 3805 victum
3192 3748 3454 3806 ancillis

66 3825 203 3870 Νι
337 3850 835 3931 chrysostomus
871 3860 898 3910 ε·
918 3844 1460 3919 Quemadmodum
1501 3845 1725 3908 videns
1756 3865 1848 3907 ar·
1957 3844 2088 3903 tuis
2115 3863 2137 3901 .·
2171 3842 2232 3903 id
2265 3850 2380 3919 est,
2402 3841 2706 3905 mediocri
2739 3841 3085 3905 resectione
3116 3851 3452 3906 contentus

337 3950 561 4012 horem
610 3944 789 4007 soliis
828 3943 1219 4025 pallentibus
1258 3943 1627 4018 marcidam,
1664 3943 1849 4007 intel-
1954 3950 2111 4017 esto,
2149 3960 2266 4004 nec
2304 3941 2595 4017 delicata,
2632 3940 2740 4003 sed
2783 3940 3138 4003 necessaria
3177 3960 3443 4022 quaeras.

338 4049 487 4129 ligis
530 4044 687 4127 quia
728 4043 1011 4123 aliquam
1056 4041 1335 4124 eulpam,
1384 4042 1447 4104 id
1491 4052 1587 4104 est
1632 4061 1848 4105 corru-
1960 4040 2040 4102 De
2068 4039 2284 4102 hocin
2317 4038 2758 4102 Ecclesiastico
2787 4040 2988 4101 multa
3018 4039 3252 4123 scripta
3273 4048 3442 4104 sunt.
3485 4068 3741 4120 ss001;,„.,‚

336 4148 653 4229 ptionem,
703 4140 897 4204 habet
936 4141 1107 4205 circa
1152 4140 1471 4219 radicem3
1518 4140 1605 4203 ita
1646 4160 1844 4223 quum
1954 4138 2129 4201 Unde
2179 4146 2242 4201 et
2288 4138 2774 4219 chrysostomus
2824 4138 3107 4221 loquitur
3143 4156 3156 4202 ε
3193 4139 3448 4223 Simpli-
3475 4136 3743 4239 &ml-¹³³¹*

336 4243 581 4309 videris
614 4240 926 4325 populum
960 4238 1532 4319 indisciplinatum,
1569 4239 1708 4302 sine
1738 4241 1847 4303 du·
1877 4240 1926 4301 D
1955 4236 2090 4299 cior
2121 4236 2348 4311 victuS‚
2374 4245 2436 4299 et
2466 4255 2686 4299 mensa
2715 4237 3074 4317 mediocris,
3099 4239 3447 4321 plurimum
3531 4228 3544 4240 ’

336 4345 448 4408 bio
490 4358 811 4424 cognosce
855 4338 1007 4420 quia
1056 4337 1477 4399 sacerdotium
1528 4338 1666 4419 ejus
1718 4358 1845 4401 non
1956 4335 2196 4398 habent
2247 4335 2666 4416 jucunditatis
2713 4356 2787 4399 ac
2831 4336 3016 4400 bonae
3077 4338 3444 4422 voluptatis,

336 4450 434 4505 est
472 4458 729 4503 sanum.
1957 4434 2324 4497 Econtrario
2338 4434 2606 4498 divitum
2629 4454 2860 4498 mensae
2877 4435 3292 4500 exsecrabiles
3313 4446 3452 4500 sunt

150 4546 215 4600 25
422 4544 675 4618 Aperta
703 4544 861 4597 sunt
881 4543 1105 4612 prata,
1136 4542 1195 4593 et
1233 4545 1687 4611 apparuerunt
1716 4537 1849 4595 ker-
1956 4542 2019 4596 et
2048 4533 2343 4611 horridae,
2363 4542 2554 4615 atque
2585 4534 3230 4599 contaminationibus
3260 4555 3450 4599 mem-

337 4644 430 4703 boe
460 4641 770 4704 virentes,
806 4634 873 4696 id
902 4640 1019 4709 est,
1046 4642 1332 4715 tempore
1362 4632 1632 4695 aestivali
1664 4633 1783 4695 ista
1811 4654 1847 4697 a
1955 4631 2213 4697 brorum
2247 4633 2472 4715 plenae.
2505 4631 2906 4696 Observanda
2935 4643 3031 4696 est
3059 4652 3208 4715 ergo
3235 4645 3450 4699 sancta

336 4737 611 4802 Domino
640 4732 1081 4797 conceduntur
1109 4750 1224 4814 pro
1255 4732 1714 4796 sustentatione
1745 4752 1849 4815 pe-
1956 4732 2306 4794 sobrietas:
2339 4750 2482 4812 quae
2529 4740 2804 4795 mentem
2847 4740 2908 4793 et
2958 4749 3188 4817 corpus
3237 4754 3448 4816 peror-

334 4843 679 4914 corum3et
708 4835 969 4892 collecta
998 4840 1147 4890 sunt
1178 4831 1353 4908 foena
1384 4834 1465 4891 de
1492 4832 1847 4892 montibus:
1956 4838 2087 4907 nat,
2122 4828 2540 4911 omniumque
2596 4830 2906 4894 virtutum
2965 4840 3059 4893 est
3116 4851 3448 4895 ornamen-

334 4934 578 5018 quibus
636 4930 833 4994 etiam
895 4936 1181 5010 tempore
1238 4927 1498 4991 hiemali
1555 4928 1845 5010 jumenta
1957 4938 2114 4994 tum.
2139 4930 2225 4994 De
2254 4949 2380 5013 qua
2410 4929 2635 4993 asserit
2662 4929 3053 5009 Augustinus
3091 4946 3102 4991 :
3139 4928 3449 4993 Sobrieta-

144 5042 211 5097 26
334 5032 629 5115 quaedam
679 5034 1046 5111 pascantur.
1098 5029 1278 5104 Aqui
1324 5037 1477 5088 sunt
1527 5031 1616 5089 ad
1663 5032 1846 5089 vesti·
1959 5030 2035 5091 tis
2082 5028 2557 5112 perseverantia
2599 5037 2696 5091 est
2739 5027 3202 5090 inaestimabilis
3250 5027 3446 5091 animi

332 5140 629 5194 mentum
682 5139 896 5198 tuum,
938 5126 1002 5188 id
1054 5135 1171 5203 est,
1220 5127 1365 5207 agni
1420 5135 1483 5189 et
1527 5145 1678 5191 oves
1728 5127 1843 5189 tibi

330 5227 626 5294 concessi
668 5233 819 5289 sunt
854 5233 924 5287 ut
956 5242 1034 5288 ex
1071 5224 1215 5286 lana
1244 5242 1464 5287 eorum
1499 5223 1695 5287 facias
1724 5225 1843 5288 tibi

332 5336 580 5409 vesoe83
610 5336 673 5387 et
719 5326 921 5394 hoedi,
949 5326 1039 5385 ad
1074 5324 1226 5401 ayri
1258 5324 1573 5401 pretium,
1606 5322 1673 5387 id
1721 5331 1837 5403 est,

1956 5126 2266 5191 fortitudo
2301 5142 2537 5207 :quam
2574 5117 2887 5187 universae
2927 5125 3192 5188 virtutes
3231 5135 3294 5189 et
3321 5146 3451 5189 om-

1953 5244 2065 5287 nes
2110 5224 2371 5285 laudum
2419 5222 2586 5285 tituli
2629 5223 3112 5304 concupiscunt,
3148 5225 3446 5305 quoniam

1950 5324 2088 5387 sine
2118 5340 2194 5387 ea
2237 5320 2455 5386 ornari
2495 5341 2568 5385 ac
2609 5320 3004 5403 complacere
3043 5340 3171 5386 non
3214 5322 3445 5386 valent.
