4284 6267
985 500 1338 547 RNARRA'no
1381 499 1446 545 IN
1489 499 1626 546 GAP.
1674 500 1695 546 1
1736 499 1975 547 CANTICI
2019 497 2424 550 CANthoRUM.
2472 522 2552 533 --
2592 502 2733 549 ΛΒΤ.
2780 500 2847 550 nt
3344 483 3462 553 305

363 672 530 748 vitae,
583 679 646 735 te
696 671 862 733 intra
920 690 988 735 se
1035 672 1275 753 jugiter
1322 672 1856 753 complectuntur,
1891 670 1938 732 A
1972 671 2275 755 itemque.
2322 673 2439 748 Qui
2483 675 2692 738 erudit
2735 676 3105 754 derisorem,
3156 677 3292 759 ipse
3334 678 3459 740 sibi
3488 698 3753 750 erman.

363 770 660 846 retinent,
709 789 826 833 nec
862 769 1231 846 offendunt,
1274 770 1360 833 ita
1399 778 1468 831 ut
1508 769 1664 832 illud
1703 771 1863 832 Deu-
1972 771 2275 852 injuriam
2308 772 2481 836 l'aeit.
2518 775 2667 837 Nam
2700 784 2762 838 et
2792 794 3063 858 sponsus
3093 777 3160 838 in
3190 777 3462 856 Evange-

107 868 702 936 uem.111111‚teronomii
738 868 1077 951 impleatur
1106 870 1173 930 in
1206 869 1337 931 eis:
1371 870 1860 931 Amantissimus
1973 870 2058 932 lio
2107 870 2299 950 jussit
2332 889 2345 932 :
2379 872 2583 936 Nolite
2632 882 2919 936 sanctum
2972 875 3122 936 dare
3169 875 3455 951 canibuS,
3508 895 3752 947 uanam,

107 948 154 988 '²‘
359 966 613 1030 Domini
650 966 968 1029 habitabit
1005 966 1440 1047 confidenter3
1473 967 1538 1029 in
1573 986 1647 1030 eo
1679 967 1859 1048 quasi
1972 987 2181 1049 neque
2224 970 2595 1051 margaritas
2639 980 2881 1034 vestras
2923 972 3276 1054 projiciatis
3314 981 3463 1037 ante
3492 960 3532 1001 ⁶·

357 1065 422 1128 in
477 1066 762 1131 thalamo
813 1074 943 1130 tota
1000 1067 1104 1129 die
1154 1065 1530 1143 morabitur,
1582 1076 1644 1129 et
1693 1067 1860 1128 inter

355 1164 658 1227 humeros
689 1165 866 1227 illius
898 1166 1274 1247 requiescet.
1298 1166 1512 1228 Indica
1539 1166 1861 1246 (inquam)

353 1262 538 1337 mihi,
576 1263 687 1326 ubi
719 1264 812 1327 sic
842 1282 1086 1345 pascaS,
1121 1264 1213 1325 sic
1244 1263 1440 1327 cubes
1470 1263 1535 1326 in
1567 1262 1856 1339 meridie,

355 1361 420 1424 id
456 1369 555 1424 est
596 1362 666 1424 in
705 1362 1030 1445 praecipuo
1077 1361 1296 1442 gratiae
1333 1370 1458 1425 tuae
1496 1362 1855 1445 splendore,

357 1460 423 1521 in
456 1479 692 1540 magno
722 1460 1008 1524 caritatis
1038 1461 1310 1538 fervore,
1347 1462 1412 1523 in
1444 1461 1861 1525 illuminatio-

355 1578 434 1622 ne
469 1560 816 1641 praeclara:
851 1560 1389 1641 quemadmodum
1415 1560 1481 1622 in
1517 1560 1754 1639 Regum
1789 1560 1860 1622 li-

10 1642 13 1737 Ῠ
93 1671 326 1763 ¹{Uter-:nunt
354 1656 484 1720 bris
515 1658 716 1721 David
750 1657 1012 1721 fatetur:
1034 1658 1304 1741 Spiritus
1334 1658 1586 1722 Domini
1617 1658 1859 1722 locutus

97 2658 320 2711 causam,
349 2642 714 2723 Apostolus,
747 2644 870 2705 Pax
909 2642 1146 2705 Christi
1189 2643 1461 2706 exsultet
1494 2662 1745 2724 semper
1785 2644 1852 2706 in
1965 2644 2224 2725 angelos
2268 2651 2541 2722 sanctos,
2584 2644 2693 2725 qui
2740 2643 3012 2725 singulis
3056 2646 3356 2725 gentibus
3399 2655 3464 2710 et

81 2724 137 2763 ¹⁵·
348 2742 650 2805 cordibus
679 2742 944 2823 vestris3
977 2760 1252 2824 quorum
1286 2742 1728 2823 unusquisque
1759 2743 1855 2804 di·
1965 2743 2531 2806 communitatibus
2574 2750 2877 2825 praesunt,
2923 2746 3459 2825 quemadmodum

99 2854 293 2907 Ρωηο.
347 2861 488 2904 cere
521 2850 752 2923 potest,
787 2841 856 2903 In
897 2859 1052 2924 pace
1083 2840 1151 2902 in
1192 2840 1256 2902 id
1295 2840 1504 2922 ipsum
1536 2842 1851 2904 dormiam
1966 2841 2031 2903 in
2061 2840 2507 2905 Ecclesiastico
2541 2840 2771 2921 legitur
2800 2841 3167 2906 :Rectorem
3204 2842 3266 2904 in
3302 2862 3459 2906 una·
3500 2864 3747 2914 ceceanu,

347 2948 409 3002 et
438 2939 862 3021 requiescam.
897 2939 1076 3001 Unde
1105 2945 1169 3001 et
1203 2938 1340 3020 ipse
1369 2957 1482 3020 per
1510 2938 1734 3001 Isaiam
1767 2940 1855 3002 lo-
1962 2959 2217 3022 quaque
2260 2940 2606 3021 praeposuit
2645 2947 2853 3019 gente.
2900 2940 3077 3002 Unde
3120 2950 3183 3003 et
3231 2941 3297 3003 in
3343 2942 3457 3004 Da-
3489 2929 3650 3031 *nam
3683 2990 3750 3037 n,

85 3050 316 3107 eman,
344 3039 567 3120 quitur
618 3056 633 3100 :
686 3038 891 3120 Super
935 3056 1130 3119 quem
1180 3037 1536 3119 requiescet
1587 3038 1852 3119 spiritus
1889 3036 1932 3098 C
1966 3036 2133 3099 niele
2180 3037 2259 3098 de
2308 3036 2598 3117 principe
2644 3034 3001 3099 Graecorum
3052 3046 3115 3099 et
3167 3037 3457 3120 principe
3484 3052 3551 3096 20.
3658 3019 3670 3039 '

77 3118 108 3162 ¹·
347 3156 550 3213 meus,
586 3137 713 3199 nisi
756 3155 949 3219 super
987 3136 1275 3218 quietum
1322 3144 1384 3198 et
1423 3135 1768 3199 humilem?
1961 3135 2291 3197 Persarum
2349 3134 2564 3216 aliqua
2620 3134 3053 3197 continentur.
3114 3135 3228 3199 Per
3294 3155 3455 3218 quos

421 3237 566 3299 Haec
606 3237 822 3317 itaque
861 3236 1022 3318 petit
1060 3234 1186 3297 sibi
1226 3234 1498 3298 indicari
1541 3234 1844 3314 Ecclesia,
1959 3233 2153 3313 (sicut
2182 3231 2437 3293 divinus
2465 3232 2649 3295 docet
2680 3233 3044 3315 Dionysius)
3070 3234 3280 3316 angeli
3313 3254 3456 3298 san-

340 3342 661 3416 quatenus
717 3353 794 3396 ex
857 3352 1076 3397 eorum
1134 3331 1649 3395 consideratione
1702 3351 1852 3395 con-
1961 3331 2047 3394 cti
2091 3331 2172 3393 de
2215 3331 2408 3393 choro
2455 3331 2935 3413 Principatuum
2987 3333 3449 3413 designantur:

341 3434 585 3496 soletur
632 3440 696 3495 et
740 3432 1051 3513 glorietur
1107 3431 1174 3492 in
1226 3430 1494 3493 Domino
1550 3429 1715 3493 inter
1758 3439 1852 3493 tot
1962 3430 2072 3511 qui
2123 3436 2273 3491 sunt
2316 3428 2563 3492 sodales
2612 3427 2845 3492 Christi
2889 3448 3001 3512 per
3033 3430 3253 3511 gloriae
3290 3450 3457 3495 com-

339 3532 799 3596 adversitatum
843 3548 1103 3592 suarum
1143 3547 1494 3611 pressuraS,
1535 3537 1597 3591 et
1647 3537 1720 3591 ut
1757 3529 1851 3591 vi·
1961 3528 2329 3591 munionem
2362 3535 2425 3590 et
2456 3527 2844 3610 praelationis
2875 3528 3450 3610 participationem.

339 3630 485 3693 deat
513 3630 654 3711 ipsa
692 3629 798 3712 pia
837 3636 1060 3706 mater,
1095 3628 1162 3691 in
1201 3628 1438 3709 quibus
1477 3627 1848 3709 praedicatio
2041 3625 2333 3709 Amplius
2366 3626 2457 3689 sic
2488 3634 2697 3709 potest
2729 3626 2982 3708 exponi,
3017 3628 3189 3709 quod
3222 3646 3456 3710 sponsa

341 3747 456 3790 sua
499 3725 874 3791 fructificet.
909 3727 1053 3789 Ideo
1095 3744 1352 3808 quoque
1399 3725 1680 3807 postulat
1723 3726 1848 3788 sibi
1958 3733 2252 3807 precatur
2282 3722 2405 3785 sibi
2436 3744 2473 3786 a
2502 3741 2736 3806 sponso
2766 3723 3034 3786 indicari
3077 3724 3188 3786 ubi
3233 3725 3298 3786 in
3329 3744 3456 3788 me-

343 3825 466 3887 ista
506 3825 874 3902 monstrari,
905 3826 1212 3906 quoniam
1255 3824 1375 3886 scit
1413 3842 1480 3887 se
1520 3843 1635 3886 sua
1680 3832 1851 3887 exte-
1959 3822 2121 3886 ridie
2169 3822 2379 3899 cubet,
2424 3821 2509 3883 ita
2558 3821 2751 3903 quod,
2794 3822 3087 3901 quamvis
3135 3823 3295 3885 sciat
3341 3843 3456 3906 per

344 3923 498 3987 riori
527 3924 978 4007 praedicatione
1003 3923 1066 3985 in
1101 3922 1517 3986 audientibus
1549 3922 1639 3984 nil
1663 3941 1849 4004 posse
1959 3922 1987 3983 f
1992 3922 2158 3984 idem
2190 3940 2494 4002 sponsum
2528 3920 2596 3981 in
2626 3918 2947 3983 mentibus
2976 3920 3311 3984 Beatorum
3342 3942 3453 3985 cu-

344 4021 685 4103 proficere,
741 4021 868 4083 nisi
917 4040 1188 4103 sponsus
1230 4021 1297 4082 in
1341 4019 1598 4084 illorum
1639 4020 1848 4084 cordi·
1957 4020 2132 4097 bare,
2175 4019 2376 4081 nihilo
2416 4019 2629 4081 minus
2680 4018 2839 4101 petit
2878 4019 3001 4081 sibi
3040 4020 3161 4083 hoc
3200 4021 3453 4085 clariori

341 4121 460 4183 bus
491 4121 665 4183 intus
701 4120 1024 4202 loquatur,
1059 4138 1301 4201 suaque
1345 4120 1649 4183 unctione
1678 4118 1850 4183 doci·
1959 4117 2426 4181 illuminatione
2467 4116 2809 4180 monstrari
2846 4134 2860 4179 :
2897 4125 3212 4198 quatenus
3254 4119 3455 4183 since-

343 4220 434 4282 les
475 4228 540 4283 et
581 4227 861 4282 attentos
903 4218 1094 4281 faciat
1131 4237 1239 4281 eos
1274 4235 1288 4279 ε
1324 4218 1406 4281 ob
1447 4218 1568 4281 hoc
1606 4219 1849 4301 appetit
1878 4222 1927 4284 D
1960 4218 2114 4280 riter
2156 4214 2645 4297 contemplando
2688 4214 2954 4294 gloriam
3008 4216 3361 4295 Beatorum,
3392 4227 3455 4281 et

342 4317 636 4383 invenire
665 4336 739 4379 ac
771 4316 934 4380 scire
963 4316 1334 4397 hujusmodi
1364 4316 1850 4380 auditores.Un-
1958 4335 2149 4398 quam
2189 4312 2699 4394 dignantissime,
2724 4313 2949 4377 intime
2988 4323 3179 4395 atque
3218 4315 3455 4379 dulcis-

341 4418 422 4481 de
459 4415 800 4498 subjungit
831 4434 846 4477 τ
881 4436 961 4477 ne
988 4417 1223 4494 vagari
1258 4417 1599 4492 incipiam,
1635 4416 1698 4478 id
1727 4424 1842 4493 est,
1959 4415 2119 4477 sime
2167 4431 2439 4495 sponsus
2489 4411 2847 4493 requiescat
2890 4412 2955 4473 in
3006 4413 3121 4489 eiS,
3170 4415 3455 4478 consola-

339 4535 422 4579 ne
459 4514 862 4577 infructuose
911 4513 1286 4590 discurram,
1316 4524 1460 4592 post
1494 4535 1714 4593 ⁸qreyes
1756 4536 1850 4576 so-
1958 4513 2199 4576 tionem
2232 4510 2525 4594 accipiat,
2562 4519 2625 4574 et
2662 4511 2741 4573 ad
2780 4510 3200 4573 laborandum
3241 4512 3450 4575 infati-

335 4617 598 4675 dalium
630 4622 915 4681 tuorum,
947 4611 1011 4675 id
1041 4621 1137 4675 est
1167 4612 1245 4674 ad
1275 4612 1722 4677 conventicula
1753 4633 1849 4677 re-
1956 4611 2253 4693 gabiliter
2298 4610 2638 4686 animetur,
2688 4628 2804 4672 nec
2861 4609 3075 4672 deviet
3122 4611 3449 4692 sequendo

337 4711 715 4794 proborum,
734 4718 879 4792 post
907 4709 1352 4773 multitudines
1382 4709 1845 4774 obstinatorum
1959 4719 2265 4772 erranteS.

69 4830 309 4883 ramam.
337 4819 532 4891 atque
573 4808 1017 4872 haereticorum
1053 4829 1067 4873 τ
1102 4808 1211 4890 qui
1251 4817 1396 4890 post
1436 4827 1628 4871 unam
1665 4816 1727 4871 et
1757 4828 1850 4872 se·
2047 4807 2365 4869 Postremo
2424 4824 2539 4887 per
2594 4801 3179 4886 appropriationem
3236 4805 3450 4868 dicere

338 4909 618 4974 cundam
661 4907 1132 4990 correptionem
1176 4907 1421 4970 vitandi
1467 4916 1638 4969 sunt.
1669 4907 1848 4972 Unde
1957 4922 2315 4989 possumuS,
2376 4901 2548 4982 quod
2600 4921 2871 4984 sponsus
2920 4902 2989 4964 in
3052 4903 3278 4966 activis
3328 4903 3446 4968 ho-

107 5028 252 5073 εοοιε.
339 5011 409 5071 in
439 5006 890 5070 Ecclesiastico
918 5006 1230 5088 scriptum
1262 5014 1358 5068 est
1393 5026 1407 5070 :
1438 5005 1554 5067 Ubi
1591 5024 1722 5068 non
1753 5016 1850 5069 est
1957 4999 2237 5065 minibus
2287 5000 2511 5081 pascit,
2550 5000 2617 5061 in
2667 5000 3183 5083 contemplativis
3232 5002 3441 5066 cubat.

47 5094 226 5143 “¹¹¹’⁶·
338 5109 624 5185 audituS,
656 5124 786 5169 non
817 5104 1116 5168 effundas
1147 5122 1526 5168 sermonem.
1570 5104 1648 5166 Et
1679 5104 1851 5167 Salo·
1956 5098 2158 5163 Activi
2192 5116 2465 5179 namque
2506 5117 2633 5161 non
2676 5106 2825 5161 sunt
2864 5108 2989 5161 tam
3034 5099 3145 5161 diu
3190 5107 3463 5181 tamque.

58 5224 308 5277 Pro-nm,
337 5225 490 5271 mon
528 5224 542 5267 ε
579 5204 647 5267 ln
696 5202 960 5267 auribus
1004 5202 1448 5285 insipientium
1498 5221 1578 5265 ne
1625 5202 1846 5283 loqua-
1957 5198 2327 5278 frequenter
2380 5195 2609 5259 intenti
2660 5196 2995 5260 actualiter
3052 5215 3310 5281 sponso,
3378 5207 3448 5261 ut

353 1763 449 1818 est
487 1776 606 1839 per
644 1776 770 1832 me,
817 1757 982 1819 sicut
1017 1756 1371 1820 meridiana
1410 1756 1518 1819 lux
1557 1756 1728 1820 clara
1764 1764 1860 1819 est

1971 1084 2219 1148 porcos
2254 1067 2488 1131 Verum
2524 1070 2829 1150 quamdiu
2870 1071 3117 1150 ignorat
3155 1072 3456 1151 Ecclesia,

1972 1165 2116 1245 quis
2147 1165 2372 1228 docilis
2402 1166 2779 1231 indocilisve
2809 1169 3088 1245 exsistat,
3115 1169 3303 1232 debet
3332 1188 3463 1233 om-

1971 1263 2163 1326 nibus
2208 1264 2574 1346 praedicare,
2620 1266 2784 1329 sicut
2832 1266 2897 1328 in
2942 1266 3137 1329 simili
3188 1268 3463 1349 loquitur

1968 1362 2359 1441 Augustinus
2394 1383 2407 1426 :
2444 1362 2805 1428 Nescientes
2833 1364 2977 1446 quis
3008 1366 3085 1428 ad
3116 1366 3462 1429 electorum

1969 1469 2078 1523 aut
2116 1461 2532 1543 reproborum
2582 1462 2948 1526 societatem
2990 1464 3324 1545 pertineat,
3357 1465 3464 1527 de-

1967 1559 2191 1621 bemus
2240 1558 2632 1623 beneficium
2691 1561 2987 1625 fraternae
3044 1562 3462 1644 correptionis

1970 1658 2339 1740 impendere
2388 1658 2657 1721 cunctis.

2048 1757 2126 1819 At
2163 1776 2314 1820 vero
2351 1776 2463 1839 per
2492 1758 2761 1835 sodaleS,
2795 1757 3054 1839 quidam
3093 1759 3462 1842 intelligunt

349 1864 412 1917 et
441 1855 691 1936 absque
722 1854 1003 1919 nubibus
1043 1855 1281 1917 rutilat.
1315 1854 1612 1929 Quamvis
1642 1863 1854 1917 autem
1895 1853 1940 1914 B
1968 1853 2419 1919 haeresiarchas
2449 1864 2512 1918 et
2540 1856 2903 1919 seductores
2932 1876 3005 1920 ac
3041 1857 3272 1939 impios
3304 1877 3463 1939 prae-

349 1972 626 2036 sponsus
659 1954 826 2017 inter
855 1954 1028 2017 cives
1067 1954 1248 2034 regni
1278 1953 1557 2018 coelestis
1599 1953 1857 2035 potissi-

348 2071 449 2115 me
493 2054 711 2130 cubet,
755 2053 870 2135 qui
909 2052 1264 2115 meridiana
1307 2052 1446 2134 ejus
1490 2052 1855 2133 cognitione

348 2149 670 2229 laetantur,
720 2160 915 2233 atque
963 2170 1077 2233 per
1125 2150 1490 2213 beatificam
1541 2151 1852 2213 visionem

347 2267 587 2330 sponso
628 2249 850 2329 gloriae
898 2248 1390 2313 inavertibiliter
1430 2268 1504 2311 ac
1550 2248 1858 2329 tranquil-

346 2345 594 2410 lissime
623 2356 774 2409 sunt
801 2347 1066 2428 intenti3
1099 2355 1380 2409 attamen
1413 2347 1603 2409 ctiam
1638 2347 1701 2408 in
1738 2347 1855 2409 hac

347 2445 480 2508 vita
510 2446 578 2507 in
611 2446 770 2510 viris
807 2444 1349 2527 contemplativiS,
1385 2444 1712 2527 persectiS,
1748 2444 1858 2507 he-

349 2544 565 2621 roicis,
613 2544 982 2627 aliqualiter
1025 2543 1216 2607 cubat
1263 2564 1276 2608 :
1319 2545 1555 2626 quibus
1599 2543 1855 2627 scripsit

334 5305 450 5383 ria,
485 5302 640 5386 quia
666 5301 1024 5384 despicient
1050 5300 1410 5364 doctrinam
1445 5300 1686 5381 eloquii
1718 5299 1841 5381 tui3

595 5436 669 5491 T.
698 5437 751 5487 7.

1967 1952 2267 2031 sidenteS,
2293 1953 2402 2035 qui
2438 1952 2558 2015 sibi
2593 1953 2912 2034 subjectos
2944 1955 3337 2019 damnationi
3370 1976 3461 2019 se-

1964 2071 2111 2115 cum
2157 2052 2495 2116 involvunt
2530 2061 2637 2115 :et
2680 2053 2925 2116 sodales
2970 2054 3186 2136 sponsi
3233 2074 3464 2119 vocan-

1965 2160 2090 2228 tur,
2127 2151 2228 2213 vel
2262 2150 2414 2231 quia
2442 2170 2509 2213 se
2540 2151 2871 2213 nominant
2900 2153 3035 2235 ejus
3076 2153 3369 2230 vicarios,
3402 2161 3466 2217 et

1965 2258 2197 2312 vocant
2227 2269 2293 2311 se
2324 2249 2748 2329 Christianos3
2780 2250 2879 2314 vel
2912 2251 3067 2332 quia
3095 2252 3161 2314 in
3194 2261 3468 2334 potesta-

1965 2354 2026 2410 te
2070 2366 2183 2410 seu
2240 2347 2613 2430 praelatione
2656 2367 2800 2410 cum
2846 2368 2921 2412 eo
2963 2351 3459 2427 communicant,

1965 2454 2073 2508 aut
2120 2446 2272 2528 quia
2324 2445 2389 2507 in
2438 2455 2666 2509 natura
2721 2446 3141 2511 humanitatis
3194 2468 3337 2512 eum
3389 2468 3465 2513 eo

1966 2544 2379 2607 conveniunt.
2428 2545 2580 2623 Alii,
2629 2564 2744 2627 per
2798 2546 3047 2609 sodales
3097 2546 3466 2628 intelligunt

1956 5292 2467 5376 contemplativi3
2501 5294 2611 5357 sed
2644 5294 2831 5358 certis
2862 5294 3037 5358 horis
3073 5296 3278 5378 pascit
3306 5315 3439 5377 θος,

3128 5430 3191 5482 20
