4284 6267
575 779 641 824 18.
658 794 717 833 xi,
732 782 773 826 2.

548 1072 661 1129 Sap.
674 1086 715 1125 x,
736 1076 799 1117 10.

553 1171 665 1217 Osee
686 1186 741 1223 vr,
757 1176 800 1217 6.

537 1466 610 1575 ¹lig
620 1468 729 1524 Rev.
743 1482 800 1521 xi,

832 469 947 531 182

1458 488 1809 537 ENARRATIO
1854 490 1916 535 IN
1958 490 2095 537 CAP.
2143 490 2271 535 XXX
2313 489 2799 537 Pnovnnmomm.
2847 510 2925 521 -—
2970 492 3112 537 ΛΒΤ.
3159 492 3288 537 XXX

830 665 894 720 ct
952 658 1269 722 salubrem
1328 660 1680 740 scientiam,
1735 679 1928 724 sacrae
1986 660 2328 743 Scripturae
2358 659 2409 721 A
2437 668 2628 741 atque
2679 660 3028 739 descendit,
3063 661 3228 725 sicut
3275 662 3515 745 Moyses
3563 662 3758 726 fecit?
3805 664 3920 745 qui

832 757 1149 834 notitiam,
1166 758 1601 841 propheticam
1637 760 2108 835 revelationem,
2124 767 2188 821 et
2217 758 2330 821 sci-

832 854 1075 918 entiam
1136 875 1277 937 quae
1340 865 1439 919 est
1496 858 1761 935 donum,
1814 877 1852 920 a
1902 857 2029 920 Deo
2084 858 2323 940 accepi,

834 972 908 1016 ac
960 955 1131 1017 novi.
1180 955 1266 1017 De
1312 974 1437 1035 qua
1488 956 1555 1017 in
1606 955 1772 1018 libro
1816 956 2156 1038 Sapientiae
2205 953 2330 1018 ser-

833 1060 936 1114 tur
980 1070 994 1113 :
1038 1052 1220 1115 Dedit
1274 1053 1372 1115 illi
1421 1054 1756 1116 scientiam
1806 1062 2215 1133 sanctorum3
2267 1061 2330 1115 et

835 1151 1013 1227 alibi,
1062 1152 1405 1215 Scientiam
1444 1152 1554 1216 Dei
1597 1153 1741 1217 volo
1787 1153 1931 1235 plus
1976 1172 2168 1235 quam
2218 1153 2330 1217 ho-

831 1249 1134 1312 locausta.

923 1346 1213 1411 Secundo
1274 1349 1615 1431 exponitur
1672 1349 1763 1413 sic
1820 1368 1834 1412 :
1886 1354 2328 1413 stultissimus

830 1467 975 1508 sum
1008 1449 1325 1508 virorum.
1344 1446 1639 1511 Salomon
1673 1448 1845 1511 enim
1876 1451 2166 1531 peccavit
2196 1468 2327 1530 gra-

834 1545 1121 1621 vissime,
1150 1554 1213 1609 et
1244 1546 1391 1609 inde
1419 1547 1519 1626 (ut
1547 1547 1768 1610 dicunt
1792 1547 2011 1625 Judaei,
2038 1568 2111 1612 ac
2139 1548 2326 1611 multi

830 1643 1161 1722 Catholici,
1214 1644 1632 1728 Hieronymus
1672 1665 1929 1728 quoque
1972 1655 2036 1710 et
2073 1646 2326 1711 Ambro-

832 1742 994 1823 sius)
1022 1750 1242 1826 postea
1274 1743 1457 1806 valde
1496 1744 1819 1826 poenituit.
1854 1746 2116 1827 Propter
2157 1748 2326 1827 quod

2436 760 2724 821 ascendit
2771 780 2962 843 super
3007 770 3286 824 montem
3348 760 3520 823 Sinai
3575 762 3642 823 in
3689 762 3920 825 coelum
3963 779 4247 828 emam„

2435 856 2678 920 aerium
2711 858 2790 920 ad
2826 858 3185 937 Dominum,
3221 868 3282 921 et
3313 860 3459 922 inde
3493 859 3816 922 descendit
3842 860 3922 922 ad
3947 845 4246 953 {333⁴ss-

2437 956 2770 1039 populum,
2797 966 2866 1019 ut
2897 956 3166 1020 habetur
3197 957 3264 1019 in
3293 957 3527 1021 Exodo.
3551 956 3700 1031 Quis
3727 958 3924 1021 conti·

2437 1054 2577 1115 nuit
2607 1054 2903 1137 spiritum
2951 1056 3018 1117 in
3058 1054 3356 1117 manibus
3387 1055 3542 1131 suiS,
3575 1056 3739 1118 sicut
3768 1054 3922 1118 fecit

2435 1151 2713 1235 Moyses?
2763 1153 2876 1235 qui
2926 1152 3172 1217 cineres
3216 1155 3507 1217 ardentes
3545 1154 3624 1217 de
3669 1152 3918 1217 camino
3947 1173 4244 1222 mamm.

2434 1250 2703 1332 accepit.
2738 1250 2888 1325 Quis
2919 1251 3244 1331 colligavit
3270 1271 3465 1333 aquas
3503 1251 3687 1333 quasi
3719 1253 3781 1314 in
3813 1270 3918 1315 ve-

2435 1348 2758 1423 stimento,
2805 1349 2970 1414 sicut
3013 1348 3170 1413 fecit
3211 1349 3450 1433 Moyses
3493 1350 3556 1413 in
3597 1351 3754 1413 mari
3801 1350 3920 1412 Ru-

2435 1445 2595 1510 bro?
2628 1449 2780 1528 quia
2817 1449 3063 1511 meritis
3093 1449 3231 1530 ejus
3265 1468 3447 1530 aquae
3475 1448 3732 1512 suerunt
3759 1448 3919 1511 divi-
3992 1468 4136 1511 ιιι-ιι.
4157 1483 4242 1518 m,

2435 1564 2542 1608 sae.
2576 1544 2730 1619 Quis
2763 1547 3092 1611 suscitavit
3131 1566 3353 1611 omnes
3383 1548 3687 1611 terminos
3715 1556 3918 1622 terrae,
3947 1535 4024 1575 ²¹·

2436 1644 2602 1705 sicut
2630 1643 2911 1727 Moyses?
2942 1644 3054 1726 qui
3084 1646 3149 1708 in
3182 1646 3501 1709 erectione
3529 1644 3916 1709 tabernaculi

2437 1742 2568 1803 suis
2629 1742 2874 1805 meritis
2935 1743 3202 1806 immisit
3257 1752 3564 1808 terrorem
3623 1744 3920 1807 omnibus

837 1861 1129 1905 reversus
1161 1842 1239 1904 ad
1264 1861 1375 1906 cor
1404 1844 1745 1925 poenitens,
1772 1843 1931 1905 dixit
1966 1862 1979 1905 :
2016 1845 2329 1908 Stultissi-
2363 1841 2409 1902 B
2435 1840 2754 1919 gentibus,
2805 1841 2870 1903 in
2921 1842 3220 1905 omnibus
3271 1841 3516 1905 finibus
3553 1850 3734 1905 terrae
3781 1862 3926 1926 pro-

831 1960 973 2003 mus
1006 1960 1147 2003 sum
1178 1941 1488 2019 virorum,
1530 1942 1593 2004 id
1632 1950 1748 2017 est,
1784 1944 1894 2024 qui
1930 1943 2330 2025 sapientissi-

830 2060 972 2102 mus
1016 2058 1187 2101 cram
1232 2058 1308 2101 ex
1348 2041 1517 2104 dono
1554 2040 1687 2117 Dei,
1725 2041 2001 2124 propriis
2030 2042 2206 2105 vitiis
2239 2043 2330 2106 in-

832 2137 1331 2220 sipientissimus
1376 2158 1515 2201 sum
1560 2137 1858 2203 effectus,
1893 2144 1978 2203 Ec
2004 2143 2330 2219 sapientia

832 2238 1197 2308 hominum,
1245 2236 1359 2317 qui
1393 2237 1639 2301 scilicet
1676 2237 2137 2301 rationabiliter
2181 2257 2331 2303 con-

834 2342 1191 2411 versantur,
1224 2344 1287 2397 et
1330 2335 1505 2417 digni
1556 2344 1704 2398 sunt
1750 2335 2044 2400 homines
2088 2356 2332 2401 nuncu-

834 2433 995 2517 pari,
1032 2433 1343 2496 rationem
1393 2434 1740 2515 sequendo,
1774 2455 1911 2495 non
1940 2446 2030 2497 est
2058 2456 2326 2509 mecum,

835 2532 901 2595 id
932 2540 1049 2609 est,
1090 2550 1342 2595 mecum
1370 2549 1499 2595 non
1534 2530 1659 2595 fuit
1695 2533 2003 2614 quamdiu
2042 2542 2166 2596 tam
2205 2543 2332 2596 tur-

837 2630 1005 2713 piter
1051 2648 1125 2693 ac
1175 2628 1523 2693 libidinose
1572 2630 1725 2707 vixi,
1778 2630 2331 2714 idololatriamque

833 2727 1111 2790 exercui.
1146 2726 1383 2790 Deinde
1424 2727 1676 2811 culpam
1726 2748 1903 2791 suam
1945 2748 2330 2811 exaggeran-

835 2827 939 2902 do,
992 2832 1063 2887 ut
1111 2825 1306 2889 moris
1364 2833 1461 2888 est
1517 2826 1990 2908 poenitentium,
2042 2828 2330 2891 eamdem

835 2923 1219 2987 sententiam
1276 2922 1397 2986 sub
1444 2924 1592 2986 aliis
1631 2915 1864 3007 repetit
1911 2925 2148 2989 verbis.
2182 2929 2332 2990 Non

2437 1938 2766 2002 missionis
2815 1947 2878 2001 et
2924 1940 3093 2003 circa
3135 1940 3590 2016 habitantibuS,
3644 1942 3808 2005 sicut
3853 1942 3921 2003 in

2437 2036 2925 2101 Deuteronomio
2957 2038 3434 2103 dieiturzllodie
3461 2038 3760 2122 incipiam
3788 2040 3925 2102 mit·
3952 2060 4242 2111 Danaas.

2440 2143 2572 2197 tere
2615 2144 2920 2199 terrorem
2960 2145 3149 2219 atque
3190 2135 3598 2201 formidinem
3639 2146 3812 2201 tuam
3853 2138 3920 2200 in

2439 2233 2734 2315 populos.
2767 2234 2944 2308 Quod
2985 2253 3218 2299 nomen
3261 2245 3358 2298 est
3395 2237 3580 2317 ejus?
3608 2236 3788 2318 quasi
3832 2236 3928 2297 di·-

2439 2340 2612 2395 ceret
2644 2351 2658 2396 :
2687 2331 2752 2393 Si
2783 2332 3032 2396 dicatur
3062 2334 3233 2414 quod
3263 2334 3427 2396 alius
3461 2334 3604 2411 fuit,
3639 2335 3749 2415 qui
3782 2344 3929 2397 ante

2440 2430 2690 2512 Moysen
2723 2430 2875 2493 talia
2905 2429 3078 2509 fecit,
3099 2432 3348 2495 dicatur
3375 2432 3521 2514 quis
3555 2432 3680 2495 fuit
3709 2431 3838 2510 ille,
3863 2440 3928 2496 et

2440 2529 2612 2609 quod
2645 2526 2768 2590 fuit
2799 2547 3033 2593 nomen
3064 2530 3241 2611 ejus3
3283 2538 3348 2593 et
3377 2532 3429 2592 si
3471 2530 3740 2608 dicatur,
3773 2531 3928 2593 Mor-

2442 2635 2588 2689 tuus
2633 2636 2750 2701 est‚
2777 2636 2838 2690 et
2879 2646 3112 2692 nomen
3155 2628 3296 2710 ejus
3333 2627 3644 2692 oblivioni
3671 2637 3768 2691 est
3807 2637 3930 2691 tra-

2441 2725 2668 2803 ditum,
2703 2726 2951 2790 dicatur
2993 2727 3166 2809 quod
3204 2727 3288 2790 sit
3332 2746 3563 2791 nomen
3605 2726 3731 2791 filii
3760 2728 3923 2809 ejuS,

2442 2824 2508 2886 id
2555 2832 2674 2901 est,
2699 2843 2842 2905 quae
2884 2826 3208 2906 generatio
3257 2826 3560 2889 remansit
3595 2825 3678 2889 ab
3719 2844 3816 2902 ec,
3849 2845 3928 2889 ex

2442 2941 2567 3004 qua
2610 2923 2812 3006 possit
2841 2924 3060 3005 aliqua
3099 2924 3178 2987 de
3207 2943 3282 2987 eo
3322 2924 3542 2987 haberi
3579 2924 3824 2988 notitia.
3849 2960 3928 2969 —

833 3024 1047 3084 didici
1073 3024 1497 3101 sapientiam,
1528 3022 1592 3085 id
1622 3031 1737 3099 est,
1772 3024 2145 3105 sapientiam
2183 3043 2332 3089 con·
2365 3018 2410 3083 C
2442 3020 2558 3085 Sed
2607 3022 2804 3101 (sicut
2850 3030 3209 3105 praetactuS,
3258 3022 3718 3107 expositionem
3765 3024 3929 3087 hanc

836 3128 1239 3198 suminatam,
1276 3139 1404 3203 qua
1439 3122 1588 3203 quis
1619 3122 1686 3184 in
1718 3120 2025 3203 obsequio
2065 3123 2172 3185 Dei
2209 3142 2333 3185 ma-

836 3227 946 3283 net
976 3237 1178 3301 usque
1213 3219 1279 3281 in
1325 3218 1547 3297 finem,
1583 3238 1709 3283 non
1751 3220 1969 3297 didici,
2007 3240 2123 3284 nec
2160 3240 2332 3284 acce-

834 3317 925 3401 pi,
979 3325 1043 3380 et
1096 3336 1233 3380 eam
1294 3336 1489 3399 quam
1542 3319 1817 3400 desuper
1873 3319 2143 3401 sumpsi,
2201 3338 2328 3383 non

837 3415 1035 3479 didici
1084 3434 1277 3499 opere
1331 3417 1681 3498 adimplere
1728 3425 2239 3499 perseveranter3
2271 3428 2331 3479 et

834 3516 1012 3587 novi,
1047 3514 1113 3579 id
1144 3521 1263 3592 est,
1289 3533 1418 3578 non
1448 3514 1621 3593 novi,
1656 3516 1999 3598 repetendo
2029 3516 2330 3580 videlicet

836 3612 1203 3693 negativum
1236 3613 1357 3677 hoc
1395 3614 1677 3695 signum,
1708 3613 1867 3689 Non,
1902 3614 1968 3676 in
2010 3614 2328 3697 principio

836 3712 1031 3794 hujus
1085 3731 1305 3777 versus
1354 3732 1468 3775 seu
1517 3712 1819 3777 clausulae
1866 3713 2168 3795 positum.
2217 3714 2330 3775 lta-

839 3830 988 3892 que,
1039 3810 1175 3874 Non
1235 3811 1385 3875 novi
1432 3813 1772 3873 scientiam
1817 3821 2211 3881 sanctorum,
2263 3812 2328 3875 id

835 3918 951 3986 est,
999 3909 1332 3973 scientiam
1381 3929 1495 3993 per
1533 3930 1727 3992 quam
1767 3909 1979 3974 Sancti
2030 3910 2156 3973 Deo
2205 3918 2329 3973 sta-

834 4007 1053 4071 biliter
1090 4008 1491 4072 adhaeserunt
1530 4028 1603 4072 ac
1646 4008 2024 4086 servierunt,
2068 4016 2132 4071 et
2171 4008 2332 4071 vitia

836 4105 1072 4189 quibus
1131 4106 1463 4185 succubui,
1510 4107 1895 4182 devitarunt,
1944 4126 2072 4169 non
2130 4106 2324 4169 habui

2441 3121 2874 3197 introducenS,
2911 3119 3177 3201 fatetur)
3212 3122 3524 3205 expositio
3550 3122 3681 3203 jam
3707 3131 3929 3204 praita-

2437 3227 2540 3282 cta
2576 3219 2929 3282 secundum
2976 3221 3285 3301 quosdam
3331 3219 3644 3297 lle-braim,
3677 3220 3930 3285 videtur

2440 3317 2603 3380 falsa
2637 3326 2828 3399 atque
2866 3326 3128 3381 extorta.
3161 3319 3337 3381 Unde
3367 3327 3723 3401 praetactuS,
3755 3318 3927 3383 scili-

2438 3426 2539 3479 cet
2577 3416 2872 3480 Nicolaus
2917 3417 2996 3479 de
3042 3417 3220 3499 Lyra,
3252 3417 3421 3481 circa
3461 3417 3582 3481 hoc
3624 3418 3787 3481 inter
3827 3437 3927 3481 ce-

2436 3523 2572 3578 tera
2601 3516 2690 3578 ait
2711 3532 2726 3577 t
2744 3515 2887 3578 Haec
2911 3515 3222 3598 expositio
3251 3515 3656 3580 Hebraeorum
3676 3517 3926 3581 videtur

2439 3615 2504 3677 in
2538 3614 2757 3676 multis
2799 3612 3096 3677 deficere.
3128 3614 3205 3676 Et
3244 3614 3474 3696 primo,
3506 3623 3816 3697 quantum
3843 3618 3922 3679 ad

2437 3714 2578 3795 ejus
2612 3711 3116 3789 fundamentum,
3149 3712 3394 3776 scilicet
3423 3714 3592 3794 quod
3629 3712 3923 3778 Salomon

2439 3812 2506 3873 in
2551 3810 2686 3873 fine
2723 3810 3097 3893 poenituerit
3127 3830 3296 3888 vere,
3329 3820 3394 3873 et
3425 3812 3568 3875 ideo
3607 3811 3923 3894 poenitens

2438 3908 2777 3994 protulerit
2796 3908 3000 3972 'verba
3030 3908 3180 3986 haec,
3216 3909 3640 3973 Stultissimus
3669 3929 3806 3973 sum
3839 3910 3926 3973 vi-

2438 4006 2986 4085 rorum,etc.Quia
3014 4007 3068 4069 si
3099 4026 3247 4071 vere
3279 4008 3702 4090 poenituisset‚
3723 4028 3920 4091 quum

2437 4114 2605 4169 esset
2644 4124 2752 4169 rex
2791 4106 3293 4189 potentissimus,
3331 4107 3568 4190 templa
3609 4106 3921 4171 idolorum

837 4213 1322 4287 perseveranter
1349 4213 1412 4268 et
1450 4224 1564 4289 per
1612 4204 2162 4289 approbationem.
2199 4204 2330 4265 Pri-
2361 4209 2409 4270 D
2439 4224 2582 4286 quae
2633 4212 3090 4281 construxerat,
3126 4205 3538 4269 destruxisset
3579 4226 3593 4269 :
3645 4225 3787 4287 quae
3831 4214 3923 4268 ta-

836 4322 943 4365 ma
980 4302 1451 4386 expositionum
1484 4303 1749 4366 istarum
1779 4302 2081 4385 apertior,
2114 4311 2179 4366 et
2208 4311 2330 4366 tex-

837 4399 931 4461 tui
964 4400 1416 4464 consonantior
1446 4420 1584 4465 esse
1613 4400 1887 4466 videtur.

922 4500 1078 4568 Quis
1126 4502 1413 4560 ascendit
1450 4502 1525 4561 in
1566 4503 1818 4572 coelum,
1852 4510 2044 4579 atque
2079 4504 2331 4563 descen-

834 4600 937 4658 dit
956 4600 987 4659 ?
1032 4600 1189 4667 Quis
1216 4600 1544 4661 continuit
1570 4600 1883 4676 spiritum
1914 4601 1983 4659 in
2026 4602 2328 4661 manibus

832 4698 968 4757 suis
993 4701 1024 4757 ?
1054 4698 1209 4766 Quis
1248 4698 1581 4775 colliqavit
1624 4718 1830 4777 aquas
1875 4700 2066 4778 quasi
2112 4701 2186 4760 in
2231 4720 2330 4759 ve-

832 4798 1130 4857 stimento
1152 4798 1183 4857 ἒ
1214 4798 1372 4865 Quis
1408 4797 1747 4857 suscitavit
1775 4816 1989 4858 omnes
2023 4800 2328 4860 terminos

835 4904 1019 4955 cerroe
1051 4895 1082 4954 ?
1112 4897 1295 4963 Quod
1324 4913 1555 4955 nomen
1585 4904 1675 4955 esc
1702 4895 1865 4971 eju-3,
1906 4905 1966 4956 et
2008 4900 2181 4975 quod
2217 4917 2330 4958 no-

832 5012 979 5053 men
1007 4993 1142 5069 filii
1168 4994 1336 5071 ejus,
1365 4995 1427 5053 si
1453 4995 1624 5053 nosti
1640 4995 1671 5054 ?

910 5090 1134 5154 Totum
1194 5089 1365 5153 hunc
1420 5110 1681 5174 passum
1731 5090 1994 5173 quidam
2042 5092 2326 5175 (aliquos

830 5188 1047 5253 forsan
1079 5208 1356 5271 sequens
1396 5189 1719 5271 Hebraeos)
1749 5191 2011 5274 exponit
2042 5192 2120 5255 de
2161 5192 2325 5275 Moy-

832 5306 921 5365 se,
958 5295 1031 5350 ut
1059 5286 1141 5349 sit
1171 5306 1395 5352 sensus
1423 5288 1611 5363 :Quis
1652 5290 1934 5355 ascendit
1963 5289 2030 5354 in
2060 5291 2318 5369 coelum,

2438 4322 2588 4367 men
2628 4311 2940 4367 steterunt
2966 4322 3168 4386 usque
3205 4304 3282 4366 ad
3327 4312 3573 4385 tempus
3617 4304 3915 4381 Ezecbiae,

2439 4410 2509 4465 ut
2566 4402 2797 4483 legitur
2857 4402 2922 4463 in
2983 4410 3210 4483 quarto
3267 4402 3503 4482 Regum
3563 4402 3748 4466 libro⁸
3801 4402 3920 4466 Sed

2439 4500 2593 4581 quid
2625 4501 2706 4563 de
2735 4500 3090 4563 Salomonis
3119 4500 3496 4582 poenitentia
3522 4502 3809 4564 videatur
3835 4510 3922 4564 te-
3949 4501 3974 4529 ¹

2438 4600 2741 4676 nendum,
2777 4618 2970 4681 super
2997 4598 3255 4661 tertium
3285 4599 3524 4680 Regum
3559 4599 3793 4663 librum
3825 4600 3921 4662 in-

2436 4698 2610 4761 duxi.
2660 4698 2778 4760 Ubi
2829 4698 3019 4762 etiam
3073 4706 3172 4761 est
3217 4706 3567 4776 ostensum,
3614 4700 3783 4779 quod
3823 4718 3920 4762 ar-

2434 4806 2808 4878 gumentum
2866 4797 2986 4860 hoc
3045 4815 3172 4861 non
3231 4796 3588 4861 concludat.
3648 4798 3797 4860 Nam
3857 4806 3920 4861 et

2434 4895 2758 4960 Manassen
2794 4915 3006 4978 regem
3039 4885 3285 4959 cons‘tat
3311 4896 3390 4959 de
3421 4914 3535 4957 sua
3564 4895 3922 4960 idololatria

2437 4994 2620 5058 valde
2664 4994 3042 5077 poenituisse
3081 5012 3095 5056 :
3130 4993 3244 5076 qui
3284 5002 3493 5057 tamen
3534 5013 3732 5075 quum
3777 5004 3918 5077 post
3991 5016 4025 5060 n
4053 5019 4176 5063 par.

2435 5113 2615 5155 suam
2663 5093 3106 5176 poenitentiam
3153 5090 3373 5154 multis
3424 5092 3665 5155 viveret
3707 5094 3913 5168 anniS,
3947 5086 4186 5132 ¹¹¹¹¹¹¹¹²⁴

2437 5192 2503 5254 in
2553 5209 2780 5272 magna
2828 5190 3248 5274 prosperitate
3286 5198 3477 5272 atque
3509 5191 3813 5273 potentia,
3849 5199 3920 5254 ut

2427 5290 2738 5374 Josephus
2769 5288 2986 5366 refert,
3023 5308 3150 5354 non
3181 5298 3393 5352 tamen
3425 5289 3735 5355 destruxit
3762 5291 3919 5353 alta-
