4284 6267
827 494 908 557 252

1516 508 1865 555 ENARRATIO
1906 506 1970 553 m
2011 506 2151 553 GAP.
2185 506 2271 552 vn
2313 504 2794 553 Pnovssnmonmt.
2840 522 2921 535 ·-·
2962 504 3103 551 ΛΒΤ.
3142 504 3227 550 vn

829 700 1044 740 meum
1091 702 1115 741 .·
1158 681 1311 761 quia
1366 680 1566 743 lectus
1623 681 1716 743 sic
1764 686 2176 763 praeparatuS,
2227 684 2325 741 est
2353 676 2402 737 Α
2434 676 2601 738 tulit.
2643 675 2941 750 Quamvis
2985 675 3305 739 interdum
3350 694 3608 737 sensum
3647 694 3684 737 e
3732 692 3923 736 sensu

831 777 1122 858 mollior3
1164 782 1372 839 stravi
1415 782 1728 856 tapetibus
1763 780 1962 857 pictis
2002 799 2082 837 esc
2119 780 2326 853 [Ερμ-

825 886 961 952 pto,
997 876 1060 938 id
1104 885 1220 952 est,
1258 896 1372 959 per
1411 886 1620 958 tapeta
1663 877 1912 939 curiose
1957 877 2022 937 in
2058 875 2325 957 AEgypto

832 2447 940 2505 die
963 2449 1172 2524 plenoe
1211 2451 1384 2509 lunae
1419 2468 1796 2509 reversurus
1833 2458 1923 2509 est
1953 2449 2026 2508 in
2054 2452 2323 2508 domum

829 2563 1039 2605 suam.

912 2640 1094 2705 Circa
1121 2644 1244 2707 hoc
1273 2645 1496 2707 scribit
1526 2645 1723 2727 Lyra:
1748 2645 1816 2706 In
1845 2643 2104 2707 Hebraeo
2138 2642 2325 2705 habe·

833 2748 958 2817 tur,
1001 2740 1068 2802 In
1111 2742 1381 2806 termino
1421 2744 1787 2807 constituto.
1829 2743 1905 2805 Et
1942 2742 2119 2805 addit
2154 2763 2168 2807 ε
2206 2741 2322 2804 Ne-

833 2838 965 2901 scio
1011 2859 1125 2902 cur
1173 2842 1510 2904 translator
1558 2851 1772 2905 noster
1821 2842 2056 2923 posuit,
2101 2842 2165 2903 ln
2216 2840 2321 2903 die

831 2936 1038 3019 plenae
1067 2938 1235 3001 lunae
1265 2959 1280 3003 :
1315 2939 1441 3002 nisi
1469 2940 1623 3022 quia
1658 2940 2012 3021 antiquitus
2040 2939 2318 3020 gentiles

2434 775 2655 856 magiS,
2688 795 2883 857 quam
2916 775 3181 838 verbum
3212 794 3247 837 e
3280 774 3471 838 verbo
3504 772 3921 848 transtulerit,

2435 874 2595 936 nihil
2650 884 2859 938 tamen
2911 875 2990 937 de
3034 874 3299 937 veritate
3351 872 3618 936 mutavit
3670 870 3926 933 Hebrai-

2432 2455 2697 2513 vincula
2746 2452 3050 2515 vitiorum
3108 2449 3633 2532 aeternaliumque
3688 2466 3911 2531 poena-

2429 2569 2592 2626 rum,
2619 2559 2683 2613 et
2721 2551 2800 2613 ad
2845 2550 3099 2613 diversa
3138 2549 3538 2612 incommoda
3574 2558 3767 2629 atque
3803 2566 3914 2629 pe-

2430 2649 2628 2711 ricula
2660 2649 2727 2711 in
2755 2648 2875 2711 hac
2904 2648 3331 2724 vita,stultus,
3347 2654 3566 2729 utpote
3595 2645 3913 2728 spirituali

2428 2756 2490 2809 et
2520 2746 2735 2810 infusa
2764 2746 3075 2829 sapientia
3110 2765 3353 2823 carenS,
3373 2748 3689 2815 trahatur,
3719 2749 3920 2806 donec

2429 2850 2772 2925 transfiyat
2799 2849 3041 2923 sayilca
3072 2847 3259 2923 jecur
3288 2846 3452 2922 ejus,
3491 2844 3554 2907 id
3596 2851 3713 2921 est,
3740 2844 3920 2924 jacu-

2427 2940 2560 3002 lum
2601 2940 2874 3002 carnalis
2911 2940 3145 3002 amoris
3188 2958 3262 3003 ac
3299 2939 3593 3021 voluptas
3636 2956 3908 3004 venerea

829 3043 895 3097 et
923 3035 1031 3097 alii
1062 3056 1169 3101 eos
1201 3038 1266 3100 in
1299 3039 1416 3101 hoc
1447 3047 1805 3119 sequenteS‚
1829 3038 1941 3119 qui
1975 3037 2319 3101 credebant
2354 3038 2396 3101 C
2429 3038 2731 3101 interiora
2768 3040 2907 3119 ejus
2952 3038 3368 3120 spiritualiter
3412 3038 3596 3101 laedat
3632 3056 3703 3100 ac
3753 3037 3916 3118 peri-

829 3134 1045 3197 omnia
1087 3135 1207 3199 ista
1250 3135 1555 3200 inferiora
1601 3137 1938 3219 provenire
1978 3138 2056 3199 ad
2094 3155 2320 3218 corpo-

829 3251 971 3294 rum
1014 3234 1370 3297 coelestium
1425 3235 1932 3317 dispositionem,
1981 3236 2317 3298 redeuntes

827 3349 865 3394 a
907 3332 1400 3395 mercationibus
1444 3334 1598 3407 suis,
1650 3333 1952 3395 libentius
1997 3333 2319 3395 intrabant

827 3430 1048 3493 domos
1079 3450 1224 3493 suas
1255 3432 1322 3493 in
1356 3431 1732 3513 plenilunio,
1754 3438 1824 3493 ut
1858 3432 1950 3494 sic
1989 3431 2319 3513 plenitudo

830 3527 992 3591 lucri
1023 3538 1414 3611 sequeretur.
1445 3529 1623 3593 Unde
1662 3530 1868 3594 adhuc
1898 3530 1964 3592 in
1993 3531 2319 3612 aliquibus

830 3628 1017 3689 terris
1059 3627 1399 3691 Christiani
1461 3629 1746 3691 volentes
1797 3629 2153 3693 encaeniare
2211 3630 2321 3693 do-

829 3745 1004 3788 mum
1036 3745 1286 3801 novam,
1320 3736 1429 3790 aut
1459 3736 1705 3790 mutare
1734 3728 2154 3806 domicilium,
2190 3747 2319 3792 non

828 3824 1104 3888 libenter
1148 3824 1391 3888 faciunt
1437 3826 1558 3889 hoc
1603 3826 1669 3887 in
1713 3825 1970 3889 defectu
2014 3827 2202 3905 lunae,
2240 3846 2321 3890 ne

830 3930 1132 4003 sequatur
1168 3924 1611 4005 temporalium
1651 3924 1965 3988 bonorum
1996 3925 2316 4005 defectus3

831 4021 940 4083 sed
981 4020 1228 4084 faciunt
1265 4022 1384 4085 hoc
1425 4022 1492 4083 in
1529 4030 1868 4102 augmento
1906 4033 2014 4086 aut
2053 4024 2322 4105 plenitu-

829 4119 979 4181 dine
1010 4119 1196 4198 lunae,
1233 4129 1302 4183 ut
1330 4131 1630 4203 sequatur
1661 4122 1972 4187 bonorum
2005 4130 2320 4205 tempora—

2426 3146 2577 3200 mat.
2613 3137 2727 3200 Vel
2768 3138 3027 3217 Sagitta,
3062 3145 3157 3201 est
3184 3138 3419 3201 divinae
3448 3136 3710 3199 ultionis
3737 3154 3915 3199 acer-

2425 3236 2610 3313 tutas,
2662 3236 2720 3299 ei
2768 3237 2900 3317 jam
2958 3235 3322 3298 imminenS.
3376 3234 3553 3297 Unde
3602 3234 3915 3298 Dominus

2424 3334 2848 3397 comminatur
2891 3350 2905 3394 :
2948 3331 3215 3415 Sagittas
3257 3352 3427 3396 meas
3468 3332 3802 3415 complebo
3844 3332 3910 3443 in
3940 3354 4191 3459 gentum.
4278 3372 4280 3410 ἵ

2426 3432 2540 3495 eis.
2566 3436 2745 3493 Velut
2768 3434 2827 3492 si
2856 3434 2997 3493 avis
3025 3433 3286 3509 festinet
3314 3434 3403 3492 ad
3426 3436 3729 3513 laqueum
3758 3432 3916 3494 desl-

2426 3531 2606 3594 derio
2641 3529 2793 3606 cibi,
2844 3530 3135 3593 nesciens
3176 3529 3388 3612 laquei
3439 3529 3773 3609 fraudem3
3820 3530 3912 3594 sic

2429 3629 2566 3710 ipse
2603 3629 2919 3692 desiderio
2956 3627 3300 3710 voluptatis
3332 3629 3411 3690 ad
3451 3637 3719 3692 mortem
3759 3648 3917 3711 prae-

2430 3726 2623 3789 fatam
2653 3727 3003 3807 accelerat3
3046 3736 3105 3787 ec
3126 3728 3322 3787 nescit
3353 3729 3510 3807 quia
3528 3730 3608 3788 de
3624 3730 3915 3805 periculo

2426 3829 2668 3887 animoe
2698 3829 2885 3887 illius
2920 3827 3145 3903 ayitur
3180 3846 3201 3885 .·
3234 3824 3298 3888 id
3338 3834 3454 3903 est,
3486 3825 3742 3906 juvenis
3785 3844 3914 3889 non

2427 3925 2785 3988 considerat
2815 3926 2984 4006 quod
3016 3924 3083 3986 in
3116 3924 3408 3987 omnibus
3437 3923 3537 3987 his
3570 3924 3915 3987 invisibilis

2428 4024 2629 4087 hostis
2667 4042 2794 4087 non
2828 4024 3001 4086 aliud
3042 4022 3461 4097 machinetur,
3488 4022 3611 4085 nisi
3652 4033 3723 4086 ut
3764 4042 3911 4086 eum

2430 4123 2637 4185 trahat
2673 4123 2751 4185 ad
2788 4132 2918 4185 tam
2955 4121 3244 4184 enormia
3283 4121 3542 4196 scelera,
3574 4121 3804 4185 deinde
3832 4121 3911 4183 ad

830 4216 988 4279 lium
1029 4219 1378 4299 plenitudo.
1417 4219 1493 4282 Et
1522 4220 1643 4283 hoc
1686 4229 1781 4282 est
1821 4222 1899 4284 de
1937 4222 2317 4302 gentilitatis
2351 4227 2399 4288 D
2432 4219 2667 4283 inferni
2702 4226 3035 4283 tormenta.

639 983 707 1038 17
833 973 1082 1055 depicta
1111 974 1346 1037 lectum
1379 994 1590 1037 meum
1623 974 2195 1050 ornavi.Adspersi
2225 994 2327 1032 cu·
2432 992 2528 1035 ca.
2552 973 2787 1055 Estque
2816 973 3228 1049 credendum,
3264 973 3433 1054 quod
3463 977 3722 1053 propter
3753 986 3926 1032 com-

834 1076 958 1132 bile
987 1094 1198 1135 meum
1225 1078 1518 1152 myrrha,
1546 1085 1604 1134 et
1630 1078 1864 1145 aloe,et
1891 1076 2323 1141 cinnamomo,
2434 1090 2628 1134 mune
2672 1072 2912 1134 bonum
2958 1070 3279 1145 Ecclesiae,
3326 1068 3600 1151 Spiritus
3655 1067 3923 1130 Sanctus

833 1170 897 1232 id
939 1180 1035 1233 est
1071 1172 1406 1253 speciebus
1447 1191 1557 1235 seu
1599 1171 1814 1235 herbis
1853 1172 1992 1233 istis
2032 1169 2328 1232 aromati·
2434 1169 2886 1252 Hieronymum
2916 1170 2985 1232 in
3017 1169 3459 1231 transferendo
3488 1166 3808 1230 direxerit.

831 1268 946 1346 ciS,
971 1277 1038 1331 ut
1067 1288 1284 1332 earum
1318 1270 1611 1333 delectati
1643 1270 1858 1344 odore,
1885 1268 2326 1332 delectabilius
2516 1272 2813 1329 Irrecivit
2842 1290 2985 1329 eum
3013 1271 3237 1330 mullis
3262 1269 3678 1338 sermonibus,
3704 1265 3769 1326 id
3800 1271 3919 1339 est,
4048 1280 4109 1335 21

832 1366 1235 1430 misceamur.
1270 1368 1460 1431 Porro
1499 1369 1640 1431 aloe
1677 1368 2191 1450 est—'suavissima
2236 1385 2329 1428 ar-
2438 1366 2805 1448 illaqueavit
2859 1367 3160 1447 juvenem
3220 1366 3637 1428 libidinosum
3684 1371 3927 1426 amato-

832 1464 970 1539 bor,
1004 1467 1189 1549 cujus
1238 1467 1484 1547 lignum
1533 1467 1673 1530 vice
1716 1486 1828 1529 seu
1875 1467 2013 1529 loco
2057 1466 2330 1548 thymia-
2437 1466 2549 1527 riis
2580 1466 2815 1543 verbis,
2848 1476 2907 1527 el
2952 1468 3292 1527 blanditiis
3334 1467 3653 1525 labiorum
3672 1472 3926 1543 protra-

833 1563 1020 1625 matis
1051 1564 1358 1627 altaribus
1390 1565 1818 1628 adoletur.Est
1849 1582 2104 1645 quoque
2134 1562 2330 1625 herba
2435 1567 2537 1625 xit
2568 1567 2783 1626 illum.
2813 1567 3054 1626 Statim
3082 1586 3225 1625 eam
3254 1565 3570 1644 sequitur,
3594 1563 3784 1642 quasi
3820 1562 3924 1620 bos
4050 1567 4117 1620 22

831 1662 1214 1725 amarissimi
1245 1664 1416 1727 succi
1454 1682 1468 1726 ε
1499 1664 1612 1745 qui
1655 1682 1882 1726 succus
1923 1663 2124 1724 instar
2165 1662 2328 1743 picis
2436 1666 2668 1723 ductus
2696 1666 2787 1722 ad
2814 1664 3290 1724 victimandum
3309 1664 3360 1732 *,
3390 1660 3455 1723 id
3494 1668 3591 1723 est
3632 1660 3710 1722 ad
3756 1658 3925 1721 occi·
3956 1673 4195 1714 ‘victim-

832 1761 1230 1841 constringit,
1263 1770 1327 1825 et
1367 1763 1550 1825 valde
1593 1770 1690 1824 est
1727 1761 2151 1824 medicinalis,
2184 1760 2329 1823 Cin-
2437 1762 2740 1838 dendum,
2764 1770 2833 1822 ut
2864 1760 3250 1836 immoletur,
3283 1769 3341 1819 et
3373 1761 3563 1840 quasi
3590 1778 3799 1835 aqnus
3832 1760 3924 1817 la-

833 1875 1202 1920 namomum
1229 1859 1419 1921 etiam
1465 1868 1561 1923 est
1590 1859 1935 1922 aromatica
1972 1858 2185 1933 arbor,
2220 1876 2327 1919 cu·
2365 1859 2410 1920 B
2435 1861 2728 1931 sciviens,
2748 1858 2810 1921 id
2842 1867 2939 1921 est
2967 1859 3329 1921 discurrens
3360 1877 3433 1921 ac
3462 1858 3919 1937 ludenS,quum

641 1976 710 2031 18
831 1955 936 2036 jus
966 1965 1181 2019 cortex
1209 1958 1410 2020 instar
1439 1977 1660 2022 cannae
1690 1958 2112 2039 protenditur.
2152 1957 2325 2023 Veni,
2436 1957 2689 2020 ducitur
2716 1960 2795 2021 ad
2837 1958 3197 2021 macellum.
3231 1958 3343 2020 Hic
3373 1958 3589 2038 itaque
3618 1973 3821 2036 agnus
3854 1956 3919 2017 in

787 2046 795 2050 ’
833 2056 1232 2116 inebriemur
1271 2059 1590 2127 uberibus,
1626 2067 1686 2117 et
1731 2060 2046 2136 fruamur
2085 2058 2326 2133 cupitis
2434 2058 2603 2121 malo
2633 2057 2943 2139 accipitur
2983 2076 3097 2139 pro
3136 2057 3539 2121 adolescente
3583 2054 3917 2131 indomito,

640 2165 709 2220 19
833 2154 1257 2228 ampleoeibus,
1281 2156 1478 2215 donec
1505 2156 1835 2214 illucescat
1861 2155 2019 2214 dies.
2055 2155 2205 2215 Non
2235 2162 2324 2213 esc
2431 2156 2599 2218 sicut
2634 2166 2697 2219 et
2736 2156 2875 2220 ovis
2906 2156 2971 2218 in
3012 2156 3257 2219 Psalmo
3292 2153 3508 2219 :Sicut
3540 2172 3689 2217 oves
3722 2154 3788 2215 in
3822 2152 3922 2213 in·
3977 2172 4195 2221 Pasti-111,

832 2252 1004 2311 enim
1049 2252 1154 2310 vir
1196 2254 1272 2311 in
1318 2255 1504 2312 domo
1545 2272 1690 2319 sua,
1731 2253 1841 2313 via
1883 2253 2046 2311 abiit
2089 2252 2325 2327 lonqis-
2432 2253 2613 2317 ferno
2653 2254 2842 2336 positi
2883 2262 3053 2316 sunt.
3095 2258 3174 2316 Ec
3202 2255 3539 2331 iynorans,
3572 2252 3636 2316 id
3681 2260 3797 2325 est,
3822 2250 3921 2333 ju-
3952 2238 4019 2277 ¹⁵·

635 2360 708 2417 20
828 2348 1020 2409 sima.
1053 2350 1404 2411 Saeculum
1433 2352 1728 2427 pec-unice
1769 2370 1980 2411 secum
2026 2351 2201 2410 tulit.
2241 2352 2322 2411 In
2432 2353 2613 2416 venis
2651 2361 2746 2416 est
2777 2372 2904 2416 non
2941 2354 3278 2416 advertens
3307 2359 3371 2413 et
3403 2352 3605 2415 nescit
3634 2354 3805 2431 quod
3830 2352 3921 2410 ad

4046 2750 4111 2805 23

830 4316 1144 4397 reliquiiS,
1178 4317 1320 4381 ideo
1362 4318 1574 4400 potius
1619 4327 1714 4381 est
1753 4321 2131 4383 cavendum.
2178 4320 2319 4383 Haec
2511 4322 2707 4381 Nunc
2738 4337 2908 4396 erqo,
2946 4318 3053 4395 fili
3082 4318 3198 4387 mi,
3229 4318 3395 4378 audi
3423 4338 3541 4389 me,
3572 4326 3631 4377 et
3658 4319 3915 4377 attende
4040 4329 4110 4384 24

828 4415 1010 4495 Lyra.
1056 4415 1185 4496 Ego
1224 4423 1431 4480 autem
1477 4418 1675 4498 magis
1716 4420 1926 4493 credo,
1962 4438 2315 4483 sermonem
2430 4420 2617 4479 verba
2646 4420 2778 4477 oris
2814 4417 2963 4477 mei.
2989 4418 3088 4479 Ne
3115 4417 3529 4476 abstrahatur
3560 4416 3629 4476 in
3673 4416 3801 4475 viis
3844 4416 3916 4475 il·
4048 4427 4117 4481 25

829 4512 1205 4577 Hebraicum
1242 4535 1380 4579 csse
1418 4516 1817 4597 aequivocum
1857 4518 1936 4579 ad
1975 4526 2319 4600 utrumque
2428 4519 2558 4578 lius
2611 4536 2788 4578 mens
2836 4524 2975 4585 tua,
3022 4534 3225 4594 neque
3267 4514 3618 4589 decipiaris
3662 4514 3907 4573 semitis

831 4610 1120 4689 istorum,
1145 4621 1206 4675 et
1235 4612 1323 4675 ita
1351 4614 1690 4677 translator
1721 4622 1936 4678 noster
1967 4616 2313 4693 transtulit,
2424 4616 2565 4693 ejus
2594 4636 2617 4676 .·
2650 4614 2713 4676 id
2753 4621 2869 4689 est,
2904 4630 3013 4675 cor
3050 4620 3227 4673 tuum
3266 4628 3667 4693 nequaquam
3706 4629 3742 4672 a
3780 4610 3904 4673 Deo

831 4709 996 4772 sicut
1046 4710 1112 4772 in
1165 4710 1424 4775 Hebroeo
1483 4711 1772 4774 habetur.
1823 4712 2187 4794 Saepissime
2228 4723 2319 4777 et·
2428 4714 2699 4787 recedat,
2733 4710 3217 4792 acquiescendo,
3251 4728 3446 4792 seque
3491 4708 3907 4771 immiscendo

830 4808 1003 4871 enim
1045 4808 1134 4871 ait
1160 4809 1338 4891 Lyra,
1373 4809 1559 4873 aliter
1601 4810 1665 4872 in
1711 4810 1992 4889 Hebraeo,
2025 4831 2220 4893 quam
2252 4812 2316 4875 in
2426 4808 2967 4893 concupiscentiis
3010 4828 3083 4871 ac
3128 4807 3433 4891 operibus
3479 4806 3623 4869 talis
3668 4806 3914 4869 adulte—

829 4916 1045 4970 nostra
1091 4909 1506 4972 translatione
1551 4908 1796 4971 haberi.
1847 4909 1924 4972 Et
1981 4919 2192 4973 tamen
2241 4930 2317 4974 ex
2428 4913 2790 4973 rae.Mulcos
2818 4909 2993 4969 enim
3022 4911 3390 4967 vulneratos
3412 4904 3675 4969 vulnere
3704 4902 3911 4986 iniqui
4036 4916 4105 4969 26

827 5005 1038 5070 verbis
1068 5006 1134 5069 B.
1169 5005 1553 5090 Hieronymi,
1591 5006 1805 5069 fratris
1844 5008 2221 5090 Raymundi‚
2255 5018 2318 5072 et

820 5104 1022 5180 Pauli,
1064 5105 1420 5168 certissime
1462 5113 1710 5169 constat
1750 5106 1924 5187 quod
1968 5106 2161 5170 verba
2210 5107 2317 5171 illa

825 5201 1128 5265 Hebraica
1158 5213 1307 5266 sunt
1335 5203 1680 5285 aequivoca,
1701 5212 1764 5267 et
1792 5204 2213 5287 Hieronymus
2244 5226 2319 5270 ea

825 5300 1004 5381 juxta
1033 5320 1210 5363 suam
1239 5302 1550 5386 aptiorem
1582 5301 2080 5381 significantiam
2114 5312 2317 5368 trans-

2426 5026 2774 5072 consensus
2815 5015 2879 5070 et-
2920 5004 3475 5087 concupiscentiae,
3514 5006 3767 5082 dejecit,
3798 5011 3917 5066 tra·

2426 5108 2636 5170 hendo
2666 5106 2732 5168 in
2764 5125 2924 5188 opus
2956 5102 3297 5179 nefarium,
3315 5113 3375 5163 et
3404 5104 3751 5180 fortissimi
3774 5105 3941 5183 qui-.

2426 5224 2598 5285 que:
2628 5204 2739 5286 qui
2788 5201 3121 5268 fortissimi
3164 5210 3345 5265 erant
3379 5218 3645 5283 corpore
3686 5209 3750 5264 et
3786 5201 3919 5263 ani·

2428 5324 2553 5381 ma,
2594 5304 2713 5366 hoc
2751 5312 2849 5366 est
2884 5302 3087 5365 sancti
3132 5308 3195 5363 et
3236 5299 3578 5383 sapienteS,
3602 5319 3678 5364 ac
3716 5300 3913 5365 validi
