4284 6267
856 484 975 549 234

1584 505 1934 554 mumulo
1974 505 2039 552 m
2081 504 2220 553 cAP.
2267 508 2328 552 tv
2369 505 2805 555 EchESIASTAE.
2849 526 2930 537 --
2970 508 3112 555 Am.
3159 510 3220 555 tv

850 675 1228 757 voluptateS,
1282 697 1391 741 seu
1439 678 1715 742 honores
1764 677 2145 759 pertingere,
2198 679 2342 739 am’-
2367 676 2418 739 A
2447 683 2543 739 est
2571 696 2716 740 cum
2749 677 2966 743 labore
2995 680 3290 754 sollicito,
3326 689 3388 743 et
3418 679 3732 743 laboriosa
3761 697 3943 743 occu-

850 778 1171 836 madverti
1191 788 1413 856 patere
1445 780 1511 837 in
1523 779 1717 838 vidioe
1737 779 2032 854 proximi
2060 798 2082 836 .·
2112 776 2178 838 id
2219 785 2337 853 est,

850 873 1243 939 consideravi
1294 876 1461 957 quod
1514 876 1899 938 industriose
1955 884 2213 955 agentes
2261 877 2343 938 ad

849 972 1263 1035 obtinendum
1299 994 1599 1057 prospera
1632 974 1877 1050 mundi,
1912 974 2182 1056 expositi
2215 975 2344 1037 sint

850 1090 1293 1151 perversorum
1327 1074 1598 1151 rancori,
1636 1082 1697 1136 et
1731 1074 2005 1136 invidias
2034 1082 2225 1155 atque
2257 1075 2345 1135 in-

849 1171 1043 1233 sidias
1077 1172 1397 1253 patiantur
1432 1191 1443 1233 :
1480 1173 1633 1254 quia
1664 1172 1903 1235 invidia
1929 1181 2023 1235 est
2053 1174 2233 1237 dolor
2264 1174 2342 1236 dc

849 1269 1269 1352 prosperitate
1298 1270 1581 1333 alteriuS.
1616 1270 1776 1332 Hinc
1808 1270 1941 1333 sola
1972 1270 2227 1333 miseria
2257 1272 2343 1333 di-

848 1368 1015 1431 citur
1042 1388 1257 1431 carere
1298 1368 1561 1433 invidia.
1594 1369 1717 1431 Nec
1758 1368 1875 1432 soli
1920 1369 2093 1445 mali,
2131 1370 2239 1432 sed
2281 1379 2343 1433 ct

847 1466 997 1529 boni
1033 1475 1251 1548 patent
1282 1467 1540 1530 invidiae
1570 1468 2027 1549 proximorum.
2061 1469 2206 1531 Ideo
2239 1468 2344 1531 Se-

848 1585 1005 1628 neca
1046 1565 1251 1631 dixit:
1288 1566 1576 1629 Nondum
1626 1565 1777 1629 felix
1820 1586 1908 1643 cS‚
1952 1566 2005 1627 si
2057 1568 2339 1630 nondum

846 1674 908 1727 te
940 1665 1123 1727 turba
1154 1664 1397 1728 deridet
1431 1683 1443 1726 :
1479 1684 1624 1728 nam
1654 1667 1771 1729 etsi
1804 1666 2014 1729 nullos
2044 1666 2340 1729 inimicos

847 1762 961 1825 tibi
1010 1762 1201 1825 faciat
1238 1763 1494 1842 injuria,
1529 1764 1763 1827 multos
1803 1772 2010 1827 tamen
2053 1763 2206 1827 facit
2247 1764 2342 1826 in-

2452 775 2730 858 patione,
2772 797 2844 840 ac
2889 798 3042 841 cura
3085 798 3201 861 pro
3239 779 3606 843 obtinendis
3649 778 3715 839 in
3757 776 3942 861 copia

2449 875 2646 938 victui
2679 878 3078 940 necessariis.
3097 878 3223 941 Hoc
3253 879 3440 941 modo
3468 884 3724 940 excusat
3755 895 3820 938 se
3847 875 3944 957 pi-

2449 993 2561 1055 ger
2590 995 2661 1039 ac
2694 975 3112 1055 negligenS‚et
3141 976 3335 1039 verba
3366 995 3507 1058 quae
3536 975 3600 1037 in
3633 995 3701 1037 se
3728 994 3940 1038 veram

2453 1081 2720 1155 possunt
2752 1074 2984 1137 habere
3016 1074 3718 1156 sententiam‚applicat
3741 1072 3946 1135 abusi-

2453 1192 2530 1236 ve
2571 1173 2647 1235 ad
2700 1175 3128 1236 excusandum
3171 1192 3348 1239 suam
3403 1172 3743 1253 ignaviam.
3784 1172 3943 1234 Vere

2453 1270 2689 1334 etenim
2749 1271 2974 1334 melior
3027 1279 3124 1333 est
3183 1270 3460 1353 pugillus
3521 1288 3666 1334 cum
3725 1269 3943 1351 requie

2453 1369 2794 1451 spirituali,
2829 1378 2889 1433 et
2921 1370 3154 1433 mentis
3197 1369 3658 1451 tranquillitate
3697 1368 3944 1450 inquie-

2452 1468 2672 1532 tudine
2722 1469 3022 1531 vitiorum
3076 1478 3350 1545 carente,
3395 1487 3584 1549 quam
3632 1476 3945 1549 tempora-—

2452 1567 2606 1630 lium
2666 1568 3101 1650 superfluum,
3154 1588 3298 1632 cum
3355 1568 3582 1630 timore
3637 1566 3942 1649 perdendi

2451 1666 2595 1742 hoc,
2641 1674 2704 1728 et
2751 1666 2934 1728 anxia
2983 1685 3154 1743 cura,
3206 1665 3738 1748 quemadmodum
3788 1664 3944 1727 scri-

2450 1776 2626 1848 ptum
2659 1776 2753 1830 est
2780 1786 2792 1831 :
2817 1766 3036 1829 Melius
3067 1775 3163 1829 est
3191 1766 3508 1830 modicum
3537 1766 3730 1847 justo,
3749 1784 3943 1846 super

846 1863 1043 1925 vidia.
1077 1862 1361 1945 Denique
1392 1863 1820 1944 periculosum
1854 1872 1947 1925 est
1980 1862 2339 1926 invidentes
2378 1863 2422 1923 B
2449 1865 2704 1929 divitias
2747 1874 3150 1947 peccatorum
3191 1864 3448 1927 multas.

849 1961 1083 2025 habere
1139 1980 1152 2023 :
1204 1962 1357 2043 quia
1403 1963 1503 2043 (ut
1550 1962 1916 2025 Aristoteles
1965 1961 2341 2042 Tulliusque

849 2060 1158 2141 fatentur)
1204 2060 1371 2123 sicut
1420 2060 1511 2121 ira
1559 2060 1789 2141 quaerit
1828 2068 2045 2142 aperte
2086 2078 2337 2132 nocere,

848 2160 935 2221 ita
966 2159 1207 2222 invidia
1237 2158 1505 2221 occulte.
1538 2157 1697 2221 Hinc
1730 2159 1939 2221 denuo
1980 2158 2218 2221 Seneca
2256 2158 2343 2221 lo-

848 2258 1068 2339 quitur
1103 2273 1117 2318 :
1150 2256 1415 2320 Maximo
1446 2256 1731 2338 periculo
1761 2256 2135 2332 custoditur,
2173 2256 2343 2337 quod

851 2355 1071 2417 multis
1113 2354 1338 2436 placet.
1375 2358 1458 2416 Ec
1488 2357 1559 2415 in
1591 2357 1705 2415 hoc
1732 2375 1879 2431 erqo
1910 2356 2195 2425 vanitas,
2226 2354 2346 2417 sci-

850 2455 1000 2517 licet
1039 2453 1105 2515 in
1146 2452 1499 2516 invidentia
1540 2451 1675 2527 tali,
1718 2462 1777 2513 et
1815 2474 1973 2513 cura
2012 2457 2344 2531 superflua

845 2564 956 2616 est.
995 2553 1196 2616 {nvidi
1228 2570 1504 2633 namque
1532 2550 1805 2615 sollicite
1845 2560 2158 2632 quaerunt,
2193 2571 2348 2633 qua-

849 2654 994 2716 liter
1024 2651 1185 2714 alios
1213 2671 1327 2713 sua
1358 2651 1610 2733 privent
1648 2650 2067 2732 prosperitate
2096 2670 2169 2713 ac
2209 2670 2347 2733 gra-

850 2754 938 2815 tia
972 2770 987 2813 :
1020 2751 1192 2833 quod
1232 2748 1636 2832 superfluum
1664 2756 1781 2825 est,
1818 2748 2252 2811 miserrimum
2283 2759 2346 2813 et

850 2850 1164 2931 iniquum.
1211 2847 1517 2922 Quocirca
1560 2846 1781 2909 scribit
1830 2845 2098 2909 Albinus
2134 2864 2148 2909 :
2184 2846 2343 2921 Quid

847 2948 1076 3013 vanius
1106 2965 1297 3028 quam
1338 2946 1631 3009 homines
1671 2946 1959 3027 proprias
1992 2964 2119 3009 non
2150 2944 2346 3009 defle-

2533 1962 2986 2033 Consideram,
3017 1966 3226 2042 reperi
3261 1974 3321 2023 ec
3349 1965 3556 2023 allam
3585 1965 3938 2024 vanitatem

2444 2066 2560 2125 sub
2587 2068 2734 2123 sole.
2781 2066 2961 2125 Unus
2987 2073 3102 2135 est,
3123 2062 3185 2125 id
3217 2070 3310 2125 est
3340 2062 3574 2143 aliquis
3602 2060 3793 2124 homo
3819 2062 3946 2123 sin-

2448 2161 2711 2245 gulariS,
2744 2172 2802 2222 et
2829 2164 3184 2222 secundum
3213 2182 3342 2222 non
3372 2164 3584 2230 habet,
3613 2160 3680 2222 id
3717 2167 3812 2223 est
3838 2178 3947 2222 co-

2447 2261 2871 2323 habitatorem
2902 2260 3334 2341 propinquum
3374 2267 3483 2321 aut
3515 2258 3778 2331 socium,
3811 2278 3946 2318 non

2448 2363 2692 2441 filium,
2725 2380 2856 2419 non
2886 2360 3190 2436 fratrem,
3223 2358 3285 2419 id
3318 2366 3412 2420 est
3454 2354 3704 2419 nullum
3733 2357 3832 2419 cui
3863 2356 3950 2419 de

2449 2459 2592 2541 jure
2634 2464 2952 2538 competat
2992 2456 3050 2517 ci
3092 2456 3157 2517 in
3190 2455 3538 2518 hereditate
3576 2454 3946 2533 succede-re3

2452 2569 2510 2619 et
2563 2568 2770 2617 tamen
2819 2557 3109 2615 laborare
3159 2574 3287 2617 non
3341 2563 3536 2615 cessat
3592 2571 3706 2634 pro
3757 2552 3949 2615 rebus

2451 2654 2722 2718 terrenis
2751 2652 3080 2733 augendiS‚
3116 2671 3314 2734 quum
3355 2650 3580 2714 habeat
3615 2652 3802 2730 satis3
3831 2672 3952 2711 nec

2449 2757 2782 2816 satiantur
2808 2753 2982 2811 oculi
3000 2752 3140 2827 ejus
3156 2752 3414 2811 divitiis
3429 2771 3452 2810 .·
3467 2749 3621 2832 quia
3649 2767 3778 2831 quo
3805 2748 3951 2831 plu·-

2453 2871 2520 2913 ra
2550 2850 2845 2932 acquirit,
2880 2848 3024 2929 plus
3052 2848 3315 2930 appetit.
3339 2849 3611 2911 Pecunia
3641 2848 3814 2910 enim
3843 2866 3950 2929 ap-

2452 2949 2720 3033 petitum
2763 2966 2890 3011 non
2934 2946 3138 3021 satiat,
3183 2947 3293 3009 sed
3338 2948 3566 3010 irritat.
3613 2949 3744 3009 Nec
3781 2966 3950 3006 reco-

848 3066 917 3110 rc
946 3046 1389 3122 miseriaS‚nec
1421 3064 1536 3107 sua
1564 3044 1779 3124 lugere
1812 3052 2162 3126 peccata‚et
2186 3045 2344 3107 alios
2379 3049 2422 3111 C
2444 3051 2641 3127 yicat,
2675 3050 2881 3107 dicens
2912 3067 2934 3106 .·
2975 3047 3096 3105 Cui
3131 3048 3392 3106 laboro?
3431 3045 3492 3108 id
3524 3053 3640 3121 est,
3674 3064 3788 3107 cur
3817 3054 3944 3106 tam

845 3146 1153 3229 judicare,
1187 3143 1477 3206 oblivisci
1514 3162 1580 3206 se
1611 3143 1806 3224 ipsoS,
1844 3141 2216 3206 melioribus
2249 3142 2345 3205 in-

849 3244 1090 3321 videre,
1151 3252 1214 3305 et
1271 3242 1539 3304 aliorum
1601 3240 1954 3305 benefactis
2016 3243 2344 3323 torqueri?

848 3344 991 3407 Ideo
1041 3361 1259 3403 rursus
1310 3340 1549 3403 Seneca
1595 3338 1749 3402 dicit
1790 3358 1803 3401 :
1841 3339 2091 3402 Utinam
2144 3340 2344 3403 invidi

848 3441 1069 3505 oculos
1110 3438 1418 3501 haberent
1456 3438 1521 3501 in
1561 3438 1929 3501 civitatibus
1969 3439 2239 3511 cunctiS‚
2275 3447 2344 3501 ut

847 3541 926 3603 dc
954 3538 1238 3601 omnium
1274 3536 1801 3619 prosperitatibus
1832 3546 1893 3598 ct
1928 3535 2344 3599 felicitatibus

850 3645 1316 3719 torquerentur.
1367 3636 1521 3697 Nam
1568 3643 1807 3715 quanta
1857 3634 2141 3698 felicium
2193 3653 2345 3714 gau-

848 3738 974 3813 dia,
1024 3735 1179 3798 tanti
1226 3735 1499 3816 gemitus
1546 3733 1931 3797 invidorum.
1983 3735 2066 3796 Dc
2112 3733 2344 3796 talibus

846 3837 933 3898 ait
965 3835 1303 3914 Gregorius
1338 3852 1351 3895 ε
1389 3834 1547 3895 Dum
1579 3832 1762 3894 electi
1796 3840 1857 3894 et
1888 3833 2157 3897 virtuosi
2189 3852 2344 3914 prae-

848 3934 1177 4007 ficiuntur,
1212 3929 1468 4013 reprobi
1499 3939 1561 3993 et
1592 3930 1795 4011 iniqui
1828 3930 1909 3991 ad
1941 3931 2223 3993 furorem
2254 3938 2345 3993 at—

848 4053 973 4116 que
1012 4032 1319 4095 invidiam
1353 4030 1707 4093 excitantur
1743 4048 1756 4091 :
1793 4030 1941 4111 quia
1983 4030 2134 4093 boni
2179 4030 2344 4092 mala

850 4130 1197 4207 nascentia,
1247 4148 1391 4212 quae
1448 4128 1683 4191 imitari
1744 4136 2075 4211 respuunt,
2133 4148 2344 4211 perse-

852 4238 1157 4313 quuntur.

930 4331 1183 4390 Stultus
1231 4328 1570 4404 complicat
1618 4346 1847 4386 manus
1894 4346 2071 4395 suaa,
2110 4324 2175 4386 id
2223 4333 2340 4401 est,

853 4426 1042 4489 simul
1077 4426 1269 4507 plicat
1297 4444 1401 4487 eas
1434 4444 1471 4486 a
1502 4423 1823 4487 laboribus
1855 4423 2260 4499 abstinendo,
2286 4432 2345 4482 ec

850 4526 1120 4586 comedit
1147 4545 1368 4585 carnes
1393 4544 1563 4593 suasu
1595 4522 1661 4584 id
1690 4530 1806 4599 est,
1844 4541 1911 4584 se
1950 4522 2162 4603 ipsum
2197 4539 2346 4584 con·-

850 4623 1047 4685 sumit
1092 4622 1309 4704 inopia
1346 4640 1419 4685 ac
1459 4620 1846 4697 macilentia,
1883 4620 2034 4701 quia
2078 4639 2196 4702 pro
2238 4639 2343 4682 ne-

848 4722 1135 4784 cessariis
1164 4719 1402 4800 refugit
1432 4719 1722 4782 laborare.
1738 4717 2063 4800 Spirituali
2094 4736 2348 4799 quoque

850 4827 1125 4900 egestate
1169 4817 1457 4894 tabescit,
1496 4816 1647 4898 quia
1690 4815 1995 4879 virtutum
2046 4816 2348 4897 operibus

853 4918 1063 4980 renuit
1096 4916 1412 4979 insudare.
1446 4917 1676 4976 Dicens
1707 4914 1997 4975 sMelior
2024 4924 2113 4975 est
2133 4917 2349 4993 φαρέϊ-

856 5020 975 5084 lus,
1008 5014 1071 5077 id
1107 5022 1202 5077 est
1240 5012 1559 5077 modicum
1602 5012 1779 5093 quid,
1813 5033 1961 5073 cum
2000 5016 2242 5091 requie,
2284 5012 2349 5074 id

853 5122 950 5177 est
1004 5112 1318 5195 corporali
1379 5110 1843 5193 repausatione,
1905 5131 2103 5190 quam
2153 5115 2352 5190 plena

854 5225 1132 5294 ucraque
1162 5233 1414 5279 manus,
1447 5210 1512 5273 id
1549 5218 1647 5272 est
1686 5210 1959 5271 multum
2004 5228 2113 5272 seu
2154 5209 2354 5272 abun-

855 5310 1095 5389 dantia,
1126 5332 1273 5373 cum
1306 5310 1515 5371 labore
1552 5318 1612 5370 et
1640 5309 1985 5385 afflictione
2016 5309 2253 5380 animi,
2286 5306 2353 5369 id

2453 3145 2782 3228 superflue
2813 3164 2916 3207 me
2948 3143 3167 3223 fatigo,
3204 3144 3314 3225 qui
3351 3144 3646 3207 heredem
3689 3162 3814 3207 non
3846 3144 3950 3205 ha-

2454 3247 2609 3309 beo?
2657 3254 2714 3304 et
2762 3246 3007 3322 fraudo
3053 3246 3350 3304 animam
3398 3264 3602 3303 meam
3652 3244 3850 3311 bonis,
3883 3242 3947 3303 id

2451 3352 2568 3421 est,
2617 3360 2718 3405 me
2768 3343 3000 3423 ipsum,
3054 3360 3167 3403 seu
3213 3342 3406 3404 vitam
3457 3358 3661 3403 meam
3712 3339 3951 3404 anima-

2454 3442 2602 3518 lem,
2625 3440 2806 3523 privo
2837 3439 3220 3521 competenti
3253 3458 3373 3501 usu
3403 3456 3596 3520 opum
3627 3441 3948 3501 mearqu

2453 3546 2535 3603 In
2582 3544 2696 3601 lzoc
2743 3559 2991 3619 quoque
3037 3548 3126 3598 est
3173 3540 3453 3609 vam'caS,
3498 3536 3559 3599 id
3609 3545 3707 3599 est
3753 3536 3946 3599 stulta

2452 3638 2770 3720 cupiditas
2809 3645 2872 3699 et
2910 3656 3098 3699 avara
3138 3636 3402 3708 tenacia,
3436 3646 3495 3695 ee
3525 3638 3787 3713 afflictio
3812 3655 3948 3713 pes-

2451 3740 2618 3798 sima
2650 3758 2672 3796 .·
2702 3736 2856 3818 quia
2886 3754 2984 3797 res
3017 3735 3132 3797 ista
3161 3735 3444 3797 continet
3474 3734 3710 3797 malum
3741 3734 3946 3815 culpae

2452 3854 2524 3899 ac
2566 3853 2792 3916 poenae.
2834 3835 2978 3897 ldeo
3016 3833 3219 3895 fertur
3257 3832 3324 3895 in
3363 3832 3607 3895 Psalmo
3641 3850 3656 3893 ε
3690 3832 3948 3895 Verum-

2454 3943 2665 3997 tamen
2698 3933 2764 3994 in
2804 3932 3080 4011 imagine
3117 3929 3462 4013 pertransit
3498 3931 3710 4007 homo,
3745 3930 3850 3993 sed
3881 3938 3948 3993 et

2455 4033 2692 4094 frustra
2728 4030 3164 4093 conturbatur.
3207 4028 3634 4105 Thesaurizat,
3667 4038 3725 4091 et
3770 4029 3946 4109 igno-

2453 4140 2548 4192 rat
2579 4129 2680 4193 cui
2714 4128 3122 4209 congregabit
3151 4147 3245 4191 ea.
3281 4126 3830 4209 Talibustacobus
3861 4127 3948 4189 lo—

2454 4327 2836 4389 vestimenta
2882 4332 3092 4388 vestra
3134 4344 3170 4385 a
3214 4324 3406 4387 tineis
3453 4332 3734 4387 comesta
3772 4331 3940 4385 sunt.

2454 4427 2690 4488 Aurum
2736 4432 2800 4487 et
2841 4431 3169 4503 argentum
3213 4430 3492 4485 vestrum
3535 4422 3944 4502 aeruginavit3

2453 4531 2517 4588 et
2547 4540 2757 4603 aerugo
2786 4540 3001 4585 eorum
3033 4521 3098 4583 in
3133 4521 3562 4584 testimonium
3590 4521 3773 4584 vobis
3802 4520 3945 4599 erit,

2455 4631 2518 4685 et
2550 4618 2958 4683 manducabit
3000 4638 3220 4683 carnes
3266 4628 3505 4683 vestras
3549 4620 3713 4683 sicut
3755 4619 3942 4700 ignis.

2451 4724 2454 4729 ’
2535 4721 2775 4781 Melius
2818 4728 2908 4779 est
2951 4739 3099 4795 erqo
3144 4722 3306 4779 duos
3339 4739 3466 4779 esse
3509 4722 3710 4779 simul
3753 4740 3945 4799 quam

2457 4838 2691 4889 unum,
2724 4816 2786 4878 id
2833 4824 2929 4879 est
2967 4816 3189 4879 utilius
3219 4825 3284 4879 et
3321 4816 3525 4898 magis
3569 4816 3942 4893 humanum,

2459 4934 2681 4998 quum,
2708 4923 2867 4978 teste
2909 4914 3317 4997 Philosopho‚
3342 4915 3534 4978 homo
3581 4914 3952 4977 naturaliter

2459 5014 2542 5075 sit
2597 5012 2833 5075 animal
2891 5012 3226 5095 politicum
3283 5022 3346 5077 et
3401 5013 3665 5092 sociale3
3719 5008 3952 5073 habent

2459 5114 2635 5172 enim
2683 5115 3209 5180 emolumentum,
3257 5113 3318 5175 id
3369 5121 3464 5175 est
3512 5120 3804 5174 mutuum
3853 5111 3949 5174 lu-

2461 5229 2640 5274 crum
2699 5218 2764 5273 et
2819 5212 3248 5285 commodum,
3299 5212 3615 5273 societatis
3667 5231 3820 5273 suoe.
3873 5212 3954 5273 Si

2463 5329 2634 5371 unus
2675 5310 2974 5370 ceciderit
3026 5308 3090 5371 in
3141 5308 3422 5390 aliquam
3479 5309 3948 5385 adversitatem,

3975 1852 4047 1892 ¹5.

4097 1968 4132 2021 ..ι

3991 3854 4056 3897 Ρε
4059 3865 4224 3895 ========

3977 3920 4019 3959 7.

2375 4232 2424 4293 D
2454 4227 2674 4309 quitur
2707 4246 2720 4289 :
2757 4224 3001 4290 Divitiae
3031 4234 3256 4291 vestrae
3285 4224 3850 4308 putrefactae'sunt,
3883 4233 3949 4287 et
4019 4245 4166 4290 Jacob.
4189 4258 4221 4291 s,

3977 4312 4020 4360 2,
4043 4312 4082 4351 3.

4074 5222 4136 5277 to
