4284 6267
1067 542 1422 591 ENARRA'HO
1465 544 1528 590 m
1570 543 1709 591 CAP.
1755 544 1798 589 11
1841 543 2080 591 CANTICI
2123 544 2525 593 CANTICORUM.
2573 568 2653 577 -
2694 548 2834 593 ART.
2872 549 2957 593 vn

3439 526 3549 593 341

443 712 811 793 sapientias,
843 722 906 779 et
943 714 1440 795 theologicarum
1484 714 1814 791 virtutum,
1849 712 2040 795 pel-A
2161 718 2419 793 Adjuro
2480 738 2606 788 υοε,
2666 720 2825 795 filice
2878 721 3256 788 Jerusalem,
3313 717 3379 780 id
3436 726 3552 793 est,

443 828 614 889 quas
649 812 1016 876 immediate
1057 814 1225 876 circa
1258 814 1454 875 Deum
1497 821 1804 877 versatur.
1841 812 1960 873 Ma-

442 909 510 970 la
545 928 696 973 vero
735 930 848 974 seu
880 930 1070 995 poma
1110 912 1200 973 sic
1241 912 1590 988 nominata,
1625 919 1772 973 sunt
1811 930 1958 991 ope-

441 1027 523 1069 ra
577 1011 892 1073 exteriora
941 1011 1050 1093 pia
1097 1030 1169 1072 ac
1217 1010 1521 1073 virtuosa.
1566 1010 1725 1071 Petit
1763 1009 1959 1088 igitur

441 1106 668 1168 anima
700 1108 965 1171 caritate
997 1110 1437 1189 languescenS,
1473 1106 1744 1171 floribus
1780 1106 1958 1169 fulci-

444 1204 528 1281 ri,
578 1206 641 1267 id
693 1216 812 1283 est,
861 1207 1254 1270 incremento
1296 1206 1530 1269 divinae
1571 1207 1956 1287 cognitionis

444 1303 727 1366 interius
757 1304 1009 1387 persici,
1046 1323 1308 1367 summae
1340 1304 1642 1368 bonitatis
1673 1304 1958 1367 dilectio-

445 1422 534 1465 ne
581 1403 852 1466 calidius
903 1403 1318 1481 inflammari,
1371 1403 1438 1466 in
1487 1403 1956 1485 exspectatione

441 1500 815 1565 futurorum
882 1502 1198 1566 bonorum
1267 1521 1382 1584 per
1449 1502 1954 1583 praelibationem

443 1619 710 1665 suavem
765 1600 1129 1677 exhilarari,
1184 1602 1249 1663 in
1297 1600 1649 1663 rationibus
1697 1601 1956 1664 creden-

442 1701 682 1763 dorum
734 1699 1335 1781 illuminationeque
1396 1699 1550 1762 fidei
1603 1718 1883 1762 crescere
1935 1718 1948 1761 ε

443 1807 768 1881 quatenus
817 1798 1016 1860 tantis
1062 1818 1134 1861 ac
1185 1797 1418 1860 talibus
1468 1798 1761 1860 roborata
1808 1798 1954 1860 cha-

2068 830 2105 874 o
2152 814 2379 876 animae
2423 816 2672 896 pusillae
2714 817 3111 879 subditorum
3156 836 3227 879 ac
3276 835 3559 880 commu-

2068 911 2307 987 nitatis,
2338 934 2455 989 per
2501 934 2764 991 capreas
2810 936 3142 994 cervosque
3184 935 3557 992 camporum

2063 1012 2271 1092 (juxta
2302 1012 2759 1092 expositionem
2799 1012 3169 1092 inductam),
3204 1034 3283 1074 ne
3308 1015 3560 1074 suscite-

2067 1112 2149 1169 tis
2180 1130 2380 1189 neque
2407 1112 2719 1188 evz'qilare
2745 1113 3008 1188 faciatis
3036 1113 3357 1181 dilectam,
3378 1130 3561 1193 spon-

2065 1227 2199 1270 sam
2245 1226 2451 1270 meam
2496 1208 2966 1289 particularem,
3014 1228 3051 1271 a
3094 1228 3223 1271 suae
3278 1218 3559 1272 contem-

2065 1305 2367 1388 plationis
2413 1308 2650 1388 quiete,
2698 1311 3111 1387 quoadusque
3151 1310 3293 1385 ipsa
3336 1310 3490 1367 velit
3535 1330 3558 1368 .·

2065 1423 2208 1486 quae
2265 1404 2484 1486 utique
2543 1404 2856 1487 permittit
2916 1406 3033 1469 hoc
3082 1404 3224 1467 fieri
3276 1423 3556 1486 congruo

2066 1511 2372 1583 tempore,
2426 1512 2685 1586 propter
2732 1502 3077 1566 fraternam
3127 1504 3418 1581 salutem,
3451 1510 3560 1567 aut

2067 1603 2209 1667 vitae
2240 1602 2429 1684 hujus
2461 1603 2912 1685 provisionem.
2940 1603 3278 1667 Innotescit
3309 1624 3384 1667 ex
3412 1605 3553 1681 hoc,

2064 1720 2257 1783 quam
2296 1701 2721 1782 periculosum
2763 1722 2835 1764 ac
2880 1702 3239 1783 improbum
3288 1704 3391 1779 sit,
3424 1703 3558 1765 ani-

2064 1819 2231 1862 mam
2266 1800 2789 1881 contemplationi
2823 1800 3127 1863 intentam
3175 1801 3551 1882 inquietare.

446 1897 848 1973 rismatibuS,
913 1904 1106 1977 queat
1171 1898 1536 1958 diuturnius
1596 1895 1664 1956 in
1731 1896 1949 1978 sponsi
1989 1899 2035 1963 B
2065 1898 2125 1961 Si
2174 1898 2346 1961 enim
2393 1917 2642 1978 magnae
2684 1908 2848 1962 esset
2879 1899 3327 1981 improbitatiS,
3376 1898 3559 1962 fami-

445 1996 854 2077 amplexibus
887 1995 1222 2067 demorari,
1254 2014 1371 2057 nec
1401 2012 1577 2056 more
1606 1994 1806 2071 solim,
1841 1995 1952 2057 hu-

443 2114 640 2157 mana
689 2094 1035 2174 fragilitate
1085 2093 1492 2174 naturalique
1537 2093 1951 2156 instabilitate

445 2194 810 2256 retrahatur
852 2212 926 2256 ac
971 2192 1220 2255 labatur
1260 2193 1579 2256 deorsum.
1625 2191 1946 2273 Siquidem

119 2317 274 2360 Beer.
301 2330 414 2366 xm,
446 2293 770 2373 optimum
812 2298 910 2353 est
948 2291 1184 2354 talibus
1228 2290 1450 2373 gratiis
1498 2290 1769 2352 stabiliri
1808 2310 1947 2370 cor3

137 2444 218 2485 Pa.
240 2456 414 2491 mvn,

101 2509 146 2547 5.

446 2396 516 2451 et
557 2388 748 2470 plane
790 2388 1012 2451 beatus
1056 2389 1176 2465 vir,
1225 2388 1336 2469 qui
1384 2387 1674 2470 implevit
1711 2388 1952 2450 deside-

447 2488 618 2550 rium
665 2507 852 2550 suum
898 2506 974 2551 ex
1017 2487 1199 2570 ipsis,
1247 2487 1388 2549 Haec
1431 2486 1627 2567 igitur
1672 2486 1951 2568 postulat

443 2588 660 2649 anima
725 2587 995 2665 radiosa,
1048 2586 1351 2668 quoniam
1406 2585 1665 2665 languet
1709 2604 1944 2660 amore,

445 2686 590 2749 ideo
635 2686 768 2769 pati
811 2705 939 2749 non
980 2686 1150 2749 valet
1187 2684 1649 2767 separationem
1690 2704 1727 2747 a
1767 2703 1952 2766 spon-

441 2804 552 2864 so;
587 2786 701 2848 sed
733 2793 1046 2866 quantum
1087 2784 1232 2847 fieri
1265 2791 1494 2866 potest,
1540 2781 1782 2864 appetit
1821 2790 1946 2844 tam

441 2882 934 2965 incomparabili
993 2902 1066 2945 ae
1125 2879 1724 2965 supernobilissimo
1783 2880 1950 2943 bono

439 2980 764 3043 stabiliter
803 2989 996 3063 atque
1038 2981 1296 3043 assidue
1341 2978 1471 3041 frui
1509 2996 1522 3040 :
1567 2996 1710 3059 quae
1750 2997 1945 3059 quum

2064 1996 2304 2059 liariter
2346 1996 2711 2077 loquentem
2752 2016 2895 2059 cum
2940 2015 3085 2077 rege
3130 2005 3379 2060 terreno
3420 1997 3558 2061 sine

2061 2096 2227 2175 regis
2258 2113 2571 2159 consensu
2603 2095 2899 2171 avellere,
2934 2096 3293 2173 molestare,
3324 2104 3435 2159 aut
3460 2098 3561 2159 de-

2062 2195 2271 2258 ridere
2306 2212 2320 2257 :
2357 2203 2595 2277 quanto
2634 2195 3019 2277 culpabilius
3062 2204 3180 2272 est,
3232 2194 3556 2258 hominem

2059 2292 2485 2373 omnipotenti
2535 2292 2979 2355 universorum
3029 2293 3391 2375 imperatori
3446 2312 3560 2375 per

2057 2390 2679 2473 contemplationem,
2714 2400 2979 2473 raptum,
3016 2392 3389 2455 ecstasimve
3420 2410 3561 2455 con·

2058 2489 2373 2570 junctum,
2417 2489 2805 2567 abstrahere,
2842 2490 3233 2552 subsannare
3270 2498 3380 2551 aut
3415 2508 3561 2553 con-

2061 2588 2355 2651 turbare?
2384 2588 2539 2650 Nam
2570 2589 2688 2650 etsi
2721 2588 2842 2651 hoc
2873 2588 3203 2651 vitandum
3236 2606 3362 2651 non
3394 2596 3561 2652 esset

2059 2694 2320 2770 propter
2378 2686 2725 2763 hominem,
2777 2686 2989 2769 ipsum
3051 2695 3260 2749 tamen
3321 2688 3558 2751 intuitu

2060 2786 2194 2861 Dei,
2230 2794 2291 2848 et
2322 2792 2583 2868 propter
2612 2785 3035 2847 reverentiam
3067 2786 3207 2867 eJ'us
3236 2794 3403 2849 esset
3430 2804 3560 2850 om-

2059 2885 2214 2947 nino
2246 2884 2624 2947 cavendum.
2660 2883 2783 2945 Nec
2815 2883 2893 2945 de
2932 2884 3041 2945 tali
3075 2884 3333 2947 homine
3371 2904 3558 2967 expe-

2058 2983 2153 3046 dit
2184 2991 2419 3045 temere
2448 2981 2735 3062 judicare
2769 2998 2783 3043 :
2816 2980 2968 3062 quia
2997 2981 3117 3045 hoc
3146 2990 3312 3046 esset
3343 2984 3558 3048 incon-

439 3080 872 3144 desiderasset
909 3100 945 3141 a
986 3077 1441 3164 paranymphis
1485 3086 1676 3159 atque
1721 3077 1950 3140 sodali·
1983 3080 2028 3146 C
2059 3080 2341 3146 venienti
2374 3080 2819 3143 inconveniens
2850 3079 3085 3157 addere,
3112 3099 3185 3143 ac
3215 3080 3553 3144 discrimen

440 3179 566 3241 bus
617 3178 840 3260 sponsi
890 3178 1014 3241 sibi
1074 3176 1582 3240 ministerialiter
1638 3175 1944 3251 exhiberi,

439 3296 592 3341 mox
615 3298 653 3340 a
682 3295 918 3359 sponso
947 3285 1043 3340 est
1072 3275 1378 3349 exaudita,
1404 3275 1568 3338 sicut
1599 3274 1942 3355 subjungit.

527 3380 723 3439 Laeva
756 3377 898 3453 ejus
941 3378 1058 3435 sub
1098 3377 1307 3451 capite
1353 3394 1484 3433 meo
1517 3371 1630 3434 :id
1676 3381 1793 3449 est,
1844 3373 1949 3454 pia

440 3483 508 3538 et
549 3474 828 3553 gratiosa
870 3473 1152 3537 visitatio
1197 3492 1269 3535 ac
1312 3470 1661 3534 consolatio
1702 3470 1942 3551 sponsi,

441 3580 759 3635 sustentat
801 3590 874 3633 ac
919 3568 1162 3633 stabilit
1207 3568 1707 3632 imbecillitatem
1750 3587 1822 3630 ac
1860 3568 1948 3630 la-

440 3670 644 3733 bilem
695 3668 945 3732 fluxum
1005 3668 1238 3731 mentis
1297 3686 1475 3744 meae,
1529 3684 1608 3730 ne
1668 3667 1947 3748 pondere

437 3769 730 3852 corporis
759 3776 868 3830 aut
899 3766 1160 3849 propria
1187 3766 1273 3828 im
1285 3765 1668 3848 perfectione
1694 3766 1774 3828 ab
1804 3785 1946 3829 arce

436 3866 920 3949 contemplativi
961 3865 1234 3927 intuitus
1265 3873 1425 3926 ruat.
1463 3865 1546 3926 Et
1574 3867 1840 3925 deoetera
1871 3867 1947 3923 il-

439 3968 572 4027 lius
599 3965 1086 4043 ampleoeabitur
1115 3984 1236 4033 me,
1268 3963 1336 4024 in
1367 3961 1572 4043 patria
1600 3979 1613 4023 :
1650 3960 1816 4024 sicut.
1843 3982 1947 4025 ex-

438 4062 720 4146 positum
765 4070 861 4125 est
905 4061 972 4123 in
1023 4059 1406 4143 praecedenti
1448 4059 1736 4124 articulo.
1773 4060 1946 4123 Felix

435 4182 619 4226 mens
668 4180 812 4243 quae
861 4160 951 4223 sic
1006 4159 1070 4221 in
1118 4158 1353 4220 Christi
1405 4166 1656 4240 pectore
1701 4159 1946 4239 requie-

2058 3198 2309 3259 augere.
2357 3178 2807 3241 Verumtamen
2850 3179 3139 3241 subditus
3182 3179 3550 3242 exercitium

2057 3298 2188 3342 suae
2219 3277 2775 3360 contemplationis
2804 3297 2931 3341 non
2962 3276 3149 3340 debet
3178 3277 3557 3341 obedientias

2057 3376 2396 3453 anteferre,
2434 3395 2551 3438 nec
2579 3376 2825 3440 caritati
2867 3373 3140 3457 proximi
3171 3373 3236 3436 in
3277 3376 3417 3456 ejus
3450 3394 3555 3439 ne—

2056 3475 2350 3538 cessitate
2386 3492 2400 3536 :
2438 3474 2580 3537 ideo
2620 3474 2681 3537 ssi
2729 3494 2765 3536 a
2813 3474 3139 3556 superiore
3187 3474 3549 3553 suscitetur,

2055 3581 2165 3635 aut
2211 3592 2247 3635 a
2297 3572 2585 3654 proximo
2636 3571 2961 3651 indigente
3008 3580 3285 3651 rogetur,
3318 3570 3555 3635 obtem-

2056 3678 2233 3753 peret
2276 3677 2585 3751 quantum
2628 3669 2817 3733 valet.

2154 3768 2285 3826 Vooe
2331 3766 2553 3825 dilecti
2602 3766 2749 3834 mei,
2799 3771 2896 3825 est
2942 3764 3308 3826 commissio
3357 3783 3548 3845 quam

2056 3863 2296 3939 audivi,
2330 3880 2457 3943 qua
2488 3861 2807 3925 commisit
2840 3880 2919 3923 ne
2953 3862 3243 3937 susciter,
3276 3880 3351 3925 eo
3380 3864 3547 3943 quod

2057 3963 2193 4045 ipse
2223 3961 2428 4024 adhuc
2468 3959 2622 4024 velit
2661 3979 2763 4022 me
2801 3960 2934 4021 suis
2964 3959 3404 4023 mundissimis
3444 3979 3552 4043 ap-

2058 4062 2298 4144 plicare
2336 4058 2760 4141 amplexibuS,
2796 4057 3245 4140 praeveniendo
3284 4078 3387 4122 me
3419 4076 3555 4139 gra-

2056 4160 2217 4222 tiose
2254 4178 2327 4221 ac
2367 4177 2495 4240 prae
2540 4158 2727 4221 solito
2770 4158 3047 4239 copiose.
3082 4158 3235 4220 Nam
3274 4179 3407 4219 ecce
3437 4160 3553 4219 iste

439 4262 581 4337 scit,
626 4268 818 4341 atque
849 4254 1084 4321 aeterni'
1104 4256 1295 4320 Verbi
1327 4257 1726 4338 amplexibus
1759 4258 1943 4319 strin-
1976 4268 2026 4331 D
2054 4275 2327 4341 sponsus
2359 4259 2537 4318 venit
2563 4259 2803 4317 saliens
2834 4261 2905 4317 in
2938 4260 3283 4327 montibu&
3317 4260 3550 4317 transi-

438 4358 631 4439 gitur.
674 4357 827 4430 Quis
867 4356 1031 4419 hanc
1070 4354 1346 4418 coelestis
1386 4355 1940 4436 superdignissimi

441 4456 660 4538 sponsi
732 4455 1081 4530 caritatem,
1147 4452 1604 4535 dignationem,
1668 4453 1944 4516 affluen-

445 4555 596 4616 tiam
641 4562 834 4636 queat
876 4554 1253 4635 exprimere,
1287 4550 1399 4632 qui
1441 4552 1716 4614 animam
1752 4552 1820 4613 in
1862 4553 1944 4613 si-

445 4672 555 4730 nu,
592 4652 724 4715 imo
764 4651 832 4713 in
871 4652 1060 4714 corde
1099 4669 1214 4713 suo
1257 4649 1350 4712 sic
1396 4648 1545 4712 facit
1590 4651 1939 4732 quiescere,

444 4750 511 4813 in
559 4767 690 4833 quo
739 4768 920 4812 mens
979 4749 1190 4811 taliter
1246 4748 1720 4830 tranquillatur,
1773 4751 1941 4831 quod

117 4868 390 4919 panno.
441 4868 592 4911 vere
641 4848 855 4911 dicere
900 4855 1131 4929 potest,
1175 4847 1240 4910 In
1290 4866 1448 4929 pace
1498 4847 1563 4909 in
1614 4848 1680 4910 id
1731 4848 1942 4929 ipsum

443 4946 758 5010 dormiam
801 4954 866 5009 et
910 4945 1347 5027 requiescam?
1390 4946 1681 5008 Animam
1733 4955 1942 5008 autem

441 5046 535 5109 sic
575 5045 700 5107 sibi
741 5044 1150 5125 conjunctam
1188 5062 1316 5106 non
1349 5044 1489 5106 vult
1521 5063 1794 5126 sponsus
1829 5044 1945 5105 im-

444 5152 718 5226 portune
750 5143 816 5206 in
859 5141 1280 5207 exterioribus
1311 5143 1631 5225 occupari,
1668 5143 1768 5207 vel
1798 5153 1944 5206 ante

445 5251 702 5324 tempus
747 5261 784 5305 a
831 5260 946 5304 sua
989 5241 1275 5306 revocari
1325 5242 1562 5324 quiete.
1611 5242 1752 5305 Ideo
1799 5242 1948 5303 sub—

444 5340 619 5405 ditur
652 5360 668 5405 ε

2053 4361 2216 4418 liene
2245 4360 2431 4416 colles
2452 4376 2473 4415 .·
2505 4355 2567 4417 id
2599 4364 2716 4431 est,
2750 4375 2893 4418 cum
2927 4364 3100 4418 tanta
3130 4355 3449 4418 celeritate
3479 4375 3551 4418 ac

2052 4454 2424 4517 festinantia
2472 4454 2647 4516 venit
2694 4454 2771 4515 ad
2822 4472 2944 4530 me,
2999 4460 3069 4515 ut
3116 4452 3305 4515 salire
3346 4453 3549 4533 magis

2052 4573 2241 4636 quam
2288 4571 2551 4635 pergere
2597 4553 2917 4628 videatur;
2949 4560 3013 4614 ct
3048 4559 3175 4614 tam
3224 4551 3549 4613 familiari-

2050 4662 2147 4715 ter
2177 4652 2469 4733 adjungit
2498 4670 2565 4714 se
2594 4650 2775 4727 mihi,
2810 4650 2989 4733 quasi
3034 4650 3191 4713 mihi
3233 4649 3352 4712 soli
3390 4649 3547 4714 velit

2051 4751 2245 4828 uniri,
2280 4751 2595 4813 cohaerere
2625 4769 2697 4812 ac
2727 4749 2925 4831 loqui.
2962 4750 3104 4813 Ideo
3132 4770 3376 4828 capreoe
3404 4752 3545 4812 hin-

2050 4854 2333 4929 nuloque
2373 4868 2705 4909 cervorum
2750 4848 3033 4912 assimilo
3085 4866 3254 4925 cum,
3290 4848 3441 4929 quia
3482 4856 3545 4912 et

2053 4949 2192 5031 ipse
2236 4948 2328 5010 sic
2370 4948 2637 5011 visitans
2685 4967 2810 5024 me,
2847 4947 3054 5010 reddit
3103 4966 3204 5009 me
3255 4946 3542 5012 interiori

2053 5048 2195 5124 visu
2246 5055 2526 5122 acutum,
2571 5055 2634 5107 et
2690 5045 2889 5108 instar
2942 5046 3194 5108 hinnuli
3252 5049 3326 5110 ad
3377 5048 3545 5111 bona

2055 5146 2363 5210 velocem.
2388 5144 2837 5207 Verumtamen
2869 5162 2997 5206 non
3032 5164 3099 5207 se
3131 5146 3411 5209 ostendit
3439 5146 3547 5208 mi·

2057 5244 2123 5305 hi
2179 5244 2245 5304 in
2306 5243 2566 5324 propria
2613 5242 2919 5317 claritate,
2976 5242 3161 5305 sicuti
3213 5252 3309 5307 est
3354 5244 3421 5305 in
3478 5264 3546 5307 se

2065 5340 2226 5422 ipso,
2262 5339 2405 5403 ideo
2446 5339 2609 5402 addo
2644 5356 2657 5400 :
2690 5341 2798 5401 En
2836 5342 2972 5420 ipse
3008 5350 3133 5404 stac
3160 5352 3303 5421 post
3333 5343 3548 5421 parie-

3701 728 3735 783 7
