4284 6267
578 968 650 1023 24

480 1378 683 1486 2llTheqe.
702 1392 744 1431 v,

536 4146 689 4194 Exod-

1490 497 1843 545 malumno
1883 496 1948 553 [N
1988 495 2128 543 cAP.
2166 494 2252 539 VH
2292 492 2726 541 Eccmsusmz.
2773 512 2853 523 -·
2892 494 3036 540 ΛΒΤ.
3079 494 3165 540 vn

774 670 1103 734 Neminem
1143 670 1346 752 magis
1376 671 1673 749 verearis,
1707 691 1899 753 quam
1942 668 2273 736 conscien-
2299 664 2352 727 A
2381 666 2952 748 cognoscibilitate,
2989 676 3296 749 quantum
3343 666 3534 730 habet
3574 666 3654 730 de
3695 672 3875 727 actu-

776 770 928 831 tiam
977 778 1173 831 tuam.
1215 768 1369 831 Nam
1418 769 1687 834 aliorum
1746 770 2037 834 notitiam
2090 776 2271 850 potes

775 867 1087 949 effugere,
1136 868 1243 930 sed
1288 887 1414 931 non
1461 878 1657 932 tuam.

860 970 1101 1029 Cuncta
1134 968 1380 1027 tentavi
1408 969 1478 1029 in
1511 969 1834 1045 sapie-ntia
1865 988 1888 1028 .·
1920 967 1985 1030 id
2022 976 2140 1039 est,
2176 987 2273 1030 sa·

774 1065 1045 1148 pienter‚
1070 1074 1134 1129 et
1162 1085 1275 1148 per
1306 1065 1683 1148 sapientiam
1719 1066 2018 1129 universa
2048 1067 2272 1148 proba·

774 1165 839 1229 vi
890 1174 951 1228 et
1002 1164 1380 1245 investigavi
1436 1172 1502 1226 ut
1560 1164 1763 1247 potui,
1824 1172 2139 1246 quatenus
2191 1165 2271 1228 de

774 1264 1074 1327 omnibus
1105 1272 1339 1326 certam
1372 1262 1726 1325 obtinerem
1759 1262 2269 1327 notitiam.Unde

774 1362 1112 1445 Apostolus
1149 1379 1163 1423 :
1204 1361 1431 1425 Omnia
1463 1360 1731 1443 (inquit)
1768 1360 2063 1443 probate;
2094 1363 2268 1444 quod

773 1460 1012 1525 bonum
1072 1468 1190 1536 est,
1250 1468 1481 1522 tenete.
1528 1460 1934 1542 Experientia
1992 1478 2268 1542 namque

773 1560 969 1639 exigit
1016 1558 1238 1623 multa.
1292 1560 1458 1619 Dioei
1488 1579 1512 1618 .·
1543 1561 1819 1636 Sapiens
1864 1561 2108 1635 efficiar
2138 1579 2162 1618 .·
2201 1558 2266 1621 id

772 1666 889 1735 est,
915 1657 1215 1721 fiduciam
1248 1656 1443 1720 habui
1474 1656 1881 1740 pertingendi
1913 1659 1991 1720 ad
2022 1658 2267 1740 sapien-

770 1756 923 1819 tiam
954 1774 1247 1837 magnam
1279 1776 1355 1819 ex
1385 1756 1801 1838 inquisitione
1832 1765 1896 1820 et
1924 1743 2266 1821 studio.Et

2379 765 2615 829 alitate.
2649 765 2813 842 Ideo,
2847 766 3012 830 sicut
3051 766 3210 830 Deus
3251 762 3768 847 incomparabilis
3805 770 3872 826 et

2381 864 2745 943 immensuS,
2759 875 2856 929 est
2883 865 3156 929 infinitae
3175 864 3572 940 actualitatis
3591 865 3678 926 ita
3697 872 3758 926 et
3779 862 3874 925 in·

2381 963 2585 1028 finitae
2613 963 3200 1045 cognoscibilitatiS.
3233 963 3494 1046 Propter
3529 962 3696 1045 quod
3736 961 3872 1044 ple-

2380 1082 2459 1125 ne
2497 1063 2951 1146 comprehendi
3000 1083 3072 1126 ac
3121 1062 3269 1125 sciri
3317 1080 3446 1125 non
3494 1069 3722 1144 potest,
3773 1060 3872 1121 ni-

2378 1162 2429 1224 si
2476 1163 2557 1225 ab
2605 1162 2932 1225 intellectu
2973 1160 3478 1244 perspicacitatis
3519 1169 3582 1224 et
3613 1160 3868 1224 virtutis

2377 1260 2632 1343 penitus
2668 1261 2963 1335 infinitae,
2999 1268 3218 1343 utpote
3247 1280 3284 1323 a
3313 1280 3381 1323 se
3422 1259 3584 1342 ipso.

2455 1362 2791 1428 Lustravi,
2822 1359 2886 1422 id
2918 1368 3035 1436 est,
3069 1358 3532 1423 considerando
3569 1356 3864 1433 circuivi,

2375 1462 2682 1520 universa
2723 1461 2943 1520 animo
2981 1478 3141 1528 mee,
3168 1468 3242 1519 ut
3277 1459 3532 1527 scirem,
3574 1467 3634 1519 et
3667 1458 3870 1518 eonsi-

2374 1561 2692 1629 derarem,
2714 1568 2774 1619 et
2803 1578 3152 1638 quoererem
3176 1558 3568 1634 sapientiam
3595 1566 3652 1615 et
3680 1558 3872 1617 ratio-

2375 1679 2519 1719 nem
2561 1658 2639 1720 de
2671 1657 2942 1739 singulis
2980 1656 3168 1721 rebus
3197 1665 3389 1737 atque
3418 1655 3784 1731 eventibus;
3807 1666 3870 1717 et

2377 1767 2448 1818 ut
2478 1776 2905 1835 coquos-cerem
2947 1758 3342 1833 impietatem
3375 1757 3588 1825 stulti,
3617 1755 3694 1818 ad
3732 1754 3867 1818 evi-

770 1859 911 1934 ipsa
941 1857 1194 1933 lonqius
1231 1858 1483 1916 recessit
1510 1877 1552 1915 a
1581 1876 1680 1917 me
1710 1877 1733 1916 .·
1766 1856 1828 1918 id
1869 1864 1985 1933 est,
2026 1863 2265 1937 quanto
2301 1857 2347 1919 B
2379 1858 2638 1918 tandum
2667 1863 2730 1919 et
2759 1853 3228 1937 reprobandum
3268 1854 3578 1930 eamdem,
3609 1862 3670 1913 et
3695 1872 3870 1913 erro-

768 1955 914 2037 plus
944 1953 1187 2037 profeci
1220 1954 1287 2016 in
1328 1972 1423 2030 ea,
1460 1961 1633 2016 tanto
1669 1953 1998 2036 limpidius
2037 1972 2266 2035 cogno-

770 2053 833 2119 vi
880 2054 1293 2116 eminentiam
1342 2052 1505 2133 ejuS‚
1538 2061 1602 2116 et
1648 2052 1778 2115 vidi
1827 2063 2139 2135 quantum
2183 2056 2265 2117 ab

769 2152 909 2234 ejus
942 2152 1341 2235 plenitudine
1379 2152 1631 2213 distem.
1663 2151 1988 2235 Sapientia
2026 2153 2264 2216 etenim

771 2250 1029 2333 proprie
1056 2258 1173 2325 est,
1198 2249 1477 2329 cognitio
1506 2249 1869 2314 divinorum
1894 2270 1909 2315 ε
1934 2258 1997 2312 et
2024 2258 2265 2333 quanto

772 2348 837 2411 in
890 2349 1007 2412 hac
1051 2347 1184 2411 vita
1242 2348 1439 2411 Deum
1488 2347 1827 2410 sublimius
1882 2348 2268 2431 contempla-

772 2468 937 2526 mur,
986 2455 1160 2510 tanto
1208 2446 1637 2529 perspicacius
1688 2446 2012 2509 iutuemur
2067 2466 2262 2529 quam

772 2545 1031 2609 infinite
1088 2544 1169 2607 ab
1225 2545 1367 2626 ejus
1416 2544 1981 2626 comprehensione
2037 2545 2264 2609 defici-

770 2663 945 2724 mus;
980 2652 1044 2706 et
1073 2644 1327 2705 tandem
1357 2662 1470 2725 per
1508 2642 1841 2726 mysticam
1874 2644 2260 2726 theologiam

670 2806 677 2811 .
768 2742 1219 2824 conjungimur
1262 2740 1320 2804 ei
1366 2750 1667 2823 tanquam
1712 2760 1971 2824 prorsus
2017 2743 2258 2822 ignoto,

768 2849 1078 2925 quantum
1103 2842 1181 2903 ad
1211 2839 1367 2922 quid
1390 2848 1501 2903 est.
1524 2840 1781 2922 Propter
1808 2842 1979 2921 quod
2004 2841 2262 2904 divinus

768 2949 832 3005 et
856 2958 1123 3022 magnus
1154 2938 1490 3021 Dionysius
1521 2938 1685 3003 libro
1712 2940 1790 3002 de
1814 2939 2071 3023 Mystica
2096 2940 2264 3004 theo-

2371 1975 2509 2015 rem
2547 1954 3088 2031 imprudentium,
3123 1960 3434 2034 quatenus
3482 1959 3546 2014 et
3587 1950 3746 2012 mihi
3791 1968 3868 2013 ac

2369 2052 2519 2116 aliis
2559 2052 2706 2115 inde
2741 2070 3055 2116 caverem.
3088 2053 3177 2113 Et
3213 2052 3441 2112 inveni
3475 2053 3868 2112 amariorem

2374 2162 2576 2213 morte
2604 2153 2941 2213 mulierem
2969 2171 2992 2211 .·
3023 2150 3083 2212 id
3118 2158 3236 2227 est,
3269 2149 3388 2213 hoc
3425 2148 3656 2231 reperi,
3691 2150 3864 2231 quod

2374 2249 2605 2312 mulier
2651 2248 3114 2311 amarissimam
3164 2245 3356 2310 faciat
3395 2247 3862 2330 separationem

2371 2349 2608 2411 mentis
2646 2368 2683 2411 a
2721 2349 2846 2411 Deo
2880 2364 2894 2409 :
2939 2366 3082 2429 quae
3125 2345 3438 2429 separatio
3479 2354 3684 2411 morte
3726 2364 3864 2409 cor-

2372 2447 2577 2531 porali
2619 2446 2895 2510 amarior
2929 2454 3046 2523 est,
3085 2446 3238 2528 quia
3278 2444 3864 2527 incomparabiliter

2374 2547 2576 2629 pejor,
2608 2554 2674 2609 et
2700 2544 3126 2609 damnationis
3161 2552 3481 2627 perpetuae
3513 2543 3860 2619 inductiva,

2368 2647 2548 2727 juxta
2596 2645 2756 2707 illud
2805 2643 3090 2708 Jeremiae
3123 2661 3138 2706 ε
3175 2643 3344 2707 Scito
3391 2652 3454 2706 et
3503 2644 3668 2718 vide,
3709 2644 3866 2724 quia

2371 2744 2608 2807 malum
2655 2752 2720 2806 et
2765 2763 3050 2806 amarum
3101 2751 3198 2805 est
3245 2751 3308 2805 te
3355 2740 3692 2823 reliquisse
3743 2742 3866 2805 Do-

2369 2843 2616 2906 minum
2655 2842 2852 2905 Deum
2893 2850 3095 2904 tuum.
3133 2844 3286 2910 Quoe
3325 2844 3586 2922 laqueus
3615 2851 3868 2902 venato-

2369 2962 2521 3003 rum
2565 2952 2656 3003 est
2695 2963 2719 3002 .·
2769 2940 2922 3023 quia
2969 2959 3082 3023 per
3127 2938 3462 3002 mulierem
3517 2940 3861 3015 daemoneS,

771 3040 937 3120 logia
964 3038 1264 3101 disseruit
1296 3055 1310 3099 :
1342 3038 1472 3101 Hoc
1500 3045 1597 3100 est
1626 3038 1819 3101 Deum
1853 3057 2002 3102 vere
2033 3057 2263 3119 eogno-
2296 3044 2340 3107 C
2370 3038 2481 3121 qui
2525 3038 2772 3102 animas
2815 3046 3130 3103 venantur
3173 3038 3248 3099 ad
3293 3044 3588 3114 mortem,
3633 3035 3868 3099 fallunt

770 3158 966 3214 scere,
1030 3135 1701 3219 supersubstantialem
1774 3136 2264 3219 supersubstan⁴

771 3236 1006 3300 tialiter
1053 3255 1167 3320 per
1214 3235 1499 3298 omnium
1546 3233 1932 3299 ablationem
1974 3236 2256 3300 laudare.

772 3340 981 3399 Multo
1006 3338 1213 3412 maqis
1230 3355 1426 3415 quam
1446 3344 1627 3395 erat:
1651 3334 1712 3395 id
1742 3342 1849 3409 est,
1871 3334 2260 3398 transcendit

770 3452 977 3496 meam
1017 3432 1429 3515 capacitatem
1463 3432 1659 3495 multo
1700 3432 1847 3513 plus
1883 3451 2075 3514 quam
2115 3441 2262 3496 ante

769 3532 931 3595 mihi
973 3529 1276 3594 innotuit.

848 3634 932 3693 Εἰ
960 3634 1099 3691 alta
1118 3630 1569 3707 profunditas,
1614 3628 1674 3691 id
1717 3638 1834 3706 est,
1882 3627 2264 3712 imperscru-

768 3729 984 3792 tabilis
1012 3728 1283 3791 altitudo
1313 3728 1379 3790 in
1410 3728 1535 3792 Deo
1566 3736 1673 3803 est,
1690 3728 2039 3810 praesertim
2071 3748 2265 3810 quan-

766 3836 899 3891 tum
935 3829 1012 3891 ad
1055 3826 1631 3910 superbeatissimae
1670 3826 1997 3889 Trinitatis
2038 3836 2265 3909 myste-

771 3926 971 4005 rium3
1001 3927 1146 4005 quis
1168 3925 1578 4001 investiqabit
1597 3927 1779 3985 eam?
1810 3924 1871 3987 id
1902 3933 2019 4003 est,
2046 3925 2263 3988 nullus

770 4023 1002 4107 poterit
1032 4042 1169 4086 eam
1204 4022 1393 4105 plene
1422 4023 1690 4084 scrutari
1726 4031 1835 4085 aut
1868 4023 2052 4109 scire.
2084 4024 2263 4087 Unde

768 4122 849 4185 ad
891 4121 1138 4204 Moysen
1188 4120 1488 4184 Dominus
1528 4120 1687 4183 dixit
1722 4139 1735 4182 ε
1768 4120 2016 4184 Faciem
2055 4141 2261 4185 meam

2370 3145 2434 3201 et
2478 3136 2740 3220 capiunt
2781 3136 3214 3200 adolescentes
3255 3142 3320 3197 et
3357 3135 3624 3216 juvenes
3667 3141 3862 3215 atque

2370 3237 2565 3302 viros.
2598 3236 2773 3299 Unde
2812 3236 2879 3298 in
2915 3234 3161 3297 Psalmo
3195 3252 3209 3295 :
3244 3234 3381 3316 lpse
3418 3233 3715 3296 liberabit
3761 3252 3868 3297 me

2371 3336 2449 3398 de
2490 3335 2719 3417 laqueo
2756 3333 3151 3398 venantium.
3184 3335 3273 3395 Et
3298 3352 3536 3411 sayena
3565 3352 3672 3394 cor
3695 3334 3862 3411 ejus.

2371 3434 2482 3496 Est
2510 3434 2806 3516 equidem
2847 3442 2980 3497 rete
3007 3432 3249 3495 diaboli
3287 3448 3304 3493 ε
3336 3441 3401 3495 et
3438 3432 3602 3495 sicut
3631 3449 3868 3512 sagena

2372 3533 2544 3616 capit
2569 3531 2892 3615 quoslibet
2921 3532 3150 3614 pisceS,
3185 3531 3278 3594 sic
3311 3548 3420 3594 cor
3447 3530 3734 3593 mulieris
3774 3530 3869 3593 la-

2373 3632 2560 3695 scivae
2600 3630 2840 3713 appetit
2876 3648 3099 3693 omnes
3137 3628 3261 3691 sibi
3301 3628 3580 3691 allicere.
3633 3629 3870 3690 Vincu-

2377 3736 2440 3792 la
2477 3740 2630 3791 sunt
2669 3749 2901 3789 manus
2939 3730 3123 3788 illius
3152 3745 3176 3789 .·
3208 3728 3358 3808 quia
3398 3745 3513 3808 per
3555 3744 3864 3788 manuum

2375 3848 2631 3893 suarum
2680 3835 3040 3891 contactum
3088 3834 3150 3889 et
3207 3824 3555 3907 amplexuS‚
3607 3823 3866 3889 vinculo

2372 3925 2908 4010 concupiscentia)
2961 3926 3115 4007 ligat
3163 3926 3395 3989 virum.
3445 3922 3866 3998 Quemadmo-

2374 4028 2524 4090 dum
2564 4025 2734 4088 enim
2779 4024 3005 4086 asserit
3046 4023 3458 4105 Augustinus,
3491 4021 3661 4083 Nihil
3711 4020 3866 4084 viri-

2372 4125 2496 4188 lem
2555 4124 2648 4187 sic
2703 4122 2922 4203 dejicit
2985 4122 3297 4196 animum,
3357 4120 3522 4183 sicut
3583 4119 3866 4183 feminea

4033 1362 4132 1415 26

4025 2064 4120 2119 27

3911 2667 4042 2712 Jer.
4067 2684 4120 2720 ιι,
4148 2674 4222 2713 ¹9.

474 4225 617 4262 xxxin.
635 4214 703 4255 20.

771 4221 987 4285 videre
1028 4238 1157 4281 non
1186 4218 1455 4299 poteris3
1498 4237 1625 4282 non
1665 4219 1838 4283 enim
1878 4219 2122 4283 videbit
2162 4241 2263 4284 me
2291 4226 2343 4290 D
2373 4222 2827 4298 blandimenta,
2860 4238 3329 4303 corporumque
3369 4227 3718 4283 contactus.
3767 4218 3866 4279 Li-

771 4318 982 4396 hom0,
1016 4327 1080 4382 et
1106 4318 1302 4383 vivet.
1333 4317 1410 4379 Et
1439 4317 1724 4381 Christus
1761 4318 1827 4380 in
1864 4318 2210 4398 Evangelio
2244 4337 2258 4381 :
2374 4321 2525 4385 bido
2567 4338 2824 4403 quoque
2873 4318 3112 4382 ferreas
3157 4318 3371 4381 domat
3419 4324 3686 4381 mentes,
3735 4319 3866 4386 Qui

504 4444 741 4497 uanam,
769 4417 964 4480 Nemo
1002 4416 1179 4480 novit
1215 4416 1460 4479 Patrem
1502 4416 1623 4479 nisi
1664 4416 1885 4479 Filius,
1920 4416 2064 4481 ldeo
2100 4418 2264 4481 dixit
2365 4424 2576 4499 placet
2605 4424 2759 4489 Deo,
2786 4419 3048 4497 effuyiet
3079 4420 3293 4488 illam,
3323 4416 3387 4481 id
3419 4424 3516 4479 est
3549 4416 3648 4481 vir
3678 4415 3865 4478 timo-

475 4510 543 4552 ’7-
768 4514 1143 4578 psalmista:
1179 4514 1481 4578 Mirabilis
1513 4513 1681 4579 facta
1718 4525 1815 4579 est
1846 4515 2115 4579 scientia
2154 4526 2262 4579 tua
2375 4527 2548 4581 ratus
2589 4527 2653 4581 et
2693 4526 2926 4581 castus.
2973 4516 3295 4578 Interdum
3345 4524 3554 4578 tamen
3603 4522 3668 4578 et
3715 4512 3861 4577 talis

472 4572 738 4678 genn-ut
767 4634 845 4679 ex
891 4633 1025 4695 me;
1056 4612 1413 4677 confortata
1459 4623 1577 4692 est,
1622 4624 1685 4678 et
1734 4634 1863 4678 non
1913 4624 2136 4698 potero
2181 4617 2260 4679 ad
2371 4617 2690 4699 dejicitur,
2726 4615 3258 4697 quemadmodum
3301 4612 3494 4678 David
3533 4631 3648 4695 per
3683 4611 3864 4675 Beth·
3925 4636 3972 4682 11
3991 4641 4204 4699 εφη

2372 4715 2582 4778 sabee.
2616 4715 2791 4778 Unde
2830 4712 3220 4794 Augustinus
3259 4711 3493 4775 fatetur
3527 4728 3544 4773 z
3577 4710 3720 4775 Vidi
3759 4728 3864 4774 ce·
3891 4702 4004 4745 ''⁴-

767 4734 929 4778 eam.
963 4713 1167 4789 Quum
1208 4712 1382 4778 enim
1424 4714 1608 4789 scire,
1652 4715 1734 4777 sit
1775 4733 1909 4776 rem
1958 4734 2071 4797 per
2114 4735 2262 4779 cau-

764 4832 899 4875 sam
959 4830 1359 4891 cognoscere,
1408 4832 1521 4875 ens
1573 4812 1732 4876 illud
1781 4819 2113 4889 aeternum,
2170 4813 2262 4876 in·
2371 4815 2518 4878 dros
2562 4812 2783 4875 Libani
2833 4812 3163 4888 cecidisse,
3219 4811 3299 4873 de
3349 4828 3624 4893 quorum
3675 4810 3862 4871 ruina

764 4912 1130 4993 dependens
1174 4928 1245 4973 ac
1298 4909 1653 4988 infinitum,
1706 4910 1965 4974 infinite
2013 4913 2260 4976 excedit
2370 4931 2496 4976 non
2527 4912 2728 4992 magis
2767 4910 3159 4993 suspicabar,
3193 4928 3386 4991 quam
3425 4910 3504 4971 de
3533 4928 3686 4972 casu
3717 4906 3860 4971 Hie-

2368 5011 2616 5093 ronymi
2666 5019 2730 5074 et
2775 5008 3117 5072 Ambrosii.
3165 5010 3292 5077 Qui
3317 5018 3534 5069 autem
3565 5016 3860 5087 peccator

764 5027 1017 5072 omnem
1070 5008 1300 5071 mentis
1346 5018 1571 5073 creatae
1618 5010 2055 5092 capacitatem.
2102 5009 2259 5085 Qua-

488 5129 735 5183 100r.„11‚
764 5116 1024 5190 propter
1063 5106 1151 5168 ait
1190 5106 1527 5189 Apostolus
1563 5126 1577 5171 z
1611 5109 1915 5172 Videmus
1954 5128 2068 5191 per
2110 5129 2260 5192 spe-
2365 5120 2480 5181 est,
2501 5111 2793 5187 capietur
2812 5112 2892 5170 ab
2913 5111 3056 5169 illa.
3079 5107 3372 5171 Peccator
3399 5105 3571 5169 enim
3600 5104 3860 5187 adjiciet
3929 5131 4114 5181 neers.
4135 5151 4194 5189 m.

472 5196 539 5238 ¹²·
764 5206 979 5269 culum
1019 5204 1085 5267 in
1112 5204 1469 5286 aenigmate.
1501 5206 1787 5289 Denique
1813 5208 2020 5290 (juxta
2050 5208 2258 5273 Philo·
2365 5210 2444 5272 ad
2476 5208 2894 5292 peccandum,
2927 5214 2990 5271 et
3026 5226 3226 5269 unum
3257 5212 3580 5289 peccatum
3615 5204 3860 5286 ponde-
3887 5192 3965 5237 ²⁹·

762 5304 1063 5387 sophum)
1106 5306 1607 5389 unumquodque
1650 5314 1896 5369 tantum
1936 5307 2127 5372 habet
2173 5310 2252 5373 de
2365 5328 2435 5373 re
2475 5328 2591 5373 suo
2632 5306 2824 5371 trahit
2863 5307 2945 5371 ad
2986 5306 3194 5387 aliud3
3227 5324 3346 5369 nec
3388 5304 3534 5368 talis
3575 5311 3857 5368 meretur
