4284 6267
838 512 959 575 518

1496 529 1850 577 mammo
1892 528 1957 575 m
1998 528 2136 576 CAP.
2184 529 2248 575 xl
2289 528 2448 575 unm
2493 528 2850 575 sAPmm'lAE.
2895 550 2977 559 —
3017 530 3160 576 Aur.
3207 529 3272 575 11

840 700 1167 775 DominuS‚
1201 700 1314 781 qui
1344 699 1689 763 ascendere
1720 718 1837 762 nos
1876 697 2029 761 fecit
2056 698 2137 760 de
2168 705 2334 760 terra
2360 694 2408 756 Α
2439 699 2556 767 eis,
2605 697 2850 761 scilicet
2897 698 2962 760 in
3009 698 3215 779 aquiS‚
3269 720 3472 780 quum
3519 701 3928 761 abundarent

840 799 1112 881 AEgypti,
1167 798 1277 880 qui
1332 798 1609 861 traduxit
1658 816 1773 861 nos
1825 815 1937 880 per
1980 798 2328 869 desertum,

840 918 954 981 per
996 908 1221 961 terram
1272 895 1755 961 inhabitabilem
1801 905 1865 959 et
1912 896 2176 973 inviam,
2221 913 2335 977 per

838 1006 1073 1059 terram
1114 996 1255 1058 sitis
1296 1005 1358 1058 et
1400 996 1741 1076 imaginem
1786 994 2031 1071 mortiS,
2068 1013 2182 1076 per
2213 1004 2336 1055 ter-

838 1114 973 1157 ram
1006 1095 1074 1158 in
1098 1114 1227 1176 qua
1256 1114 1383 1159 non
1413 1094 1761 1159 ambulavit
1792 1094 1905 1171 vir,
1926 1113 2135 1175 neque
2167 1092 2336 1155 habi-

840 1193 1001 1257 tavit
1028 1194 1358 1257 homoiE't
1386 1197 1455 1256 in
1483 1198 1635 1255 locis
1654 1196 1889 1255 deserti
1914 1192 2090 1254 illius
2122 1190 2334 1254 totalis

838 1293 1133 1369 fecerunt
1168 1313 1372 1364 casaS,
1408 1293 1472 1354 id
1523 1301 1620 1355 est
1657 1290 2064 1354 tabernacula
2108 1290 2191 1352 de
2237 1308 2336 1351 ar-

841 1390 1106 1452 boribus
1141 1408 1155 1452 :
1192 1390 1257 1454 in
1290 1392 1475 1472 cujus
1507 1390 1595 1453 rei
1629 1390 2003 1453 memoriam
2033 1387 2336 1471 praecepit

842 1488 1149 1551 Dominus
1210 1489 1439 1552 festum
1486 1488 2065 1552 Tabernaculorum
2126 1504 2337 1549 serva-

670 1614 808 1651 .xxu=.
842 1586 920 1664 ri,
956 1596 1027 1649 ut
1065 1588 1133 1650 in
1173 1588 1455 1651 Levitico
1502 1597 1563 1651 et
1602 1586 2090 1651 Deuteronomio
2137 1593 2332 1668 patet.

546 1664 810 1715 ”mmm
841 1685 933 1749 Ad
964 1686 1257 1750 Hebraeos
1286 1705 1537 1768 quoque
1567 1686 1861 1749 scribitur
1888 1687 1967 1749 de
1991 1684 2330 1747 Abraham:

576 1728 784 1779 vnis-¹5.

546 1742 810 1841 xfitetmna.
844 1785 991 1847 Fide
1029 1785 1392 1848 demoratus
1430 1794 1527 1849 est
1570 1786 1635 1847 in
1683 1794 1849 1848 terra
1898 1782 2336 1866 repromissio-

2439 798 2574 872 filii
2607 800 2810 858 Israel
2839 819 2862 858 .·
2892 798 3042 878 quia
3087 797 3154 859 in
3201 806 3369 861 terra
3397 796 3654 875 Gessen,
3685 798 3752 860 in
3798 818 3928 881 qua

2441 896 2874 971 morabantur,
2907 914 3076 977 aqua
3113 914 3240 959 non
3281 896 3408 958 fuit
3447 896 3512 958 in
3549 898 3924 976 sanguinem

2442 1012 2643 1071 versa,
2670 1003 2741 1056 ut
2771 994 3055 1075 loquitur
3084 994 3513 1076 Augustinus3
3545 999 3750 1057 loetati
3771 1007 3928 1057 sunt

2443 1093 2521 1155 de
2585 1091 2922 1156 beneficiis
2977 1092 3084 1155 Dei
3137 1101 3199 1155 et
3260 1093 3652 1156 abundantia
3711 1103 3922 1177 potus.

2445 1194 2573 1253 Per
2619 1196 2734 1253 hoc
2780 1190 3198 1268 beneficium,
3238 1213 3442 1272 quum
3491 1195 3627 1253 iltis
3671 1197 3928 1263 deesset,
4077 1198 4113 1251 6

2445 1289 2509 1352 id
2548 1298 2664 1367 est,
2710 1291 2862 1352 dum
2907 1292 3154 1353 deesset
3193 1290 3502 1372 AEgyptiis
3537 1290 3932 1354 sufficientia

2445 1398 2654 1470 potua,
2702 1391 2852 1449 bene
2897 1410 3046 1449 cum
3094 1390 3232 1448 iltis
3277 1399 3490 1450 actum
3540 1400 3656 1457 est,
3697 1390 3760 1451 id
3807 1398 3928 1461 est,

2443 1506 2588 1550 cum
2622 1485 2780 1548 filiis
2818 1485 3005 1549 lsrael
3051 1486 3286 1549 factum
3323 1494 3420 1549 est
3452 1488 3746 1569 gratiose,
3779 1488 3935 1569 quia

2446 1603 2572 1647 non
2625 1585 2884 1648 fuerunt
2930 1585 3164 1666 plagati
3205 1585 3372 1647 sicut
3409 1585 3706 1668 AEgyptii.
3755 1586 3934 1649 Unde

2443 1684 2748 1746 Dominus
2787 1684 2875 1745 ait
2909 1702 2922 1745 :
2959 1684 3306 1746 Percutiam
3347 1702 3574 1765 aquam
3611 1683 3931 1761 fluminiS,
3991 1708 4140 1750 ero-1.
4155 1722 4219 1754 v...

2445 1791 2505 1845 ct
2537 1791 2818 1845 vertetur
2858 1782 2924 1843 in
2967 1782 3384 1863 sanguinem3
3429 1783 3630 1864 pisces
3675 1802 3936 1866 quoque
3965 1773 4034 1820 ¹⁷¹
4059 1774 4124 1811 ¹⁵·

844 1882 966 1964 nis,
1010 1894 1313 1965 tanquam
1364 1884 1429 1946 in
1478 1885 1707 1959 aliena,
1758 1884 1823 1945 in
1874 1882 2108 1947 casulis
2157 1882 2336 1945 habi·
2373 1880 2418 1941 B
2445 1881 2550 1963 qui
2583 1889 2732 1943 sunt
2773 1880 2836 1942 in
2881 1879 3174 1957 flumine,
3219 1882 3594 1957 morientur,
3627 1891 3694 1944 et
3723 1892 3938 1964 putre—

845 1985 1038 2048 tando
1080 2004 1226 2047 cum
1268 1983 1438 2045 lsaac
1480 1991 1542 2045 et
1578 1982 1791 2046 Jacob.

663 2088 699 2143 3
922 2087 1254 2145 Steterunt
1300 2091 1521 2143 contra
1569 2085 1796 2150 hostes,
1820 2092 1881 2142 et
1924 2083 2005 2139 de
2044 2081 2336 2140 inimicis

839 2202 905 2241 se
942 2180 1466 2241 vindicaverunt.
1512 2178 1641 2242 Hoc
1687 2187 1965 2260 coeptum
2017 2185 2113 2239 est
2161 2174 2331 2253 fieri,

744 2306 809 2344 vn.
841 2280 1117 2361 quando,
1153 2287 1223 2340 ut
1251 2276 1313 2339 in
1350 2278 1561 2341 Exodo
1591 2276 1843 2357 legitur,
1874 2276 2061 2339 Josue
2090 2284 2153 2338 et
2184 2276 2336 2337 mis-

840 2377 895 2439 si
944 2396 1089 2440 cum
1131 2394 1228 2453 eo,
1274 2382 1721 2457 pugnaverunt
1769 2382 1990 2438 contra
2028 2372 2335 2435 Amaleci-

840 2484 957 2553 taS,
992 2484 1053 2539 et
1094 2493 1201 2538 eos
1250 2474 1314 2537 in
1360 2492 1470 2538 ore
1510 2473 1704 2554 gladii
1754 2473 1974 2554 fugere
2014 2471 2335 2553 compule-

662 2573 699 2629 4
840 2581 1012 2635 runt.
1038 2574 1387 2645 Sitierunt,
1406 2583 1466 2634 et
1498 2574 1965 2633 invocaverunt
1997 2582 2067 2641 te,
2090 2581 2150 2631 et
2176 2571 2332 2632 data

839 2681 930 2732 est
961 2674 1098 2731 ictis
1127 2692 1301 2751 aqua
1328 2674 1408 2731 de
1428 2681 1615 2748 petra
1648 2672 1992 2731 altissima.
2027 2668 2156 2731 Hoc
2184 2685 2334 2730 con-

558 2776 795 2827 mam.
841 2770 1005 2850 tigit,
1058 2770 1313 2851 quando
1371 2768 1437 2831 in
1487 2769 1735 2831 deserto
1780 2766 2117 2850 Raphidim
2169 2785 2335 2847 aqua

836 2867 1043 2931 defuit
1079 2867 1196 2944 eiS,
1229 2876 1289 2930 et
1332 2868 1457 2931 Deo
1497 2866 1761 2948 jubente
1799 2866 2037 2949 Moyses
2081 2884 2334 2947 percus-

834 2966 918 3029 sit
958 2975 1201 3049 petram
1247 2965 1459 3028 Horeb
1496 2983 1509 3027 :
1544 2966 1623 3028 de
1661 2984 1791 3047 qua
1838 2983 1982 3027 mox
2023 2984 2190 3046 aqua
2235 2982 2334 3026 co-

556 2292 703 2337 Emi.
716 2307 739 2335 x

546 2360 665 2399 9-13.

2443 1988 2622 2043 scent
2649 1998 2853 2060 aquae,
2888 1986 2951 2041 et
2977 1977 3354 2059 affligentur
3382 1980 3680 2062 AEgyptii‚
3714 1979 3940 2043 biben-

2446 2085 2537 2141 tes
2566 2096 2797 2158 aquam
2842 2075 3155 2139 fluminis,
3188 2076 3402 2158 Aliqui
3443 2086 3652 2141 autem
3687 2078 3934 2154 dicunt,

2442 2176 2614 2257 quod
2663 2174 2854 2238 etiam
2901 2175 2966 2237 in
3018 2183 3184 2237 terra
3212 2173 3448 2239 Gessen
3489 2195 3653 2257 aqua
3695 2176 3817 2238 fuit
3867 2176 3936 2238 in

2443 2274 2818 2352 sanguinem
2869 2281 3274 2337 commutata.
3329 2273 3447 2336 Sed
3503 2276 3758 2356 quando
3806 2273 3933 2336 filii

2443 2371 2628 2433 lsrael
2659 2372 3008 2434 hauserunt
3038 2390 3114 2433 ex
3141 2370 3436 2448 flumine,
3472 2372 3681 2435 statim
3723 2392 3934 2437 rever-

2415 2469 2695 2533 ,tebatur
2723 2469 2984 2550 sanguis
3012 2470 3090 2532 ad
3122 2488 3304 2551 aquae
3342 2480 3656 2533 naturam.
3689 2471 3776 2533 De
3807 2470 3932 2534 boc
4009 2504 4130 2546 (Μ,
4153 2512 4226 2545 m.

2443 2588 2636 2651 super
2673 2568 2958 2631 Exodum
2995 2568 3236 2631 dictum
3277 2578 3372 2630 est
3413 2568 3688 2651 pleniuS.
3963 2568 4174 2673 3⁵⁸⁸
4189 2570 4228 2609 ϋ-

2523 2670 2698 2731 Nam
2729 2688 2854 2745 pro
2893 2669 3070 2746 fonte
3107 2669 3370 2747 quidem
3403 2671 3781 2745 sempiterni
3803 2672 3936 2745 flu·
4091 2696 4124 2749 7

2441 2767 2666 2835 minis,
2701 2766 2764 2828 id
2814 2774 2910 2829 est
2959 2783 3074 2847 pro
3113 2784 3278 2845 aqua
3314 2764 3438 2827 Nili
3489 2765 3687 2827 instar
3734 2764 3934 2829 fontis

2441 2864 2708 2947 potabili
2765 2882 2778 2925 :
2831 2865 2942 2945 qui
3001 2862 3257 2939 dicitur,
3309 2863 3554 2927 flumen
3604 2865 3938 2947 sempiter-

2444 2984 2621 3041 num,
2655 2964 2808 3046 quia
2837 2973 2933 3026 est
2963 2983 3128 3025 unus
3159 2964 3238 3026 de
3267 2971 3542 3045 quatuor
3573 2964 3792 3027 fluviis
3825 2985 3938 3045 pa-

833 3064 1011 3147 piosa
1069 3062 1384 3141 manavit,
1443 3062 1739 3145 bibitque
1794 3062 2091 3146 populuS.
2155 3063 2332 3125 Unde
2368 3062 2411 3123 C
2443 3062 2662 3139 radisi,
2713 3070 2777 3125 et
2829 3062 2894 3124 in
2932 3061 3156 3125 Genesi
3209 3071 3469 3125 vocatur
3516 3062 3732 3126 Gehon
3768 3081 3782 3126 :
3815 3063 3936 3125 cir·
3982 3088 4226 3129 amau.

832 3162 1244 3244 subjungitur
1270 3180 1284 3224 τ
1309 3172 1369 3223 et
1402 3166 1651 3243 requies
1678 3164 1824 3223 sitis
1851 3166 1931 3223 de
1964 3164 2182 3240 lapide
2211 3165 2332 3223 du-

831 3281 928 3329 ro,
980 3260 1044 3322 id
1096 3268 1193 3323 est
1249 3259 1519 3323 cessatio
1570 3278 1607 3321 a
1664 3258 1794 3336 siti,
1849 3277 1963 3321 seu
2022 3258 2164 3320 sitis
2221 3278 2330 3322 ex-

832 3358 1115 3435 stinctio,
1150 3376 1265 3440 per
1304 3358 1425 3421 hoc
1466 3358 1636 3439 quod
1678 3365 2059 3439 potaverunt
2097 3376 2330 3439 aquam

836 3455 1145 3519 fluentem
1204 3456 1282 3518 de
1342 3473 1491 3518 saxo
1550 3454 1664 3519 illo
1722 3454 2090 3530 durissimo,
2143 3464 2334 3537 prout

836 3554 1241 3636 praeallegato
1286 3554 1483 3616 Exodi
1535 3561 1826 3616 narratur
1874 3553 2178 3636 capitulo.
2213 3554 2333 3617 Vo-

836 3661 1015 3715 catur
1044 3653 1305 3716 demum
1337 3660 1515 3733 petra
1544 3651 1678 3728 illa,
1697 3652 2029 3729 altissima,
2049 3652 2150 3715 vel
2179 3652 2334 3734 quia

837 3750 967 3814 alte
1016 3752 1158 3829 sita,
1211 3749 1311 3814 vel
1370 3757 1631 3833 propter
1680 3750 2120 3813 excellentiam
2174 3750 2330 3813 tanti

840 3846 1135 3910 miraculi
1167 3846 1234 3908 in
1264 3864 1340 3909 ea
1368 3846 1631 3929 peracti.
1668 3847 1787 3909 Sed
1826 3847 2145 3927 quomodo
2183 3846 2335 3909 dici-

843 3953 946 4007 tur
989 3946 1115 4023 hic,
1150 3946 1609 4009 Invocaverunt
1650 3948 1752 4008 tet
1782 3964 1981 4027 quum
2024 3945 2332 4028 scriptum

566 4064 810 4117 utana.
841 4042 926 4106 sit
975 4051 1271 4125 praetacto
1326 4043 1632 4125 capitulo,
1682 4045 1853 4124 quod
1901 4044 2137 4125 jurgati
2187 4052 2337 4105 sunt

840 4150 1061 4205 contra
1100 4141 1372 4222 Moysen,
1406 4150 1470 4203 et
1514 4150 2073 4205 murmuraverunt
2115 4151 2338 4205 contra

597 4253 715 4297 ma.
738 4255 777 4298 ι.

839 4340 1041 4399 num?
1070 4336 1148 4398 Et
1178 4337 1716 4419 respondendum,
1750 4339 1919 4419 quod
1961 4339 2221 4419 quidam
2259 4341 2337 4403 de

842 4434 1215 4498 melioribus
1246 4434 1437 4497 simul
1468 4453 1614 4499 cum
1641 4435 1849 4518 Moyse
1878 4436 2216 4499 Dominum
2251 4438 2340 4501 in-

840 4541 1231 4597 vocaverunt
1266 4551 1279 4595 :
1311 4534 1391 4597 de
1429 4533 1665 4615 quibus
1707 4534 2013 4597 Dominus
2050 4535 2212 4598 dixit
2256 4538 2334 4599 ad

586 4645 705 4689 ma.
728 4648 770 4691 5.
839 4631 1113 4713 Moysen,
1149 4631 1340 4695 Sume
1371 4640 1581 4695 tecum
1610 4632 1689 4695 de
1718 4632 2079 4695 senioribus
2120 4634 2329 4697 lsrael.

660 4736 696 4792 5
930 4727 1229 4810 Sequitur
1283 4729 1363 4793 de
1420 4729 1629 4811 poenis
1688 4729 2147 4812 AEgyptiorum.
2209 4735 2336 4794 Per

839 4848 983 4907 quoe
1009 4830 1187 4889 enim
1217 4846 1445 4905 poenas
1478 4829 1662 4905 passi
1696 4838 1850 4889 sunt
1890 4830 2153 4889 inimici
2193 4833 2335 4891 illo-

837 4944 1012 4995 rum,
1058 4924 1123 4987 id
1166 4932 1263 4987 est
1303 4922 1579 5007 AEgyptii
1628 4924 1974 4988 adversarii
2026 4926 2335 4991 Israelita-

837 5040 979 5084 rum
1018 5038 1033 5083 ε
1066 5022 1181 5103 qui
1208 5021 1482 5105 AEgyptii
1514 5021 1683 5104 passi
1717 5030 1869 5084 sunt
1898 5022 2094 5098 sitim,
2129 5043 2328 5105 quum

542 5135 806 5189 Jtsasnao.
835 5120 1000 5183 Deus
1028 5120 1447 5185 convertisset
1474 5138 1673 5202 aquas
1713 5139 1931 5183 eorum
1974 5121 2040 5183 in
2077 5125 2332 5204 sangui-

2441 3160 2732 3223 cumiens
2774 3179 3030 3224 omnem
3078 3169 3305 3223 terram
3337 3160 3692 3244 AEthiopiae,
3725 3170 3789 3224 et
3839 3160 3930 3224 ibi

2440 3259 2677 3321 dicitur
2724 3258 2982 3338 Gehon3
3037 3258 3184 3321 inde
3226 3268 3436 3321 autem
3489 3259 3556 3320 in
3595 3260 3932 3341 AEgyptum

2440 3358 2852 3433 descendenS‚
2887 3356 2997 3419 ubi
3039 3356 3216 3419 Nilus
3258 3364 3540 3433 vocatur,
3575 3366 3640 3420 et
3685 3378 3796 3440 per
3841 3359 3936 3421 di-

2441 3474 2625 3519 versa
2655 3456 2794 3519 loca
2826 3454 3065 3517 ibidem
3095 3454 3403 3517 dividitur
3429 3472 3444 3516 :
3470 3463 3539 3517 ut
3567 3455 3806 3519 dictum
3839 3465 3938 3519 est

2441 3573 2634 3636 super
2661 3553 2980 3616 Genesim.
3017 3556 3404 3615 Humanum
3424 3556 3841 3632 sanquinem,
3873 3554 3936 3617 id

2441 3661 2536 3714 est
2566 3650 2936 3732 sanguinem
2972 3652 3037 3713 in
3068 3650 3282 3714 colore
3321 3650 3598 3714 similem
3637 3652 3934 3732 sanguini

2443 3749 2745 3827 hominiS,
2779 3752 3018 3811 dedisti
3047 3751 3340 3827 injustis,
3374 3749 3438 3812 id
3476 3759 3572 3813 est
3601 3750 3933 3833 AEgyptiis‚

2443 3852 2520 3914 ad
2569 3850 2941 3932 potandum,
2992 3849 3419 3914 convertendo
3469 3869 3666 3931 aquas
3713 3869 3937 3914 eorum

2445 3948 2510 4011 in
2541 3947 2938 4029 sanguinem.
2971 3946 3167 4021 Quam
3203 3946 3448 4029 plagam
3483 3948 3654 4029 juste
3682 3968 3938 4031 perpes-

2444 4046 2500 4108 si
2547 4054 2717 4119 sunt,
2752 4044 3054 4126 quoniam
3106 4054 3532 4127 peccaverunt
3581 4046 3935 4111 infantulos
3961 4068 4228 4112 emisi„

2444 4143 2838 4206 Hebraeorum
2864 4142 3326 4222 submergendo
3354 4143 3421 4205 in
3455 4142 3740 4207 flumine.
3759 4144 3934 4211 Unde

840 4258 983 4303 eum
1024 4257 1037 4301 :
1074 4238 1309 4320 quibus
1353 4248 1415 4301 et
1452 4238 1632 4316 dixit,
1665 4237 1789 4302 Cur
1833 4240 2089 4302 tentatis
2136 4240 2338 4303 Domi·
2367 4245 2416 4306 D
2444 4241 2742 4324 adjicitur
2779 4258 2792 4303 :
2830 4243 2983 4311 Qui,
3015 4240 3258 4303 scilicet
3309 4240 3434 4303 filii
3483 4242 3695 4321 lsrael,
3730 4264 3927 4324 quum
4087 4260 4122 4313 8

2445 4343 2897 4401 minuerentur
2917 4340 2990 4399 in
3024 4341 3426 4399 traductione
3457 4342 3812 4418 infantium
3843 4362 3934 4402 oc-

2443 4439 2745 4509 cisorum,
2773 4436 2834 4499 id
2867 4445 2984 4513 est,
3009 4435 3341 4519 pauciores
3381 4456 3646 4502 numero
3677 4437 3929 4515 fierent,

2445 4554 2558 4617 per
2603 4535 2719 4598 hoc
2762 4536 2931 4616 quod
2971 4552 3190 4597 eorum
3241 4532 3518 4597 infantes
3567 4535 3934 4598 occideban-

2445 4642 2547 4695 tur
2590 4651 2704 4715 per
2745 4631 3250 4695 submersionem
3288 4631 3352 4693 in
3383 4631 3545 4709 Nilo,
3589 4636 3828 4694 dedisti
3857 4637 3934 4694 it-

2445 4735 2550 4802 Ζίε,
2584 4739 2738 4813 puta
2773 4730 3073 4807 Hebraeis,
3108 4732 3544 4792 abundantem
3583 4752 3824 4811 aquam
3853 4732 3928 4795 ad

2444 4831 2817 4912 potandum,
2851 4832 3192 4906 insperate,
3229 4828 3289 4890 id
3329 4836 3424 4890 est
3461 4837 3692 4912 praeter
3727 4848 3924 4911 spem,

2443 4928 2544 4991 vel
2588 4946 2716 4991 non
2762 4927 3192 4990 convertendo
3235 4944 3432 5007 aquas
3473 4934 3654 4989 terrae
3695 4926 3925 4990 Gessen

2443 5027 2509 5088 in
2541 5025 2937 5106 sanguinem,
2974 5024 3075 5087 vel
3115 5023 3490 5104 sanguinem
3519 5024 3811 5087 haustum
3847 5026 3926 5087 ab

2441 5125 2533 5189 eis
2589 5123 2948 5187 reducendo
3000 5123 3066 5184 in
3115 5141 3298 5203 aquae
3345 5130 3679 5201 naturam3
3728 5132 3926 5183 osten·
4085 5138 4123 5189 9

835 5238 1021 5299 nem3
1054 5240 1093 5281 a
1120 5221 1477 5297 defectione
1502 5231 1691 5297 potus
1716 5222 1849 5290 sui,
1880 5219 1943 5282 id
1984 5229 2080 5284 est
2116 5240 2198 5285 ex
2226 5224 2329 5287 de-
2438 5227 2594 5285 dens
2613 5242 2734 5300 per
2760 5224 2942 5282 sitim
2971 5242 3114 5301 quoe
3147 5230 3302 5282 tunc
3326 5222 3465 5298 fuit
3496 5220 3562 5282 in
3591 5220 3920 5303 AEgyptiis,

836 5315 1007 5379 fectu
1050 5334 1231 5399 aquae
1282 5336 1473 5399 quam
1522 5317 1814 5381 solebant
1852 5326 2112 5401 potare;
2155 5332 2214 5381 et
2253 5324 2324 5383 in

2441 5322 2978 5403 quemadmodum
3017 5330 3178 5391 tum,
3211 5317 3453 5381 scilicet
3496 5317 3669 5381 filios
3713 5317 3918 5395 Israel,
