4284 6267
1051 530 1403 579 numano
1447 532 1509 579 m
1551 532 1687 579 car.
1727 532 1835 579 vm
1877 532 2035 579 unm
2078 534 2434 581 summ-La.
2481 556 2562 563 —
2601 535 2742 581 aar.
2780 534 2886 581 vm
3395 517 3512 581 499

1490 890 2133 1013 ARTICULUS
2211 929 2425 1014 v111

578 1203 937 1251 umcmATlo
981 1203 1257 1250 GAPITULI
1302 1204 1521 1249 ocTAVI
1566 1204 1579 1247 :
1629 1202 1915 1248 ATTlNGI'r
1956 1202 2113 1248 ERGO
2159 1204 2200 1247 A
2243 1202 2384 1253 FINE
2429 1204 2620 1257 USQUE
2663 1204 2746 1249 AD
2787 1204 2974 1249 FINEM
3018 1205 3336 1251 FoR‘rl‘rltR.

545 1481 763 1544 DHUC
797 1482 877 1544 de
917 1482 1293 1545 excellentia
1328 1490 1388 1544 et
1425 1480 1771 1544 effectibus
1810 1480 1908 1541 in·
1936 1480 1984 1542 A
2018 1480 2235 1543 dinem
2271 1482 2715 1563 temporalium
2751 1481 3253 1561 immoderatam,
3285 1485 3508 1547 volens

572 1590 799 1645 ereatae
847 1581 1209 1663 Sapientiae,
1268 1588 1331 1643 et
1380 1580 1661 1662 qualiter
1710 1598 1777 1642 se
1826 1579 1903 1642 ad
2018 1596 2133 1641 nos
2165 1579 2232 1641 in
2261 1579 2387 1642 Deo
2419 1588 2721 1661 tanquam
2753 1580 2817 1643 in
2854 1581 3320 1663 providissimo,
3359 1583 3511 1665 piis-

388 1698 542 1743 eam
594 1680 913 1758 babuerit,
967 1690 1029 1743 et
1074 1680 1232 1762 quid
1278 1679 1527 1742 fructus
1579 1698 1655 1741 ex
1702 1697 1779 1741 ea
1823 1678 1907 1739 sit
2016 1678 2180 1741 simo
2210 1697 2282 1740 ae
2315 1677 2696 1742 fidelissimo
2727 1687 2904 1761 patre
2935 1679 3286 1757 confidere,
3313 1690 3376 1745 ct
3405 1682 3509 1743 de-

392 1787 807 1856 consecutuS,
843 1780 1253 1862 prosequitur
1289 1786 1509 1840 auctor
1549 1777 1613 1839 in
1656 1776 1778 1839 isto
1807 1796 1907 1839 ca·
2015 1776 2262 1838 claraus
2306 1776 2496 1839 etiam
2537 1776 2928 1841 irrationalia
2969 1786 3032 1841 et
3075 1779 3425 1842 inanimata
3469 1799 3507 1842 a

187 1886 217 1940 1
396 1878 937 1958 pitulo.Attin9it
964 1898 1111 1955 erqo
1140 1900 1181 1937 a
1208 1882 1339 1954 fine
1371 1896 1567 1955 usque
1596 1878 1683 1935 ad
1708 1880 1907 1952 finem
2015 1874 2234 1938 divina
2282 1874 2682 1957 providentia
2729 1877 3056 1958 procurari
3104 1894 3118 1939 ε
3162 1877 3500 1959 Respicite,
3551 1887 3798 1940 Mam-w.

390 1979 685 2055 fortiter.
737 1977 879 2040 Haec
916 1976 1151 2039 etenim
1206 1975 1527 2057 Sapientia
1574 1993 1772 2054 quum
1824 1973 1905 2034 sit

396 2074 1121 2156 incircumscriptibiliS,
1167 2073 1406 2153 ubique
1454 2081 1549 2134 est
1601 2089 1902 2152 praesenS,

394 2182 465 2235 et
513 2172 730 2235 omnia
779 2180 1091 2254 penetrat,
1128 2171 1415 2253 ipsisque
1466 2170 1761 2233 essentiis
1812 2189 1907 2232 re-

398 2289 549 2331 rum
578 2269 887 2332 illabitur.
912 2268 1152 2332 Idcirco
1180 2268 1262 2331 ab
1296 2287 1422 2332 uno
1456 2267 1589 2331 fine
1620 2268 1904 2332 universi

400 2388 611 2449 usque
650 2370 729 2432 ad
772 2369 974 2431 alium
1018 2369 1161 2449 ejus
1214 2367 1439 2445 finem,
1494 2386 1605 2431 seu
1651 2369 1730 2430 de
1776 2386 1905 2431 uno

399 2476 688 2531 extremo
716 2467 940 2530 mundi
989 2468 1067 2529 ad
1114 2466 1290 2529 aliud
1340 2466 1481 2548 ejus
1525 2474 1900 2539 extremum,

398 2566 684 2647 attingit,
717 2585 834 2629 nec
878 2565 1047 2628 infra
1077 2565 1192 2627 hos
1226 2565 1461 2627 limites
1502 2566 1900 2627 terminatur.

2014 1972 2337 2053 inquien5‚
2369 1973 2652 2036 volatilia
2695 1974 2862 2049 coeli,
2898 1976 3200 2056 quoniam
3244 1994 3372 2039 non
3411 1995 3508 2038 se·
3534 1952 3600 1993 ²⁰¹

2015 2080 2164 2133 runt
2203 2090 2410 2152 ncque
2459 2080 2740 2152 metunt3
2793 2082 2856 2136 et
2905 2074 3084 2136 Pater
3122 2082 3331 2138 vester
3378 2094 3506 2139 coe—

2014 2170 2192 2231 lestis
2232 2169 2436 2252 pascit
2473 2189 2568 2233 ca.

2094 2268 2377 2348 Denique
2409 2268 2771 2332 subtiliores
2802 2289 2875 2332 ac
2905 2270 3201 2334 meliores
3234 2272 3508 2353 philoso-

2014 2366 2139 2448 phi,
2161 2385 2236 2428 ex
2267 2366 2776 2433 consideratione
2804 2369 3234 2432 decentissimi
3267 2371 3507 2433 ordinis

2014 2482 2250 2541 rerum,
2297 2473 2360 2527 et
2396 2465 2652 2548 propria
2699 2467 3207 2549 uniuscujusque
3245 2469 3510 2531 adorna-

2016 2563 2210 2639 tione,
2261 2564 2668 2645 proprietate,
2721 2574 2978 2642 eventu,
3026 2566 3326 2629 dixerunt
3375 2566 3508 2631 haec

64 2685 366 2737 ecetram,
400 2665 567 2728 Hinc
614 2664 681 2727 in
719 2662 1164 2727 Ecclesiastico
1205 2671 1589 2744 protestatur
1622 2683 1635 2727 ε
1670 2662 1901 2743 Gyrum
1942 2670 1989 2731 Β
2014 2656 2231 2725 omnia
2269 2661 2388 2724 sub
2418 2661 2635 2726 divina
2674 2664 3079 2745 providentia
3107 2666 3354 2729 cadere.
3385 2666 3510 2728 Un-

64 2752 105 2789 8.

398 2763 553 2827 coeli
608 2762 875 2825 circuivi
926 2762 1081 2838 sola,
1132 2768 1191 2823 et
1251 2759 1643 2842 profundum
1693 2760 1903 2841 abyssi

398 2860 757 2943 penetravi.
815 2860 1100 2941 Insuper,
1152 2877 1352 2940 quum
1412 2858 1738 2940 Sapientia
1787 2858 1907 2920 ista

398 2961 487 3023 sit
534 2980 683 3026 vere
729 2968 987 3037 aeterna,
1026 2959 1288 3039 attingit
1340 2978 1377 3021 a
1429 2958 1582 3036 fine,
1619 2958 1683 3020 id
1727 2968 1825 3021 est
1868 2977 1907 3020 a

398 3059 682 3123 termino
713 3059 778 3120 in
808 3076 937 3139 quo
977 3058 1255 3119 mundus
1296 3056 1556 3138 incepit,
1591 3076 1795 3138 usque
1826 3058 1904 3119 ad

398 3158 748 3223 terminum
788 3157 853 3218 in
903 3174 1031 3238 quo
1079 3156 1357 3217 mundus
1408 3154 1738 3217 sensibilis
1788 3154 1906 3216 iste

396 3255 687 3319 deficiet.
722 3255 985 3337 Propter
1017 3253 1188 3335 quod
1239 3253 1304 3314 in
1348 3252 1715 3315 Proverbiis
1763 3251 1909 3314 fate-

96 3379 365 3429 Pm.vu.,
402 3364 508 3417 tur
543 3372 557 3417 ε
592 3354 854 3428 Quando
904 3350 1301 3435 praeparabat
1358 3350 1573 3427 coe108,
1616 3351 1903 3429 aderam3

64 3446 134 3486 2¹1.

400 3453 663 3534 quando
686 3460 857 3515 certa
885 3451 1023 3532 lege
1053 3458 1116 3511 et
1137 3467 1291 3531 gyro
1320 3448 1595 3511 vallabat
1620 3447 1903 3529 abyssos

400 3552 659 3625 Rursus
677 3549 947 3629 Attingit
975 3568 1011 3610 a
1039 3547 1172 3610 fine
1202 3566 1406 3627 usque
1433 3547 1512 3608 ad
1550 3545 1750 3607 finem
1782 3544 1910 3609 for-

398 3650 549 3713 titer
574 3667 587 3711 :
616 3648 770 3730 quia
798 3648 965 3709 sieut
993 3664 1105 3728 per
1134 3664 1273 3708 eam
1304 3644 1521 3707 omnia
1560 3644 1728 3707 facta
1760 3651 1908 3706 sunt

396 3756 717 3831 potenter,
752 3746 844 3808 sic
887 3764 1002 3828 per
1035 3764 1171 3807 eam
1209 3743 1651 3823 gubernantur
1693 3743 1908 3805 omnia

2016 2760 2093 2823 de
2135 2760 2383 2822 decimo
2417 2761 2495 2823 de
2528 2760 2794 2825 Civitate
2827 2762 2936 2824 Dei
2987 2762 3272 2843 loquitur
3300 2765 3509 2844 Augu-

2014 2856 2259 2920 stinu's:
2295 2857 2578 2919 Plotinus
2609 2858 2968 2921 Platonicus
2995 2860 3076 2922 dc
3105 2860 3508 2925 Providentia

2013 2954 2364 3035 disputans
2386 2973 2524 3017 eam
2549 2974 2586 3017 a
2614 2974 2861 3019 summo
2885 2957 3009 3020 Deo
3038 2977 3242 3039 usque
3267 2960 3346 3021 ad
3375 2960 3508 3023 haec

2018 3062 2267 3115 terrena
2296 3060 2360 3113 et
2404 3052 2530 3114 ima
2559 3054 2942 3137 pertingere,
2979 3054 3392 3120 flosculorum
3435 3078 3506 3121 ac

2020 3150 2313 3214 foliorum
2363 3151 2838 3231 pulchritudine
2888 3155 3260 3235 comprobat
3304 3174 3318 3218 ε
3365 3175 3508 3237 quae

2015 3248 2230 3312 omnia
2275 3249 2459 3329 quasi
2509 3248 2758 3330 abjecta
2799 3270 2872 3313 ac
2919 3252 3322 3316 velocissime
3369 3273 3510 3336 per-

2016 3346 2255 3423 euntia,
2305 3347 2779 3411 decentissimos
2841 3348 3189 3414 formarum
3249 3372 3552 3415 suarum.

2018 3463 2315 3507 numeros
2362 3445 2594 3508 habere
2639 3465 2765 3509 non
2816 3466 3003 3529 posse
3039 3449 3347 3527 affirmat,
3383 3452 3506 3513 nisi

2019 3543 2168 3605 inde
2198 3542 2576 3620 formentur,
2613 3544 2720 3605 ubi
2754 3543 2961 3609 forma
2993 3547 3416 3629 intelligibilis
3447 3558 3511 3612 et

2018 3640 2557 3704 incommutabilis
2589 3642 2779 3705 simul
2819 3644 3062 3706 habens
3101 3646 3339 3722 omnia,
3373 3665 3511 3729 per·

2017 3747 2286 3801 severat.
2336 3738 2596 3821 Propter
2645 3740 2788 3818 boc,
2842 3742 3068 3822 quinto
3113 3744 3194 3806 de
3241 3743 3508 3807 Civitate

397 3846 747 3929 sapienter.
792 3844 969 3906 Unde
1017 3842 1430 3924 subjungitur
1467 3858 1480 3902 :
1513 3851 1571 3901 et
1607 3843 1906 3919 disponit
1933 3846 1976 3909 C
2015 3836 2124 3899 Dei
2155 3856 2373 3899 rursus
2403 3837 2707 3901 disseruit
2733 3840 3123 3921 Augustinus
3153 3859 3167 3905 τ
3197 3842 3357 3905 Deus
3389 3860 3506 3905 nec

394 3946 623 4007 omnia
676 3946 993 4009 suaviter,
1047 3941 1109 4002 id
1168 3948 1285 4013 est,
1337 3948 1571 4002 cuncta
1629 3938 1794 4018 regit
1842 3945 1906 4001 et

393 4042 653 4107 ordinat
700 4040 1175 4115 convenienter,
1210 4039 1563 4101 secundum
1606 4046 1899 4100 naturam

394 4140 910 4221 uniuscujusque
955 4156 1197 4212 eorum,
1231 4156 1347 4220 per
1393 4136 1605 4199 media
1641 4145 1789 4217 apta
1825 4136 1903 4198 ad

398 4240 603 4302 finem
634 4256 988 4317 congruum
1023 4236 1167 4313 sibi,
1204 4236 1281 4297 ad
1320 4254 1512 4317 quem
1555 4234 1904 4315 unicuique

394 4336 883 4399 inclinationem
920 4334 1151 4397 indidit
1182 4334 1561 4396 naturalem.
1598 4332 1751 4395 Nam
1783 4333 1900 4395 etsi

394 4435 725 4499 hominem
765 4434 841 4496 ad
883 4433 1431 4515 supernaturalem
1490 4431 1779 4495 condidit
1823 4430 1903 4491 fi-

394 4554 568 4610 nem,
614 4532 820 4595 nihilo
851 4532 1063 4593 minus
1095 4530 1421 4612 impressit
1451 4530 1509 4592 ei
1541 4529 1900 4591 naturalem

393 4630 883 4696 inclinationem
930 4630 1007 4692 ad
1042 4629 1415 4693 felicitatem
1458 4646 1471 4689 :
1507 4636 1570 4689 et
1603 4645 1902 4708 superna-

394 4730 625 4795 turalis
666 4728 775 4791 illa
818 4728 1167 4804 beatitudo,
1212 4735 1307 4789 est
1366 4725 1612 4789 homini
1663 4725 1902 4787 incom-

399 4828 775 4911 parabiliter
816 4826 1044 4889 melior
1091 4845 1163 4888 ac
1213 4823 1659 4888 delectabilior
1707 4841 1901 4903 quam

402 4926 713 4997 naturalis
760 4924 1057 4989 felicitas.
1110 4923 1268 4987 Hinc
1320 4931 1385 4985 et
1437 4923 1503 4983 in
1559 4922 1678 4985 Job
1736 4938 1904 4983 asse-

2015 3935 2229 4016 exigui
2272 3944 2335 3999 et
2377 3938 2876 4020 contemptibilis
2915 3941 3260 4004 animantis
3300 3940 3504 4005 visce-

2017 4055 2106 4112 ra,
2139 4053 2256 4098 nec
2299 4035 2512 4098 herbae
2558 4034 2924 4113 flosculum,
2960 4057 3077 4103 nec
3117 4040 3363 4104 arboris
3415 4040 3508 4105 fo-

2016 4133 2174 4195 lium
2223 4134 2362 4196 sine
2408 4153 2667 4197 suarum
2724 4137 3173 4200 convenientia
3227 4138 3504 4221 partium

2014 4240 2076 4293 ct
2106 4232 2380 4312 quadam
2415 4233 2613 4294 veluti
2647 4252 2802 4316 pace
2843 4235 3128 4317 reliquit.
3164 4236 3404 4301 Idcirco
3444 4248 3506 4300 et

2016 4330 2079 4391 in
2121 4330 2286 4393 libro
2317 4331 2396 4393 de
2422 4329 2641 4393 Causis
2673 4332 2941 4414 pulchre
2971 4334 3297 4415 probatur,
3333 4337 3504 4417 quod

2012 4446 2202 4489 causa
2249 4428 2457 4509 prima
2507 4430 2666 4509 regit
2714 4448 2815 4493 res
2863 4449 3084 4495 omnes
3134 4452 3247 4515 per
3300 4433 3500 4496 finem

2011 4526 2282 4601 decoriS,
2316 4526 2378 4589 id
2419 4534 2515 4589 est
2543 4546 2690 4591 cum
2729 4548 2980 4592 summo
3011 4531 3259 4595 decore.
3301 4532 3507 4612 Siqui-

2014 4625 2157 4687 dem
2193 4624 2498 4687 inferiora
2527 4626 2689 4705 regit
2727 4645 2839 4708 per
2867 4628 3218 4709 superiora,
3261 4630 3507 4691 irratio-

2014 4723 2183 4784 nalia
2213 4741 2327 4804 per
2356 4722 2832 4800 intellectualia,
2854 4724 3144 4788 homines
3175 4746 3288 4810 per
3316 4746 3508 4807 ange-

2015 4822 2129 4897 loS,
2185 4822 2294 4884 sed
2343 4830 2406 4885 et
2450 4840 2562 4904 per
2611 4842 2679 4885 se
2727 4824 2934 4906 ipsam
2987 4825 3204 4907 aliqua
3257 4828 3386 4907 agit
3435 4828 3503 4890 in

2014 4920 2224 4983 rebuS.
2260 4921 2336 4982 Et
2364 4920 2654 5002 quamvis
2683 4921 2750 4983 in
2781 4940 2849 4985 se
2871 4930 2936 4985 et
2966 4940 3079 5004 per
3108 4942 3176 4986 se
3207 4924 3505 4988 universa

88 5044 183 5089 10⁶
202 5052 373 5093 nun,
404 5025 568 5086 ritur
610 5040 625 5085 ε
666 5022 1117 5087 Universorum
1168 5021 1370 5085 finem
1416 5020 1797 5095 considerat,
1840 5026 1903 5080 et
1930 5028 1979 5090 D
2014 5018 2331 5101 disponat,
2373 5018 2838 5101 providentiam
2882 5030 3098 5084 tamen
3142 5041 3255 5105 per
3284 5042 3505 5087 causas

64 5112 110 5159 3,
138 5110 219 5149 24.

404 5121 625 5187 omnia
652 5140 796 5203 quae
828 5121 947 5184 sub
988 5120 1151 5183 coelo
1196 5130 1368 5197 sunt,
1412 5118 1696 5202 respicit.
1733 5116 1900 5178 lstud

402 5220 694 5284 Christus
714 5219 1031 5302 sapientia
1052 5220 1252 5282 Patris
1280 5219 1347 5281 in
1373 5217 1718 5297 Evangelio
1744 5234 1904 5278 com·

402 5318 895 5403 pendiosissime
944 5318 1146 5395 docet,
1202 5317 1549 5399 prohibens
1598 5313 1905 5377 sollicitu-

2015 5118 2322 5179 secundas
2367 5116 2433 5178 in
2478 5116 2695 5179 multis
2739 5119 3132 5199 exsequitur.

2094 5214 2418 5286 Praeterea,
2470 5214 2764 5295 quamvis
2818 5215 2884 5276 in
2937 5234 3146 5279 rerum
3195 5219 3504 5297 regimine

2017 5311 2219 5373 multa
2256 5311 2592 5373 videantur
2634 5312 2996 5375 indecentia
3039 5322 3102 5377 et
3141 5316 3399 5398 injusta,
3435 5327 3506 5379 ut
