<?xml version="1.0" encoding="UTF-8"?>
<!DOCTYPE html PUBLIC "-//W3C//DTD XHTML 1.0 Transitional//EN"
    "http://www.w3.org/TR/xhtml1/DTD/xhtml1-transitional.dtd">
<html xmlns="http://www.w3.org/1999/xhtml" xml:lang="en" lang="en">
 <head>
  <title>
</title>
<meta http-equiv="Content-Type" content="text/html;charset=utf-8" />
  <meta name='ocr-system' content='tesseract 3.04.00' />
  <meta name='ocr-capabilities' content='ocr_page ocr_carea ocr_par ocr_line ocrx_word'/>
</head>
<body>
  <div class='ocr_page' id='page_1' title='image "./doctorisecstati00denigoog_0288.png"; bbox 0 0 4284 6267; ppageno 0'>
   <div class='ocr_carea' id='block_1_1' title="bbox 90 3368 311 3421">
    <p class='ocr_par' dir='ltr' id='par_1_1' title="bbox 90 3368 311 3421">
     <span class='ocr_line' id='line_1_1' title="bbox 90 3368 311 3421; baseline 0.014 -11"><span class='ocrx_word' id='word_1_1' title='bbox 90 3368 174 3413; x_wconf 78' lang='lat' dir='ltr'><strong>Jer.</strong></span> <span class='ocrx_word' id='word_1_2' title='bbox 194 3384 247 3421; x_wconf 80' lang='lat' dir='ltr'><strong>tv,</strong></span> <span class='ocrx_word' id='word_1_3' title='bbox 268 3374 311 3417; x_wconf 79' lang='lat'><strong>2.</strong></span> 
     </span>
    </p>
   </div>
   <div class='ocr_carea' id='block_1_2' title="bbox 1129 516 2704 567">
    <p class='ocr_par' dir='ltr' id='par_1_2' title="bbox 1129 516 2704 567">
     <span class='ocr_line' id='line_1_2' title="bbox 1129 516 2704 567; baseline -0.002 -2"><span class='ocrx_word' id='word_1_4' title='bbox 1129 518 1483 567; x_wconf 69' lang='lat' dir='ltr'><strong>mAlutA&#39;no</strong></span> <span class='ocrx_word' id='word_1_5' title='bbox 1524 518 1588 567; x_wconf 77' lang='lat' dir='ltr'><strong>m</strong></span> <span class='ocrx_word' id='word_1_6' title='bbox 1629 519 1770 567; x_wconf 76' lang='lat' dir='ltr'><strong>cAP.</strong></span> <span class='ocrx_word' id='word_1_7' title='bbox 1810 520 1845 563; x_wconf 79' lang='lat' dir='ltr'>V</span> <span class='ocrx_word' id='word_1_8' title='bbox 1885 518 2320 566; x_wconf 67' lang='lat' dir='ltr'><strong>EGCLBSIASTAE.</strong></span> <span class='ocrx_word' id='word_1_9' title='bbox 2367 538 2448 547; x_wconf 95' lang='lat'><strong>—</strong></span> <span class='ocrx_word' id='word_1_10' title='bbox 2488 518 2630 564; x_wconf 69' lang='lat' dir='ltr'><strong>Am.</strong></span> <span class='ocrx_word' id='word_1_11' title='bbox 2663 516 2704 561; x_wconf 77' lang='lat' dir='ltr'>V</span> 
     </span>
    </p>
   </div>
   <div class='ocr_carea' id='block_1_3' title="bbox 350 788 1865 1855">
    <p class='ocr_par' dir='ltr' id='par_1_3' title="bbox 350 788 1865 1855">
     <span class='ocr_line' id='line_1_3' title="bbox 350 788 1862 871; baseline 0.002 -24"><span class='ocrx_word' id='word_1_12' title='bbox 350 792 573 848; x_wconf 85' lang='lat' dir='ltr'><strong>tamen</strong></span> <span class='ocrx_word' id='word_1_13' title='bbox 608 806 732 869; x_wconf 90' lang='lat' dir='ltr'><strong>pro</strong></span> <span class='ocrx_word' id='word_1_14' title='bbox 766 797 1051 871; x_wconf 90' lang='lat' dir='ltr'><strong>tempore</strong></span> <span class='ocrx_word' id='word_1_15' title='bbox 1078 788 1721 871; x_wconf 90' lang='lat' dir='ltr'><strong>opportuno.1dcirco</strong></span> <span class='ocrx_word' id='word_1_16' title='bbox 1750 788 1862 871; x_wconf 90' lang='lat' dir='ltr'><strong>qui</strong></span> 
     </span>
     <span class='ocr_line' id='line_1_4' title="bbox 350 883 1865 966; baseline 0.003 -21"><span class='ocrx_word' id='word_1_17' title='bbox 350 883 741 966; x_wconf 72' lang='lat' dir='ltr'><strong>religionem</strong></span> <span class='ocrx_word' id='word_1_18' title='bbox 771 887 950 951; x_wconf 84' lang='lat' dir='ltr'><strong>vovit</strong></span> <span class='ocrx_word' id='word_1_19' title='bbox 990 887 1250 961; x_wconf 90' lang='lat' dir='ltr'><strong>intrare,</strong></span> <span class='ocrx_word' id='word_1_20' title='bbox 1276 887 1464 951; x_wconf 87' lang='lat' dir='ltr'><strong>debet</strong></span> <span class='ocrx_word' id='word_1_21' title='bbox 1503 888 1623 951; x_wconf 90' lang='lat' dir='ltr'><strong>hoc</strong></span> <span class='ocrx_word' id='word_1_22' title='bbox 1662 887 1865 951; x_wconf 90' lang='lat' dir='ltr'><strong>adim-</strong></span> 
     </span>
     <span class='ocr_line' id='line_1_5' title="bbox 350 982 1862 1068; baseline 0.003 -24"><span class='ocrx_word' id='word_1_23' title='bbox 350 982 541 1063; x_wconf 90' lang='lat' dir='ltr'><strong>plere</strong></span> <span class='ocrx_word' id='word_1_24' title='bbox 596 985 871 1050; x_wconf 89' lang='lat' dir='ltr'><strong>celerius</strong></span> <span class='ocrx_word' id='word_1_25' title='bbox 931 1004 1061 1068; x_wconf 91' lang='lat' dir='ltr'><strong>quo</strong></span> <span class='ocrx_word' id='word_1_26' title='bbox 1120 1004 1399 1067; x_wconf 86' lang='lat' dir='ltr'><strong>congrue</strong></span> <span class='ocrx_word' id='word_1_27' title='bbox 1458 994 1686 1068; x_wconf 87' lang='lat' dir='ltr'><strong>potest.</strong></span> <span class='ocrx_word' id='word_1_28' title='bbox 1739 986 1862 1048; x_wconf 90' lang='lat' dir='ltr'><strong>Nec</strong></span> 
     </span>
     <span class='ocr_line' id='line_1_6' title="bbox 350 1082 1861 1168; baseline 0.003 -26"><span class='ocrx_word' id='word_1_29' title='bbox 350 1082 571 1146; x_wconf 88' lang='lat' dir='ltr'><strong>solum</strong></span> <span class='ocrx_word' id='word_1_30' title='bbox 610 1085 1007 1149; x_wconf 84' lang='lat' dir='ltr'><strong>reddendum</strong></span> <span class='ocrx_word' id='word_1_31' title='bbox 1047 1085 1217 1168; x_wconf 93' lang='lat' dir='ltr'><strong>quod</strong></span> <span class='ocrx_word' id='word_1_32' title='bbox 1262 1085 1390 1149; x_wconf 88' lang='lat' dir='ltr'><strong>Deo</strong></span> <span class='ocrx_word' id='word_1_33' title='bbox 1428 1094 1717 1159; x_wconf 83' lang='lat' dir='ltr'><strong>vovetur,</strong></span> <span class='ocrx_word' id='word_1_34' title='bbox 1752 1084 1861 1147; x_wconf 90' lang='lat' dir='ltr'><strong>sed</strong></span> 
     </span>
     <span class='ocr_line' id='line_1_7' title="bbox 352 1181 1861 1266; baseline 0.001 -23"><span class='ocrx_word' id='word_1_35' title='bbox 352 1181 557 1243; x_wconf 84' lang='lat' dir='ltr'><strong>etiam</strong></span> <span class='ocrx_word' id='word_1_36' title='bbox 603 1184 776 1265; x_wconf 91' lang='lat' dir='ltr'><strong>quod</strong></span> <span class='ocrx_word' id='word_1_37' title='bbox 821 1184 1195 1247; x_wconf 89' lang='lat' dir='ltr'><strong>hominibus</strong></span> <span class='ocrx_word' id='word_1_38' title='bbox 1244 1184 1657 1266; x_wconf 77' lang='lat' dir='ltr'><strong>promittitur.</strong></span> <span class='ocrx_word' id='word_1_39' title='bbox 1690 1182 1861 1259; x_wconf 90' lang='lat' dir='ltr'><strong>Quod</strong></span> 
     </span>
     <span class='ocr_line' id='line_1_8' title="bbox 352 1280 1857 1365; baseline 0.001 -24"><span class='ocrx_word' id='word_1_40' title='bbox 352 1280 415 1342; x_wconf 89' lang='lat' dir='ltr'><strong>si</strong></span> <span class='ocrx_word' id='word_1_41' title='bbox 444 1282 595 1362; x_wconf 91' lang='lat' dir='ltr'><strong>quis</strong></span> <span class='ocrx_word' id='word_1_42' title='bbox 626 1283 958 1365; x_wconf 79' lang='lat' dir='ltr'><strong>promittat</strong></span> <span class='ocrx_word' id='word_1_43' title='bbox 993 1282 1241 1365; x_wconf 93' lang='lat' dir='ltr'><strong>aliquid</strong></span> <span class='ocrx_word' id='word_1_44' title='bbox 1270 1282 1541 1361; x_wconf 85' lang='lat' dir='ltr'><strong>bomini,</strong></span> <span class='ocrx_word' id='word_1_45' title='bbox 1579 1282 1751 1365; x_wconf 92' lang='lat' dir='ltr'><strong>quod</strong></span> <span class='ocrx_word' id='word_1_46' title='bbox 1780 1281 1857 1344; x_wconf 88' lang='lat' dir='ltr'><strong>ad</strong></span> 
     </span>
     <span class='ocr_line' id='line_1_9' title="bbox 355 1376 1863 1463; baseline 0.003 -25"><span class='ocrx_word' id='word_1_47' title='bbox 355 1376 569 1460; x_wconf 87' lang='lat' dir='ltr'><strong>ipsius</strong></span> <span class='ocrx_word' id='word_1_48' title='bbox 610 1379 893 1443; x_wconf 88' lang='lat' dir='ltr'><strong>hominis</strong></span> <span class='ocrx_word' id='word_1_49' title='bbox 946 1381 1263 1463; x_wconf 75' lang='lat' dir='ltr'><strong>pertineat</strong></span> <span class='ocrx_word' id='word_1_50' title='bbox 1303 1382 1711 1445; x_wconf 89' lang='lat' dir='ltr'><strong>commodum</strong></span> <span class='ocrx_word' id='word_1_51' title='bbox 1753 1388 1863 1443; x_wconf 90' lang='lat' dir='ltr'><strong>aut</strong></span> 
     </span>
     <span class='ocr_line' id='line_1_10' title="bbox 360 1476 1862 1563; baseline 0.003 -26"><span class='ocrx_word' id='word_1_52' title='bbox 360 1476 701 1556; x_wconf 86' lang='lat' dir='ltr'><strong>honorem,</strong></span> <span class='ocrx_word' id='word_1_53' title='bbox 735 1487 947 1562; x_wconf 91' lang='lat' dir='ltr'><strong>potest</strong></span> <span class='ocrx_word' id='word_1_54' title='bbox 978 1479 1171 1543; x_wconf 89' lang='lat' dir='ltr'><strong>homo</strong></span> <span class='ocrx_word' id='word_1_55' title='bbox 1201 1479 1264 1542; x_wconf 92' lang='lat' dir='ltr'><strong>id</strong></span> <span class='ocrx_word' id='word_1_56' title='bbox 1295 1480 1600 1557; x_wconf 81' lang='lat' dir='ltr'><strong>relaxare,</strong></span> <span class='ocrx_word' id='word_1_57' title='bbox 1624 1486 1688 1543; x_wconf 90' lang='lat' dir='ltr'><strong>et</strong></span> <span class='ocrx_word' id='word_1_58' title='bbox 1724 1497 1862 1563; x_wconf 90' lang='lat' dir='ltr'><strong>pro-</strong></span> 
     </span>
     <span class='ocr_line' id='line_1_11' title="bbox 352 1576 1862 1660; baseline 0.001 -23"><span class='ocrx_word' id='word_1_59' title='bbox 352 1576 729 1641; x_wconf 84' lang='lat' dir='ltr'><strong>mittentem</strong></span> <span class='ocrx_word' id='word_1_60' title='bbox 770 1598 809 1640; x_wconf 89' lang='lat' dir='ltr'><strong>a</strong></span> <span class='ocrx_word' id='word_1_61' title='bbox 850 1577 963 1641; x_wconf 90' lang='lat' dir='ltr'><strong>tali</strong></span> <span class='ocrx_word' id='word_1_62' title='bbox 1003 1578 1424 1660; x_wconf 87' lang='lat' dir='ltr'><strong>promissione</strong></span> <span class='ocrx_word' id='word_1_63' title='bbox 1460 1598 1573 1642; x_wconf 90' lang='lat' dir='ltr'><strong>seu</strong></span> <span class='ocrx_word' id='word_1_64' title='bbox 1618 1578 1862 1660; x_wconf 84' lang='lat' dir='ltr'><strong>obliga-</strong></span> 
     </span>
     <span class='ocr_line' id='line_1_12' title="bbox 354 1673 1861 1758; baseline 0.003 -23"><span class='ocrx_word' id='word_1_65' title='bbox 354 1673 539 1737; x_wconf 86' lang='lat' dir='ltr'><strong>tione</strong></span> <span class='ocrx_word' id='word_1_66' title='bbox 583 1675 941 1741; x_wconf 79' lang='lat' dir='ltr'><strong>absolvere.</strong></span> <span class='ocrx_word' id='word_1_67' title='bbox 995 1676 1059 1740; x_wconf 92' lang='lat' dir='ltr'><strong>Si</strong></span> <span class='ocrx_word' id='word_1_68' title='bbox 1108 1694 1259 1741; x_wconf 81' lang='lat' dir='ltr'><strong>vero</strong></span> <span class='ocrx_word' id='word_1_69' title='bbox 1317 1677 1645 1758; x_wconf 82' lang='lat' dir='ltr'><strong>promittat</strong></span> <span class='ocrx_word' id='word_1_70' title='bbox 1703 1675 1861 1758; x_wconf 93' lang='lat' dir='ltr'><strong>quid</strong></span> 
     </span>
     <span class='ocr_line' id='line_1_13' title="bbox 355 1772 1861 1855; baseline 0.001 -22"><span class='ocrx_word' id='word_1_71' title='bbox 355 1772 571 1851; x_wconf 86' lang='lat' dir='ltr'><strong>alteri,</strong></span> <span class='ocrx_word' id='word_1_72' title='bbox 606 1775 779 1855; x_wconf 92' lang='lat' dir='ltr'><strong>quod</strong></span> <span class='ocrx_word' id='word_1_73' title='bbox 806 1774 918 1837; x_wconf 92' lang='lat' dir='ltr'><strong>Dei</strong></span> <span class='ocrx_word' id='word_1_74' title='bbox 948 1775 1281 1850; x_wconf 88' lang='lat' dir='ltr'><strong>honorem,</strong></span> <span class='ocrx_word' id='word_1_75' title='bbox 1322 1774 1717 1853; x_wconf 90' lang='lat' dir='ltr'><strong>servitutem,</strong></span> <span class='ocrx_word' id='word_1_76' title='bbox 1751 1782 1861 1836; x_wconf 91' lang='lat' dir='ltr'><strong>aut</strong></span> 
     </span>
    </p>
   </div>
   <div class='ocr_carea' id='block_1_4' title="bbox 3338 496 3460 561">
    <p class='ocr_par' dir='ltr' id='par_1_4' title="bbox 3338 496 3460 561">
     <span class='ocr_line' id='line_1_14' title="bbox 3338 496 3460 561; baseline -0.008 0"><span class='ocrx_word' id='word_1_77' title='bbox 3338 496 3460 561; x_wconf 76' lang='lat'><strong>239</strong></span> 
     </span>
    </p>
   </div>
   <div class='ocr_carea' id='block_1_5' title="bbox 346 686 3458 773">
    <p class='ocr_par' dir='ltr' id='par_1_5' title="bbox 346 686 3458 773">
     <span class='ocr_line' id='line_1_15' title="bbox 346 686 3458 773; baseline 0 -26"><span class='ocrx_word' id='word_1_78' title='bbox 346 704 635 770; x_wconf 83' lang='lat' dir='ltr'><strong>semper,</strong></span> <span class='ocrx_word' id='word_1_79' title='bbox 676 707 806 753; x_wconf 92' lang='lat' dir='ltr'><strong>non</strong></span> <span class='ocrx_word' id='word_1_80' title='bbox 839 689 1125 770; x_wconf 84' lang='lat' dir='ltr'><strong>obligent</strong></span> <span class='ocrx_word' id='word_1_81' title='bbox 1152 690 1229 753; x_wconf 98' lang='lat' dir='ltr'><strong>ad</strong></span> <span class='ocrx_word' id='word_1_82' title='bbox 1265 710 1539 773; x_wconf 88' lang='lat' dir='ltr'><strong>semper,</strong></span> <span class='ocrx_word' id='word_1_83' title='bbox 1572 689 1861 771; x_wconf 88' lang='lat' dir='ltr'><strong>obligant</strong></span> <span class='ocrx_word' id='word_1_84' title='bbox 1893 690 1943 752; x_wconf 80' lang='lat' dir='ltr'>A</span> <span class='ocrx_word' id='word_1_85' title='bbox 1973 708 2114 771; x_wconf 84' lang='lat' dir='ltr'><strong>quae</strong></span> <span class='ocrx_word' id='word_1_86' title='bbox 2144 688 2310 753; x_wconf 89' lang='lat' dir='ltr'><strong>inter</strong></span> <span class='ocrx_word' id='word_1_87' title='bbox 2338 688 2606 753; x_wconf 80' lang='lat' dir='ltr'><strong>virtutes</strong></span> <span class='ocrx_word' id='word_1_88' title='bbox 2637 688 2909 751; x_wconf 89' lang='lat' dir='ltr'><strong>morales</strong></span> <span class='ocrx_word' id='word_1_89' title='bbox 2945 686 3194 751; x_wconf 84' lang='lat' dir='ltr'><strong>videtur</strong></span> <span class='ocrx_word' id='word_1_90' title='bbox 3225 686 3458 768; x_wconf 84' lang='lat' dir='ltr'><strong>prima-</strong></span> 
     </span>
    </p>
   </div>
   <div class='ocr_carea' id='block_1_6' title="bbox 1970 786 3462 1856">
    <p class='ocr_par' dir='ltr' id='par_1_6' title="bbox 1970 786 3462 1856">
     <span class='ocr_line' id='line_1_16' title="bbox 1974 786 3458 871; baseline -0.001 -22"><span class='ocrx_word' id='word_1_91' title='bbox 1974 796 2105 851; x_wconf 87' lang='lat' dir='ltr'><strong>tum</strong></span> <span class='ocrx_word' id='word_1_92' title='bbox 2155 788 2390 865; x_wconf 88' lang='lat' dir='ltr'><strong>sortiri,</strong></span> <span class='ocrx_word' id='word_1_93' title='bbox 2422 796 2682 871; x_wconf 88' lang='lat' dir='ltr'><strong>propter</strong></span> <span class='ocrx_word' id='word_1_94' title='bbox 2724 786 3266 869; x_wconf 83' lang='lat' dir='ltr'><strong>propinquitatem</strong></span> <span class='ocrx_word' id='word_1_95' title='bbox 3317 786 3458 867; x_wconf 86' lang='lat' dir='ltr'><strong>ejus</strong></span> 
     </span>
     <span class='ocr_line' id='line_1_17' title="bbox 1974 884 3460 969; baseline -0.002 -20"><span class='ocrx_word' id='word_1_96' title='bbox 1974 887 2051 949; x_wconf 91' lang='lat' dir='ltr'><strong>ad</strong></span> <span class='ocrx_word' id='word_1_97' title='bbox 2091 888 2478 969; x_wconf 88' lang='lat' dir='ltr'><strong>theologicas</strong></span> <span class='ocrx_word' id='word_1_98' title='bbox 2518 886 2806 963; x_wconf 81' lang='lat' dir='ltr'><strong>virtuteS,</strong></span> <span class='ocrx_word' id='word_1_99' title='bbox 2841 894 2904 947; x_wconf 91' lang='lat' dir='ltr'><strong>et</strong></span> <span class='ocrx_word' id='word_1_100' title='bbox 2943 886 3242 967; x_wconf 89' lang='lat' dir='ltr'><strong>quoniam</strong></span> <span class='ocrx_word' id='word_1_101' title='bbox 3289 884 3460 947; x_wconf 88' lang='lat' dir='ltr'><strong>circa</strong></span> 
     </span>
     <span class='ocr_line' id='line_1_18' title="bbox 1974 983 3460 1063; baseline -0.003 -14"><span class='ocrx_word' id='word_1_102' title='bbox 1974 987 2172 1049; x_wconf 92' lang='lat' dir='ltr'><strong>Deum</strong></span> <span class='ocrx_word' id='word_1_103' title='bbox 2215 994 2525 1063; x_wconf 86' lang='lat' dir='ltr'><strong>versatur,</strong></span> <span class='ocrx_word' id='word_1_104' title='bbox 2557 986 2658 1049; x_wconf 91' lang='lat' dir='ltr'><strong>cui</strong></span> <span class='ocrx_word' id='word_1_105' title='bbox 2709 984 2949 1047; x_wconf 90' lang='lat' dir='ltr'><strong>cultum</strong></span> <span class='ocrx_word' id='word_1_106' title='bbox 2999 983 3460 1047; x_wconf 67' lang='lat' dir='ltr'><strong>caerimoniam-</strong></span> 
     </span>
     <span class='ocr_line' id='line_1_19' title="bbox 1972 1081 3458 1168; baseline -0.001 -21"><span class='ocrx_word' id='word_1_107' title='bbox 1972 1104 2098 1168; x_wconf 91' lang='lat' dir='ltr'><strong>que</strong></span> <span class='ocrx_word' id='word_1_108' title='bbox 2138 1084 2472 1168; x_wconf 90' lang='lat' dir='ltr'><strong>impendit.</strong></span> <span class='ocrx_word' id='word_1_109' title='bbox 2508 1084 2674 1161; x_wconf 90' lang='lat' dir='ltr'><strong>Ide0,</strong></span> <span class='ocrx_word' id='word_1_110' title='bbox 2709 1084 2872 1146; x_wconf 90' lang='lat' dir='ltr'><strong>sicut</strong></span> <span class='ocrx_word' id='word_1_111' title='bbox 2910 1083 3092 1147; x_wconf 89' lang='lat' dir='ltr'><strong>valde</strong></span> <span class='ocrx_word' id='word_1_112' title='bbox 3137 1081 3458 1145; x_wconf 88' lang='lat' dir='ltr'><strong>laudabile</strong></span> 
     </span>
     <span class='ocr_line' id='line_1_20' title="bbox 1972 1181 3460 1263; baseline -0.004 -16"><span class='ocrx_word' id='word_1_113' title='bbox 1972 1204 2045 1248; x_wconf 87' lang='lat' dir='ltr'><strong>ac</strong></span> <span class='ocrx_word' id='word_1_114' title='bbox 2078 1184 2474 1248; x_wconf 89' lang='lat' dir='ltr'><strong>meritorium</strong></span> <span class='ocrx_word' id='word_1_115' title='bbox 2506 1190 2623 1257; x_wconf 91' lang='lat' dir='ltr'><strong>est,</strong></span> <span class='ocrx_word' id='word_1_116' title='bbox 2659 1190 2804 1245; x_wconf 81' lang='lat' dir='ltr'><strong>vota</strong></span> <span class='ocrx_word' id='word_1_117' title='bbox 2835 1181 3138 1263; x_wconf 85' lang='lat' dir='ltr'><strong>implere3</strong></span> <span class='ocrx_word' id='word_1_118' title='bbox 3173 1181 3259 1244; x_wconf 88' lang='lat' dir='ltr'><strong>ita</strong></span> <span class='ocrx_word' id='word_1_119' title='bbox 3290 1198 3460 1263; x_wconf 91' lang='lat' dir='ltr'><strong>pror-</strong></span> 
     </span>
     <span class='ocr_line' id='line_1_21' title="bbox 1972 1281 3458 1362; baseline -0.001 -17"><span class='ocrx_word' id='word_1_120' title='bbox 1972 1303 2079 1346; x_wconf 91' lang='lat' dir='ltr'><strong>sus</strong></span> <span class='ocrx_word' id='word_1_121' title='bbox 2127 1281 2490 1346; x_wconf 84' lang='lat' dir='ltr'><strong>damnabile</strong></span> <span class='ocrx_word' id='word_1_122' title='bbox 2539 1281 2970 1362; x_wconf 89' lang='lat' dir='ltr'><strong>vitiosumque</strong></span> <span class='ocrx_word' id='word_1_123' title='bbox 3015 1288 3334 1357; x_wconf 90' lang='lat' dir='ltr'><strong>censetur,</strong></span> <span class='ocrx_word' id='word_1_124' title='bbox 3383 1298 3458 1343; x_wconf 91' lang='lat' dir='ltr'><strong>ea</strong></span> 
     </span>
     <span class='ocr_line' id='line_1_22' title="bbox 1972 1378 3453 1461; baseline -0.003 -16"><span class='ocrx_word' id='word_1_125' title='bbox 1972 1401 2099 1445; x_wconf 91' lang='lat' dir='ltr'><strong>non</strong></span> <span class='ocrx_word' id='word_1_126' title='bbox 2130 1382 2490 1445; x_wconf 90' lang='lat' dir='ltr'><strong>observare.</strong></span> <span class='ocrx_word' id='word_1_127' title='bbox 2516 1380 2674 1442; x_wconf 91' lang='lat' dir='ltr'><strong>Hinc</strong></span> <span class='ocrx_word' id='word_1_128' title='bbox 2708 1379 2992 1461; x_wconf 89' lang='lat' dir='ltr'><strong>loquitur</strong></span> <span class='ocrx_word' id='word_1_129' title='bbox 3012 1378 3400 1459; x_wconf 82' lang='lat' dir='ltr'><strong>Augustinus</strong></span> <span class='ocrx_word' id='word_1_130' title='bbox 3439 1395 3453 1440; x_wconf 77' lang='lat' dir='ltr'><strong><em>z</em></strong></span> 
     </span>
     <span class='ocr_line' id='line_1_23' title="bbox 1970 1476 3455 1561; baseline -0.003 -18"><span class='ocrx_word' id='word_1_131' title='bbox 1970 1481 2103 1543; x_wconf 91' lang='lat' dir='ltr'><strong>Non</strong></span> <span class='ocrx_word' id='word_1_132' title='bbox 2145 1489 2205 1543; x_wconf 89' lang='lat' dir='ltr'><strong>te</strong></span> <span class='ocrx_word' id='word_1_133' title='bbox 2249 1479 2500 1543; x_wconf 87' lang='lat' dir='ltr'><strong>vovisse</strong></span> <span class='ocrx_word' id='word_1_134' title='bbox 2543 1478 2883 1561; x_wconf 83' lang='lat' dir='ltr'><strong>poeniteat3</strong></span> <span class='ocrx_word' id='word_1_135' title='bbox 2917 1476 3045 1542; x_wconf 90' lang='lat' dir='ltr'><strong>imo</strong></span> <span class='ocrx_word' id='word_1_136' title='bbox 3085 1477 3291 1557; x_wconf 85' lang='lat' dir='ltr'><strong>gaude</strong></span> <span class='ocrx_word' id='word_1_137' title='bbox 3324 1476 3455 1559; x_wconf 82' lang='lat' dir='ltr'><strong>jam</strong></span> 
     </span>
     <span class='ocr_line' id='line_1_24' title="bbox 1971 1576 3462 1658; baseline -0.002 -18"><span class='ocrx_word' id='word_1_138' title='bbox 1971 1578 2087 1641; x_wconf 90' lang='lat' dir='ltr'><strong>tibi</strong></span> <span class='ocrx_word' id='word_1_139' title='bbox 2126 1597 2254 1643; x_wconf 92' lang='lat' dir='ltr'><strong>non</strong></span> <span class='ocrx_word' id='word_1_140' title='bbox 2295 1578 2508 1652; x_wconf 92' lang='lat' dir='ltr'><strong>licere,</strong></span> <span class='ocrx_word' id='word_1_141' title='bbox 2544 1576 2712 1658; x_wconf 92' lang='lat' dir='ltr'><strong>quod</strong></span> <span class='ocrx_word' id='word_1_142' title='bbox 2758 1595 2902 1639; x_wconf 90' lang='lat' dir='ltr'><strong>cum</strong></span> <span class='ocrx_word' id='word_1_143' title='bbox 2947 1583 3072 1638; x_wconf 78' lang='lat' dir='ltr'><strong>tuae</strong></span> <span class='ocrx_word' id='word_1_144' title='bbox 3115 1576 3462 1638; x_wconf 89' lang='lat' dir='ltr'><strong>detrimen-</strong></span> 
     </span>
     <span class='ocr_line' id='line_1_25' title="bbox 1973 1674 3458 1756; baseline -0.001 -18"><span class='ocrx_word' id='word_1_145' title='bbox 1973 1684 2035 1741; x_wconf 89' lang='lat' dir='ltr'><strong>to</strong></span> <span class='ocrx_word' id='word_1_146' title='bbox 2074 1676 2296 1739; x_wconf 92' lang='lat' dir='ltr'><strong>salutis</strong></span> <span class='ocrx_word' id='word_1_147' title='bbox 2339 1675 2646 1740; x_wconf 84' lang='lat' dir='ltr'><strong>licuisset.</strong></span> <span class='ocrx_word' id='word_1_148' title='bbox 2685 1674 2858 1737; x_wconf 86' lang='lat' dir='ltr'><strong>Felix</strong></span> <span class='ocrx_word' id='word_1_149' title='bbox 2900 1674 3268 1751; x_wconf 84' lang='lat' dir='ltr'><strong>necessitas,</strong></span> <span class='ocrx_word' id='word_1_150' title='bbox 3313 1692 3458 1756; x_wconf 66' lang='lat' dir='ltr'><strong>quae</strong></span> 
     </span>
     <span class='ocr_line' id='line_1_26' title="bbox 1970 1773 3455 1856; baseline -0.001 -18"><span class='ocrx_word' id='word_1_151' title='bbox 1970 1775 2049 1838; x_wconf 90' lang='lat' dir='ltr'><strong>ad</strong></span> <span class='ocrx_word' id='word_1_152' title='bbox 2090 1776 2358 1839; x_wconf 89' lang='lat' dir='ltr'><strong>meliora</strong></span> <span class='ocrx_word' id='word_1_153' title='bbox 2393 1773 2744 1856; x_wconf 81' lang='lat' dir='ltr'><strong>compellit.</strong></span> <span class='ocrx_word' id='word_1_154' title='bbox 2782 1773 2958 1835; x_wconf 88' lang='lat' dir='ltr'><strong>Unde</strong></span> <span class='ocrx_word' id='word_1_155' title='bbox 2999 1774 3165 1837; x_wconf 90' lang='lat' dir='ltr'><strong>sicut</strong></span> <span class='ocrx_word' id='word_1_156' title='bbox 3202 1792 3455 1851; x_wconf 81' lang='lat' dir='ltr'><strong>vovere,</strong></span> 
     </span>
    </p>
   </div>
   <div class='ocr_carea' id='block_1_7' title="bbox 353 1870 3458 2154">
    <p class='ocr_par' dir='ltr' id='par_1_7' title="bbox 353 1870 3458 2154">
     <span class='ocr_line' id='line_1_27' title="bbox 355 1870 3452 1956; baseline 0.001 -23"><span class='ocrx_word' id='word_1_157' title='bbox 355 1870 611 1934; x_wconf 89' lang='lat' dir='ltr'><strong>cultum</strong></span> <span class='ocrx_word' id='word_1_158' title='bbox 652 1872 896 1937; x_wconf 87' lang='lat' dir='ltr'><strong>directe</strong></span> <span class='ocrx_word' id='word_1_159' title='bbox 934 1881 1293 1952; x_wconf 86' lang='lat' dir='ltr'><strong>concernat,</strong></span> <span class='ocrx_word' id='word_1_160' title='bbox 1330 1882 1399 1936; x_wconf 90' lang='lat' dir='ltr'><strong>ut</strong></span> <span class='ocrx_word' id='word_1_161' title='bbox 1448 1873 1734 1955; x_wconf 89' lang='lat' dir='ltr'><strong>quotidie</strong></span> <span class='ocrx_word' id='word_1_162' title='bbox 1781 1873 1863 1935; x_wconf 90' lang='lat' dir='ltr'><strong>le·</strong></span> <span class='ocrx_word' id='word_1_163' title='bbox 1898 1880 1944 1941; x_wconf 94' lang='lat' dir='ltr'>B</span> <span class='ocrx_word' id='word_1_164' title='bbox 1972 1881 2067 1937; x_wconf 91' lang='lat' dir='ltr'><strong>est</strong></span> <span class='ocrx_word' id='word_1_165' title='bbox 2096 1882 2462 1956; x_wconf 78' lang='lat' dir='ltr'><strong>spontaneae</strong></span> <span class='ocrx_word' id='word_1_166' title='bbox 2497 1871 2882 1952; x_wconf 83' lang='lat' dir='ltr'><strong>voluntatis3</strong></span> <span class='ocrx_word' id='word_1_167' title='bbox 2917 1871 3008 1934; x_wconf 92' lang='lat' dir='ltr'><strong>sic</strong></span> <span class='ocrx_word' id='word_1_168' title='bbox 3047 1890 3122 1935; x_wconf 92' lang='lat' dir='ltr'><strong>ea</strong></span> <span class='ocrx_word' id='word_1_169' title='bbox 3166 1871 3452 1954; x_wconf 79' lang='lat' dir='ltr'><strong>implere,</strong></span> 
     </span>
     <span class='ocr_line' id='line_1_28' title="bbox 353 1971 3458 2053; baseline 0 -20"><span class='ocrx_word' id='word_1_170' title='bbox 353 1987 513 2049; x_wconf 89' lang='lat' dir='ltr'><strong>gere</strong></span> <span class='ocrx_word' id='word_1_171' title='bbox 558 1979 804 2053; x_wconf 90' lang='lat' dir='ltr'><strong>septem</strong></span> <span class='ocrx_word' id='word_1_172' title='bbox 855 1971 1159 2053; x_wconf 86' lang='lat' dir='ltr'><strong>psalmos,</strong></span> <span class='ocrx_word' id='word_1_173' title='bbox 1192 1980 1300 2034; x_wconf 94' lang='lat' dir='ltr'><strong>aut</strong></span> <span class='ocrx_word' id='word_1_174' title='bbox 1349 1971 1692 2047; x_wconf 89' lang='lat' dir='ltr'><strong>celebrare,</strong></span> <span class='ocrx_word' id='word_1_175' title='bbox 1732 1990 1858 2035; x_wconf 93' lang='lat' dir='ltr'><strong>non</strong></span> <span class='ocrx_word' id='word_1_176' title='bbox 1972 1982 2069 2037; x_wconf 86' lang='lat' dir='ltr'><strong>est</strong></span> <span class='ocrx_word' id='word_1_177' title='bbox 2104 1972 2524 2037; x_wconf 86' lang='lat' dir='ltr'><strong>necessitatis.</strong></span> <span class='ocrx_word' id='word_1_178' title='bbox 2562 1974 2897 2051; x_wconf 76' lang='lat' dir='ltr'><strong>Multoque</strong></span> <span class='ocrx_word' id='word_1_179' title='bbox 2934 1973 3162 2033; x_wconf 81' lang='lat' dir='ltr'><strong>melius</strong></span> <span class='ocrx_word' id='word_1_180' title='bbox 3197 1980 3286 2031; x_wconf 77' lang='lat' dir='ltr'><strong>est</strong></span> <span class='ocrx_word' id='word_1_181' title='bbox 3327 1991 3458 2033; x_wconf 77' lang='lat' dir='ltr'><strong>non</strong></span> 
     </span>
     <span class='ocr_line' id='line_1_29' title="bbox 356 2070 3458 2154; baseline -0.001 -23"><span class='ocrx_word' id='word_1_182' title='bbox 356 2078 577 2150; x_wconf 86' lang='lat' dir='ltr'><strong>potest</strong></span> <span class='ocrx_word' id='word_1_183' title='bbox 601 2070 796 2134; x_wconf 88' lang='lat' dir='ltr'><strong>homo</strong></span> <span class='ocrx_word' id='word_1_184' title='bbox 833 2071 939 2135; x_wconf 89' lang='lat' dir='ltr'><strong>cui</strong></span> <span class='ocrx_word' id='word_1_185' title='bbox 978 2070 1043 2133; x_wconf 91' lang='lat' dir='ltr'><strong>id</strong></span> <span class='ocrx_word' id='word_1_186' title='bbox 1080 2071 1495 2154; x_wconf 87' lang='lat' dir='ltr'><strong>promittitur,</strong></span> <span class='ocrx_word' id='word_1_187' title='bbox 1535 2072 1724 2135; x_wconf 85' lang='lat' dir='ltr'><strong>talem</strong></span> <span class='ocrx_word' id='word_1_188' title='bbox 1768 2090 1865 2134; x_wconf 88' lang='lat' dir='ltr'><strong>re-</strong></span> <span class='ocrx_word' id='word_1_189' title='bbox 1972 2093 2218 2142; x_wconf 85' lang='lat' dir='ltr'><strong>vovere,</strong></span> <span class='ocrx_word' id='word_1_190' title='bbox 2263 2092 2461 2152; x_wconf 82' lang='lat' dir='ltr'><strong>qua-m</strong></span> <span class='ocrx_word' id='word_1_191' title='bbox 2499 2080 2642 2147; x_wconf 76' lang='lat' dir='ltr'><strong>post</strong></span> <span class='ocrx_word' id='word_1_192' title='bbox 2689 2079 2914 2131; x_wconf 77' lang='lat' dir='ltr'><strong>votum</strong></span> <span class='ocrx_word' id='word_1_193' title='bbox 2961 2072 3278 2147; x_wconf 80' lang='lat' dir='ltr'><strong>promissa</strong></span> <span class='ocrx_word' id='word_1_194' title='bbox 3327 2089 3458 2131; x_wconf 78' lang='lat' dir='ltr'><strong>non</strong></span> 
     </span>
    </p>
   </div>
   <div class='ocr_carea' id='block_1_8' title="bbox 356 2168 1865 2352">
    <p class='ocr_par' dir='ltr' id='par_1_8' title="bbox 356 2168 1865 2352">
     <span class='ocr_line' id='line_1_30' title="bbox 356 2168 1865 2253; baseline 0.002 -22"><span class='ocrx_word' id='word_1_195' title='bbox 356 2168 575 2233; x_wconf 84' lang='lat' dir='ltr'><strong>laxare</strong></span> <span class='ocrx_word' id='word_1_196' title='bbox 626 2171 1117 2253; x_wconf 87' lang='lat' dir='ltr'><strong>promissionem</strong></span> <span class='ocrx_word' id='word_1_197' title='bbox 1169 2191 1183 2236; x_wconf 74' lang='grc' dir='ltr'><strong><em>ε</em></strong></span> <span class='ocrx_word' id='word_1_198' title='bbox 1234 2172 1537 2253; x_wconf 89' lang='lat' dir='ltr'><strong>quoniam</strong></span> <span class='ocrx_word' id='word_1_199' title='bbox 1589 2171 1717 2236; x_wconf 92' lang='lat' dir='ltr'><strong>Deo</strong></span> <span class='ocrx_word' id='word_1_200' title='bbox 1766 2171 1865 2234; x_wconf 89' lang='lat' dir='ltr'><strong>in-</strong></span> 
     </span>
     <span class='ocr_line' id='line_1_31' title="bbox 358 2268 1858 2352; baseline 0.001 -21"><span class='ocrx_word' id='word_1_201' title='bbox 358 2268 678 2348; x_wconf 87' lang='lat' dir='ltr'><strong>telligitur</strong></span> <span class='ocrx_word' id='word_1_202' title='bbox 719 2268 1163 2352; x_wconf 86' lang='lat' dir='ltr'><strong>principaliter</strong></span> <span class='ocrx_word' id='word_1_203' title='bbox 1197 2268 1384 2348; x_wconf 80' lang='lat' dir='ltr'><strong>facta,</strong></span> <span class='ocrx_word' id='word_1_204' title='bbox 1420 2289 1547 2334; x_wconf 90' lang='lat' dir='ltr'><strong>non</strong></span> <span class='ocrx_word' id='word_1_205' title='bbox 1589 2271 1858 2334; x_wconf 90' lang='lat' dir='ltr'><strong>homini.</strong></span> 
     </span>
    </p>
   </div>
   <div class='ocr_carea' id='block_1_9' title="bbox 200 2366 1863 2446">
    <p class='ocr_par' dir='ltr' id='par_1_9' title="bbox 200 2366 1863 2446">
     <span class='ocr_line' id='line_1_32' title="bbox 200 2366 1863 2446; baseline 0.004 -19"><span class='ocrx_word' id='word_1_206' title='bbox 200 2400 275 2428; x_wconf 74' lang='lat' dir='ltr'><strong>m</strong></span> <span class='ocrx_word' id='word_1_207' title='bbox 314 2366 527 2438; x_wconf 84' lang='lat' dir='ltr'><strong>,Hinc</strong></span> <span class='ocrx_word' id='word_1_208' title='bbox 584 2368 677 2431; x_wconf 89' lang='lat' dir='ltr'><strong>ait</strong></span> <span class='ocrx_word' id='word_1_209' title='bbox 732 2368 1067 2431; x_wconf 88' lang='lat' dir='ltr'><strong>Psalmista</strong></span> <span class='ocrx_word' id='word_1_210' title='bbox 1121 2386 1135 2431; x_wconf 72' lang='grc' dir='ltr'><strong><em>τ</em></strong></span> <span class='ocrx_word' id='word_1_211' title='bbox 1188 2370 1448 2446; x_wconf 87' lang='lat' dir='ltr'><strong>Vovete,</strong></span> <span class='ocrx_word' id='word_1_212' title='bbox 1500 2378 1565 2433; x_wconf 88' lang='lat' dir='ltr'><strong>et</strong></span> <span class='ocrx_word' id='word_1_213' title='bbox 1622 2371 1863 2434; x_wconf 90' lang='lat' dir='ltr'><strong>reddite</strong></span> 
     </span>
    </p>
   </div>
   <div class='ocr_carea' id='block_1_10' title="bbox 359 2467 1866 2551">
    <p class='ocr_par' dir='ltr' id='par_1_10' title="bbox 359 2467 1866 2551">
     <span class='ocr_line' id='line_1_33' title="bbox 359 2467 1866 2551; baseline 0.003 -21"><span class='ocrx_word' id='word_1_214' title='bbox 359 2467 639 2530; x_wconf 88' lang='lat' dir='ltr'><strong>Domino</strong></span> <span class='ocrx_word' id='word_1_215' title='bbox 668 2468 794 2531; x_wconf 89' lang='lat' dir='ltr'><strong>Deo</strong></span> <span class='ocrx_word' id='word_1_216' title='bbox 828 2476 1061 2532; x_wconf 88' lang='lat' dir='ltr'><strong>vestro.</strong></span> <span class='ocrx_word' id='word_1_217' title='bbox 1097 2468 1165 2530; x_wconf 84' lang='lat' dir='ltr'><strong>ln</strong></span> <span class='ocrx_word' id='word_1_218' title='bbox 1195 2469 1683 2533; x_wconf 88' lang='lat' dir='ltr'><strong>Deuteronomio</strong></span> <span class='ocrx_word' id='word_1_219' title='bbox 1713 2488 1866 2551; x_wconf 93' lang='lat' dir='ltr'><strong>quo-</strong></span> 
     </span>
    </p>
   </div>
   <div class='ocr_carea' id='block_1_11' title="bbox 268 2565 1868 2648">
    <p class='ocr_par' dir='ltr' id='par_1_11' title="bbox 268 2565 1868 2648">
     <span class='ocr_line' id='line_1_34' title="bbox 268 2565 1868 2648; baseline 0.002 -21"><span class='ocrx_word' id='word_1_220' title='bbox 268 2600 325 2636; x_wconf 79' lang='lat' dir='ltr'><strong>m,</strong></span> <span class='ocrx_word' id='word_1_221' title='bbox 358 2584 495 2646; x_wconf 89' lang='lat' dir='ltr'><strong>que</strong></span> <span class='ocrx_word' id='word_1_222' title='bbox 535 2566 630 2629; x_wconf 91' lang='lat' dir='ltr'><strong>sic</strong></span> <span class='ocrx_word' id='word_1_223' title='bbox 662 2566 893 2647; x_wconf 84' lang='lat' dir='ltr'><strong>legitur</strong></span> <span class='ocrx_word' id='word_1_224' title='bbox 928 2584 941 2627; x_wconf 90' lang='lat'>:</span> <span class='ocrx_word' id='word_1_225' title='bbox 976 2565 1152 2640; x_wconf 92' lang='lat' dir='ltr'><strong>Quod</strong></span> <span class='ocrx_word' id='word_1_226' title='bbox 1182 2566 1380 2629; x_wconf 89' lang='lat' dir='ltr'><strong>semel</strong></span> <span class='ocrx_word' id='word_1_227' title='bbox 1416 2585 1739 2648; x_wconf 85' lang='lat' dir='ltr'><strong>egressum</strong></span> <span class='ocrx_word' id='word_1_228' title='bbox 1769 2577 1868 2630; x_wconf 92' lang='lat' dir='ltr'><strong>est</strong></span> 
     </span>
    </p>
   </div>
   <div class='ocr_carea' id='block_1_12' title="bbox 358 2663 1866 3041">
    <p class='ocr_par' dir='ltr' id='par_1_12' title="bbox 358 2663 1865 2842">
     <span class='ocr_line' id='line_1_35' title="bbox 358 2663 1865 2740; baseline 0.002 -16"><span class='ocrx_word' id='word_1_229' title='bbox 358 2663 441 2725; x_wconf 89' lang='lat' dir='ltr'><strong>de</strong></span> <span class='ocrx_word' id='word_1_230' title='bbox 493 2663 686 2726; x_wconf 89' lang='lat' dir='ltr'><strong>labiis</strong></span> <span class='ocrx_word' id='word_1_231' title='bbox 732 2664 881 2739; x_wconf 86' lang='lat' dir='ltr'><strong>tuis,</strong></span> <span class='ocrx_word' id='word_1_232' title='bbox 924 2663 1316 2740; x_wconf 78' lang='lat' dir='ltr'><strong>observabiS,</strong></span> <span class='ocrx_word' id='word_1_233' title='bbox 1352 2673 1415 2727; x_wconf 90' lang='lat' dir='ltr'><strong>et</strong></span> <span class='ocrx_word' id='word_1_234' title='bbox 1465 2663 1658 2728; x_wconf 81' lang='lat' dir='ltr'><strong>facies</strong></span> <span class='ocrx_word' id='word_1_235' title='bbox 1702 2665 1865 2728; x_wconf 90' lang='lat' dir='ltr'><strong>sicut</strong></span> 
     </span>
     <span class='ocr_line' id='line_1_36' title="bbox 359 2762 1381 2842; baseline 0 -19"><span class='ocrx_word' id='word_1_236' title='bbox 359 2762 723 2842; x_wconf 88' lang='lat' dir='ltr'><strong>promisisti</strong></span> <span class='ocrx_word' id='word_1_237' title='bbox 767 2762 1038 2826; x_wconf 90' lang='lat' dir='ltr'><strong>Domino</strong></span> <span class='ocrx_word' id='word_1_238' title='bbox 1078 2763 1206 2825; x_wconf 92' lang='lat' dir='ltr'><strong>Deo</strong></span> <span class='ocrx_word' id='word_1_239' title='bbox 1252 2771 1381 2825; x_wconf 90' lang='lat' dir='ltr'><strong>tuo.</strong></span> 
     </span>
    </p>

    <p class='ocr_par' dir='ltr' id='par_1_13' title="bbox 360 2861 1866 3041">
     <span class='ocr_line' id='line_1_37' title="bbox 442 2861 1862 2939; baseline 0.003 -18"><span class='ocrx_word' id='word_1_240' title='bbox 442 2862 761 2939; x_wconf 72' lang='lat' dir='ltr'><strong>Displicet</strong></span> <span class='ocrx_word' id='word_1_241' title='bbox 808 2864 988 2923; x_wconf 78' lang='lat' dir='ltr'><strong>enim</strong></span> <span class='ocrx_word' id='word_1_242' title='bbox 1025 2864 1087 2921; x_wconf 79' lang='lat' dir='ltr'><strong>ei</strong></span> <span class='ocrx_word' id='word_1_243' title='bbox 1126 2863 1435 2939; x_wconf 81' lang='lat' dir='ltr'><strong>infidelis,</strong></span> <span class='ocrx_word' id='word_1_244' title='bbox 1482 2861 1545 2923; x_wconf 88' lang='lat' dir='ltr'><strong>id</strong></span> <span class='ocrx_word' id='word_1_245' title='bbox 1594 2868 1691 2924; x_wconf 90' lang='lat' dir='ltr'><strong>est</strong></span> <span class='ocrx_word' id='word_1_246' title='bbox 1736 2881 1862 2925; x_wconf 89' lang='lat' dir='ltr'><strong>non</strong></span> 
     </span>
     <span class='ocr_line' id='line_1_38' title="bbox 360 2957 1866 3041; baseline 0.001 -22"><span class='ocrx_word' id='word_1_247' title='bbox 360 2957 656 3039; x_wconf 88' lang='lat' dir='ltr'><strong>impleta,</strong></span> <span class='ocrx_word' id='word_1_248' title='bbox 700 2968 761 3019; x_wconf 80' lang='lat' dir='ltr'><strong>et</strong></span> <span class='ocrx_word' id='word_1_249' title='bbox 806 2964 1036 3030; x_wconf 76' lang='lat' dir='ltr'><strong>stulta,</strong></span> <span class='ocrx_word' id='word_1_250' title='bbox 1067 2959 1129 3021; x_wconf 92' lang='lat' dir='ltr'><strong>id</strong></span> <span class='ocrx_word' id='word_1_251' title='bbox 1178 2969 1278 3023; x_wconf 90' lang='lat' dir='ltr'><strong>est</strong></span> <span class='ocrx_word' id='word_1_252' title='bbox 1327 2959 1689 3036; x_wconf 87' lang='lat' dir='ltr'><strong>indiscreta,</strong></span> <span class='ocrx_word' id='word_1_253' title='bbox 1718 2982 1866 3041; x_wconf 82' lang='lat' dir='ltr'><strong>pro-</strong></span> 
     </span>
    </p>
   </div>
   <div class='ocr_carea' id='block_1_13' title="bbox 1970 2173 3466 3038">
    <p class='ocr_par' dir='ltr' id='par_1_14' title="bbox 1970 2173 2256 2231">
     <span class='ocr_line' id='line_1_39' title="bbox 1970 2173 2256 2231; baseline 0.007 -2"><span class='ocrx_word' id='word_1_254' title='bbox 1970 2173 2256 2231; x_wconf 83' lang='lat' dir='ltr'><strong>reddere.</strong></span> 
     </span>
    </p>

    <p class='ocr_par' dir='ltr' id='par_1_15' title="bbox 1974 2265 3466 3038">
     <span class='ocr_line' id='line_1_40' title="bbox 2053 2265 3462 2349; baseline -0.002 -18"><span class='ocrx_word' id='word_1_255' title='bbox 2053 2270 2356 2332; x_wconf 79' lang='lat' dir='ltr'><strong>Praeterea</strong></span> <span class='ocrx_word' id='word_1_256' title='bbox 2395 2267 2660 2331; x_wconf 81' lang='lat' dir='ltr'><strong>infidele</strong></span> <span class='ocrx_word' id='word_1_257' title='bbox 2689 2275 2787 2331; x_wconf 90' lang='lat' dir='ltr'><strong>est</strong></span> <span class='ocrx_word' id='word_1_258' title='bbox 2825 2275 3042 2331; x_wconf 89' lang='lat' dir='ltr'><strong>votum</strong></span> <span class='ocrx_word' id='word_1_259' title='bbox 3071 2284 3314 2343; x_wconf 91' lang='lat' dir='ltr'><strong>eorum,</strong></span> <span class='ocrx_word' id='word_1_260' title='bbox 3349 2265 3462 2349; x_wconf 91' lang='lat' dir='ltr'><strong>qui</strong></span> 
     </span>
     <span class='ocr_line' id='line_1_41' title="bbox 1976 2365 3466 2448; baseline -0.001 -17"><span class='ocrx_word' id='word_1_261' title='bbox 1976 2368 2370 2431; x_wconf 89' lang='lat' dir='ltr'><strong>necessitatis</strong></span> <span class='ocrx_word' id='word_1_262' title='bbox 2399 2367 2666 2431; x_wconf 90' lang='lat' dir='ltr'><strong>articulo</strong></span> <span class='ocrx_word' id='word_1_263' title='bbox 2693 2366 3068 2428; x_wconf 86' lang='lat' dir='ltr'><strong>imminente</strong></span> <span class='ocrx_word' id='word_1_264' title='bbox 3095 2365 3338 2448; x_wconf 90' lang='lat' dir='ltr'><strong>aliquid</strong></span> <span class='ocrx_word' id='word_1_265' title='bbox 3361 2384 3466 2430; x_wconf 89' lang='lat' dir='ltr'><strong>vo·</strong></span> 
     </span>
     <span class='ocr_line' id='line_1_42' title="bbox 1975 2464 3464 2543; baseline -0.002 -14"><span class='ocrx_word' id='word_1_266' title='bbox 1975 2476 2147 2543; x_wconf 90' lang='lat' dir='ltr'><strong>vent,</strong></span> <span class='ocrx_word' id='word_1_267' title='bbox 2183 2476 2244 2529; x_wconf 89' lang='lat' dir='ltr'><strong>et</strong></span> <span class='ocrx_word' id='word_1_268' title='bbox 2292 2466 2666 2529; x_wconf 86' lang='lat' dir='ltr'><strong>necessitate</strong></span> <span class='ocrx_word' id='word_1_269' title='bbox 2711 2464 2822 2527; x_wconf 87' lang='lat' dir='ltr'><strong>illa</strong></span> <span class='ocrx_word' id='word_1_270' title='bbox 2871 2471 3179 2541; x_wconf 87' lang='lat' dir='ltr'><strong>cessante,</strong></span> <span class='ocrx_word' id='word_1_271' title='bbox 3214 2464 3464 2528; x_wconf 90' lang='lat' dir='ltr'><strong>vovisse</strong></span> 
     </span>
     <span class='ocr_line' id='line_1_43' title="bbox 1975 2560 3465 2646; baseline -0.001 -19"><span class='ocrx_word' id='word_1_272' title='bbox 1975 2584 2042 2629; x_wconf 91' lang='lat' dir='ltr'><strong>se</strong></span> <span class='ocrx_word' id='word_1_273' title='bbox 2070 2564 2311 2642; x_wconf 89' lang='lat' dir='ltr'><strong>dolent,</strong></span> <span class='ocrx_word' id='word_1_274' title='bbox 2351 2584 2466 2628; x_wconf 92' lang='lat' dir='ltr'><strong>nec</strong></span> <span class='ocrx_word' id='word_1_275' title='bbox 2499 2565 2792 2646; x_wconf 90' lang='lat' dir='ltr'><strong>implent.</strong></span> <span class='ocrx_word' id='word_1_276' title='bbox 2825 2564 3056 2627; x_wconf 87' lang='lat' dir='ltr'><strong>Votum</strong></span> <span class='ocrx_word' id='word_1_277' title='bbox 3089 2581 3345 2645; x_wconf 89' lang='lat' dir='ltr'><strong>quoque</strong></span> <span class='ocrx_word' id='word_1_278' title='bbox 3380 2560 3465 2625; x_wconf 74' lang='lat' dir='ltr'><strong>fa·</strong></span> 
     </span>
     <span class='ocr_line' id='line_1_44' title="bbox 1974 2660 3462 2745; baseline -0.003 -19"><span class='ocrx_word' id='word_1_279' title='bbox 1974 2673 2148 2726; x_wconf 90' lang='lat' dir='ltr'><strong>ctum</strong></span> <span class='ocrx_word' id='word_1_280' title='bbox 2188 2664 2266 2726; x_wconf 90' lang='lat' dir='ltr'><strong>de</strong></span> <span class='ocrx_word' id='word_1_281' title='bbox 2310 2662 2718 2745; x_wconf 89' lang='lat' dir='ltr'><strong>impossibili,</strong></span> <span class='ocrx_word' id='word_1_282' title='bbox 2759 2661 3023 2723; x_wconf 86' lang='lat' dir='ltr'><strong>stultum</strong></span> <span class='ocrx_word' id='word_1_283' title='bbox 3063 2670 3197 2726; x_wconf 89' lang='lat' dir='ltr'><strong>est:</strong></span> <span class='ocrx_word' id='word_1_284' title='bbox 3236 2660 3462 2724; x_wconf 91' lang='lat' dir='ltr'><strong>simili-</strong></span> 
     </span>
     <span class='ocr_line' id='line_1_45' title="bbox 1980 2756 3464 2844; baseline -0.001 -21"><span class='ocrx_word' id='word_1_285' title='bbox 1980 2770 2071 2825; x_wconf 91' lang='lat' dir='ltr'><strong>ter</strong></span> <span class='ocrx_word' id='word_1_286' title='bbox 2098 2762 2272 2844; x_wconf 91' lang='lat' dir='ltr'><strong>quod</strong></span> <span class='ocrx_word' id='word_1_287' title='bbox 2305 2761 2382 2823; x_wconf 82' lang='lat' dir='ltr'><strong>fit</strong></span> <span class='ocrx_word' id='word_1_288' title='bbox 2411 2762 2536 2824; x_wconf 90' lang='lat' dir='ltr'><strong>Deo</strong></span> <span class='ocrx_word' id='word_1_289' title='bbox 2566 2761 2644 2823; x_wconf 92' lang='lat' dir='ltr'><strong>de</strong></span> <span class='ocrx_word' id='word_1_290' title='bbox 2675 2778 2742 2822; x_wconf 93' lang='lat' dir='ltr'><strong>re</strong></span> <span class='ocrx_word' id='word_1_291' title='bbox 2771 2756 3188 2821; x_wconf 76' lang='lat' dir='ltr'><strong>indifferenti.</strong></span> <span class='ocrx_word' id='word_1_292' title='bbox 3204 2758 3464 2823; x_wconf 92' lang='lat' dir='ltr'><strong>Constat</strong></span> 
     </span>
     <span class='ocr_line' id='line_1_46' title="bbox 1976 2857 3464 2940; baseline -0.001 -18"><span class='ocrx_word' id='word_1_293' title='bbox 1976 2861 2128 2923; x_wconf 85' lang='lat' dir='ltr'><strong>item</strong></span> <span class='ocrx_word' id='word_1_294' title='bbox 2174 2880 2250 2924; x_wconf 85' lang='lat' dir='ltr'><strong>ex</strong></span> <span class='ocrx_word' id='word_1_295' title='bbox 2290 2860 2498 2937; x_wconf 83' lang='lat' dir='ltr'><strong>dictis,</strong></span> <span class='ocrx_word' id='word_1_296' title='bbox 2524 2859 2725 2922; x_wconf 88' lang='lat' dir='ltr'><strong>multo</strong></span> <span class='ocrx_word' id='word_1_297' title='bbox 2759 2857 2904 2940; x_wconf 91' lang='lat' dir='ltr'><strong>plus</strong></span> <span class='ocrx_word' id='word_1_298' title='bbox 2937 2857 3336 2921; x_wconf 89' lang='lat' dir='ltr'><strong>meritorium</strong></span> <span class='ocrx_word' id='word_1_299' title='bbox 3370 2876 3464 2921; x_wconf 91' lang='lat' dir='ltr'><strong>es-</strong></span> 
     </span>
     <span class='ocr_line' id='line_1_47' title="bbox 1976 2955 3460 3038; baseline -0.002 -18"><span class='ocrx_word' id='word_1_300' title='bbox 1976 2978 2062 3034; x_wconf 90' lang='lat' dir='ltr'><strong>se,</strong></span> <span class='ocrx_word' id='word_1_301' title='bbox 2082 2958 2293 3022; x_wconf 86' lang='lat' dir='ltr'><strong>l&#39;acere</strong></span> <span class='ocrx_word' id='word_1_302' title='bbox 2323 2958 2560 3021; x_wconf 89' lang='lat' dir='ltr'><strong>bonum</strong></span> <span class='ocrx_word' id='word_1_303' title='bbox 2593 2976 2669 3020; x_wconf 84' lang='lat' dir='ltr'><strong>ex</strong></span> <span class='ocrx_word' id='word_1_304' title='bbox 2701 2964 2868 3033; x_wconf 87' lang='lat' dir='ltr'><strong>voto,</strong></span> <span class='ocrx_word' id='word_1_305' title='bbox 2894 2975 3086 3038; x_wconf 92' lang='lat' dir='ltr'><strong>quam</strong></span> <span class='ocrx_word' id='word_1_306' title='bbox 3121 2955 3257 3019; x_wconf 90' lang='lat' dir='ltr'><strong>sine</strong></span> <span class='ocrx_word' id='word_1_307' title='bbox 3288 2964 3460 3019; x_wconf 85' lang='lat' dir='ltr'><strong>vote.</strong></span> 
     </span>
    </p>
   </div>
   <div class='ocr_carea' id='block_1_14' title="bbox 358 3053 3464 3136">
    <p class='ocr_par' dir='ltr' id='par_1_16' title="bbox 358 3053 3464 3136">
     <span class='ocr_line' id='line_1_48' title="bbox 358 3053 3464 3136; baseline -0 -20"><span class='ocrx_word' id='word_1_308' title='bbox 358 3058 613 3119; x_wconf 60' lang='lat' dir='ltr'><strong>missio,</strong></span> <span class='ocrx_word' id='word_1_309' title='bbox 636 3056 1182 3131; x_wconf 87' lang='lat' dir='ltr'><strong>Quemadmodum</strong></span> <span class='ocrx_word' id='word_1_310' title='bbox 1214 3060 1388 3121; x_wconf 90' lang='lat' dir='ltr'><strong>enim</strong></span> <span class='ocrx_word' id='word_1_311' title='bbox 1423 3068 1551 3122; x_wconf 85' lang='lat' dir='ltr'><strong>tres</strong></span> <span class='ocrx_word' id='word_1_312' title='bbox 1580 3068 1728 3121; x_wconf 85' lang='lat' dir='ltr'><strong>sunt</strong></span> <span class='ocrx_word' id='word_1_313' title='bbox 1764 3079 1866 3123; x_wconf 92' lang='lat' dir='ltr'><strong>co-</strong></span> <span class='ocrx_word' id='word_1_314' title='bbox 1900 3063 1943 3125; x_wconf 93' lang='lat' dir='ltr'>C</span> <span class='ocrx_word' id='word_1_315' title='bbox 1976 3058 2328 3122; x_wconf 88' lang='lat' dir='ltr'><strong>Ponderent</strong></span> <span class='ocrx_word' id='word_1_316' title='bbox 2365 3056 2498 3120; x_wconf 83' lang='lat' dir='ltr'><strong>haec</strong></span> <span class='ocrx_word' id='word_1_317' title='bbox 2541 3054 2820 3135; x_wconf 83' lang='lat' dir='ltr'><strong>religiosi</strong></span> <span class='ocrx_word' id='word_1_318' title='bbox 2861 3054 2972 3136; x_wconf 92' lang='lat' dir='ltr'><strong>qui</strong></span> <span class='ocrx_word' id='word_1_319' title='bbox 3016 3073 3133 3117; x_wconf 89' lang='lat' dir='ltr'><strong>nec</strong></span> <span class='ocrx_word' id='word_1_320' title='bbox 3171 3053 3464 3116; x_wconf 85' lang='lat' dir='ltr'><strong>substan-</strong></span> 
     </span>
    </p>
   </div>
   <div class='ocr_carea' id='block_1_15' title="bbox 354 3155 1864 4223">
    <p class='ocr_par' dir='ltr' id='par_1_17' title="bbox 354 3155 1864 4223">
     <span class='ocr_line' id='line_1_49' title="bbox 358 3155 1860 3238; baseline 0.003 -22"><span class='ocrx_word' id='word_1_321' title='bbox 358 3155 555 3218; x_wconf 87' lang='lat' dir='ltr'><strong>mites</strong></span> <span class='ocrx_word' id='word_1_322' title='bbox 586 3156 959 3238; x_wconf 86' lang='lat' dir='ltr'><strong>juramenti,</strong></span> <span class='ocrx_word' id='word_1_323' title='bbox 989 3156 1234 3220; x_wconf 90' lang='lat' dir='ltr'><strong>scilicet</strong></span> <span class='ocrx_word' id='word_1_324' title='bbox 1265 3157 1583 3233; x_wconf 86' lang='lat' dir='ltr'><strong>discretio,</strong></span> <span class='ocrx_word' id='word_1_325' title='bbox 1605 3158 1860 3236; x_wconf 82' lang='lat' dir='ltr'><strong>veritaS,</strong></span> 
     </span>
     <span class='ocr_line' id='line_1_50' title="bbox 358 3254 1863 3340; baseline 0.004 -26"><span class='ocrx_word' id='word_1_326' title='bbox 358 3254 618 3335; x_wconf 89' lang='lat' dir='ltr'><strong>justitia</strong></span> <span class='ocrx_word' id='word_1_327' title='bbox 644 3256 749 3335; x_wconf 89' lang='lat' dir='ltr'><strong>(ut</strong></span> <span class='ocrx_word' id='word_1_328' title='bbox 784 3255 873 3318; x_wconf 92' lang='lat' dir='ltr'><strong>ait</strong></span> <span class='ocrx_word' id='word_1_329' title='bbox 900 3256 1318 3338; x_wconf 80' lang='lat' dir='ltr'><strong>Hieronymus</strong></span> <span class='ocrx_word' id='word_1_330' title='bbox 1360 3276 1552 3340; x_wconf 90' lang='lat' dir='ltr'><strong>super</strong></span> <span class='ocrx_word' id='word_1_331' title='bbox 1591 3257 1751 3320; x_wconf 90' lang='lat' dir='ltr'><strong>illud</strong></span> <span class='ocrx_word' id='word_1_332' title='bbox 1796 3258 1863 3320; x_wconf 90' lang='lat' dir='ltr'><strong>in</strong></span> 
     </span>
     <span class='ocr_line' id='line_1_51' title="bbox 354 3350 1863 3437; baseline 0.003 -24"><span class='ocrx_word' id='word_1_333' title='bbox 354 3350 660 3429; x_wconf 79' lang='lat' dir='ltr'><strong>Ieremia,</strong></span> <span class='ocrx_word' id='word_1_334' title='bbox 685 3353 959 3428; x_wconf 78' lang='lat' dir='ltr'><strong>IurabiS,</strong></span> <span class='ocrx_word' id='word_1_335' title='bbox 976 3352 1149 3416; x_wconf 86' lang='lat' dir='ltr'><strong>vivit</strong></span> <span class='ocrx_word' id='word_1_336' title='bbox 1180 3355 1505 3432; x_wconf 80' lang='lat' dir='ltr'><strong>DominuS,</strong></span> <span class='ocrx_word' id='word_1_337' title='bbox 1529 3356 1593 3417; x_wconf 89' lang='lat' dir='ltr'><strong>in</strong></span> <span class='ocrx_word' id='word_1_338' title='bbox 1619 3355 1863 3437; x_wconf 85' lang='lat' dir='ltr'><strong>judicio</strong></span> 
     </span>
     <span class='ocr_line' id='line_1_52' title="bbox 356 3450 1862 3533; baseline 0.001 -20"><span class='ocrx_word' id='word_1_339' title='bbox 356 3458 425 3513; x_wconf 90' lang='lat' dir='ltr'><strong>et</strong></span> <span class='ocrx_word' id='word_1_340' title='bbox 460 3450 731 3515; x_wconf 83' lang='lat' dir='ltr'><strong>veritate</strong></span> <span class='ocrx_word' id='word_1_341' title='bbox 770 3460 833 3515; x_wconf 90' lang='lat' dir='ltr'><strong>et</strong></span> <span class='ocrx_word' id='word_1_342' title='bbox 864 3451 1171 3533; x_wconf 89' lang='lat' dir='ltr'><strong>justitia);</strong></span> <span class='ocrx_word' id='word_1_343' title='bbox 1202 3454 1290 3515; x_wconf 88' lang='lat' dir='ltr'><strong>ita</strong></span> <span class='ocrx_word' id='word_1_344' title='bbox 1319 3452 1513 3515; x_wconf 90' lang='lat' dir='ltr'><strong>iidem</strong></span> <span class='ocrx_word' id='word_1_345' title='bbox 1549 3463 1697 3516; x_wconf 91' lang='lat' dir='ltr'><strong>sunt</strong></span> <span class='ocrx_word' id='word_1_346' title='bbox 1737 3462 1862 3517; x_wconf 88' lang='lat' dir='ltr'><strong>tres</strong></span> 
     </span>
     <span class='ocr_line' id='line_1_53' title="bbox 356 3548 1856 3633; baseline 0.001 -22"><span class='ocrx_word' id='word_1_347' title='bbox 356 3548 633 3613; x_wconf 89' lang='lat' dir='ltr'><strong>comites</strong></span> <span class='ocrx_word' id='word_1_348' title='bbox 684 3550 840 3627; x_wconf 76' lang='lat' dir='ltr'><strong>voti,</strong></span> <span class='ocrx_word' id='word_1_349' title='bbox 874 3550 963 3613; x_wconf 88' lang='lat' dir='ltr'><strong>ita</strong></span> <span class='ocrx_word' id='word_1_350' title='bbox 1008 3551 1182 3632; x_wconf 91' lang='lat' dir='ltr'><strong>quod</strong></span> <span class='ocrx_word' id='word_1_351' title='bbox 1222 3551 1535 3633; x_wconf 91' lang='lat' dir='ltr'><strong>quidquid</strong></span> <span class='ocrx_word' id='word_1_352' title='bbox 1578 3552 1856 3627; x_wconf 84' lang='lat' dir='ltr'><strong>veritati,</strong></span> 
     </span>
     <span class='ocr_line' id='line_1_54' title="bbox 354 3646 1861 3729; baseline 0.002 -21"><span class='ocrx_word' id='word_1_353' title='bbox 354 3646 765 3722; x_wconf 90' lang='lat' dir='ltr'><strong>discretioni,</strong></span> <span class='ocrx_word' id='word_1_354' title='bbox 804 3656 913 3709; x_wconf 89' lang='lat' dir='ltr'><strong>aut</strong></span> <span class='ocrx_word' id='word_1_355' title='bbox 948 3648 1215 3729; x_wconf 85' lang='lat' dir='ltr'><strong>justitiae</strong></span> <span class='ocrx_word' id='word_1_356' title='bbox 1254 3649 1697 3726; x_wconf 87' lang='lat' dir='ltr'><strong>contrariatur,</strong></span> <span class='ocrx_word' id='word_1_357' title='bbox 1731 3668 1861 3714; x_wconf 92' lang='lat' dir='ltr'><strong>non</strong></span> 
     </span>
     <span class='ocr_line' id='line_1_55' title="bbox 356 3746 1863 3830; baseline 0.004 -24"><span class='ocrx_word' id='word_1_358' title='bbox 356 3752 455 3806; x_wconf 90' lang='lat' dir='ltr'><strong>est</strong></span> <span class='ocrx_word' id='word_1_359' title='bbox 494 3746 861 3809; x_wconf 87' lang='lat' dir='ltr'><strong>vovendum</strong></span> <span class='ocrx_word' id='word_1_360' title='bbox 901 3765 1111 3827; x_wconf 91' lang='lat' dir='ltr'><strong>neque</strong></span> <span class='ocrx_word' id='word_1_361' title='bbox 1152 3747 1610 3827; x_wconf 82' lang='lat' dir='ltr'><strong>jurandum.Et</strong></span> <span class='ocrx_word' id='word_1_362' title='bbox 1646 3768 1863 3830; x_wconf 90' lang='lat' dir='ltr'><strong>quam-</strong></span> 
     </span>
     <span class='ocr_line' id='line_1_56' title="bbox 357 3842 1864 3926; baseline 0.003 -21"><span class='ocrx_word' id='word_1_363' title='bbox 357 3842 459 3905; x_wconf 82' lang='lat' dir='ltr'><strong>vis</strong></span> <span class='ocrx_word' id='word_1_364' title='bbox 512 3843 905 3925; x_wconf 88' lang='lat' dir='ltr'><strong>promissum</strong></span> <span class='ocrx_word' id='word_1_365' title='bbox 957 3844 1042 3906; x_wconf 91' lang='lat' dir='ltr'><strong>sit</strong></span> <span class='ocrx_word' id='word_1_366' title='bbox 1092 3853 1203 3906; x_wconf 86' lang='lat' dir='ltr'><strong>aut</strong></span> <span class='ocrx_word' id='word_1_367' title='bbox 1248 3845 1552 3926; x_wconf 83' lang='lat' dir='ltr'><strong>juratum,</strong></span> <span class='ocrx_word' id='word_1_368' title='bbox 1595 3864 1721 3910; x_wconf 87' lang='lat' dir='ltr'><strong>nou</strong></span> <span class='ocrx_word' id='word_1_369' title='bbox 1767 3854 1864 3910; x_wconf 89' lang='lat' dir='ltr'><strong>est</strong></span> 
     </span>
     <span class='ocr_line' id='line_1_57' title="bbox 358 3942 1863 4027; baseline 0.003 -24"><span class='ocrx_word' id='word_1_370' title='bbox 358 3949 579 4005; x_wconf 89' lang='lat' dir='ltr'><strong>tamen</strong></span> <span class='ocrx_word' id='word_1_371' title='bbox 628 3942 1030 4024; x_wconf 88' lang='lat' dir='ltr'><strong>implendum</strong></span> <span class='ocrx_word' id='word_1_372' title='bbox 1068 3962 1081 4004; x_wconf 76' lang='grc' dir='ltr'>ε</span> <span class='ocrx_word' id='word_1_373' title='bbox 1116 3962 1231 4006; x_wconf 90' lang='lat' dir='ltr'><strong>nec</strong></span> <span class='ocrx_word' id='word_1_374' title='bbox 1284 3952 1523 4027; x_wconf 88' lang='lat' dir='ltr'><strong>peccat,</strong></span> <span class='ocrx_word' id='word_1_375' title='bbox 1565 3944 1677 4026; x_wconf 91' lang='lat' dir='ltr'><strong>qui</strong></span> <span class='ocrx_word' id='word_1_376' title='bbox 1720 3963 1863 4026; x_wconf 94' lang='lat' dir='ltr'><strong>pro-</strong></span> 
     </span>
     <span class='ocr_line' id='line_1_58' title="bbox 360 4040 1858 4124; baseline 0.003 -22"><span class='ocrx_word' id='word_1_377' title='bbox 360 4040 544 4102; x_wconf 89' lang='lat' dir='ltr'><strong>misit</strong></span> <span class='ocrx_word' id='word_1_378' title='bbox 603 4049 715 4104; x_wconf 91' lang='lat' dir='ltr'><strong>aut</strong></span> <span class='ocrx_word' id='word_1_379' title='bbox 770 4041 1032 4122; x_wconf 84' lang='lat' dir='ltr'><strong>juravit,</strong></span> <span class='ocrx_word' id='word_1_380' title='bbox 1086 4043 1234 4105; x_wconf 87' lang='lat' dir='ltr'><strong>talia</strong></span> <span class='ocrx_word' id='word_1_381' title='bbox 1292 4061 1420 4104; x_wconf 89' lang='lat' dir='ltr'><strong>non</strong></span> <span class='ocrx_word' id='word_1_382' title='bbox 1479 4042 1858 4124; x_wconf 81' lang='lat' dir='ltr'><strong>implend03</strong></span> 
     </span>
     <span class='ocr_line' id='line_1_59' title="bbox 360 4139 1864 4223; baseline 0.004 -24"><span class='ocrx_word' id='word_1_383' title='bbox 360 4139 473 4201; x_wconf 90' lang='lat' dir='ltr'><strong>sed</strong></span> <span class='ocrx_word' id='word_1_384' title='bbox 525 4140 843 4221; x_wconf 88' lang='lat' dir='ltr'><strong>peccavit,</strong></span> <span class='ocrx_word' id='word_1_385' title='bbox 894 4141 1019 4203; x_wconf 89' lang='lat' dir='ltr'><strong>tale</strong></span> <span class='ocrx_word' id='word_1_386' title='bbox 1060 4141 1215 4222; x_wconf 92' lang='lat' dir='ltr'><strong>quid</strong></span> <span class='ocrx_word' id='word_1_387' title='bbox 1252 4140 1526 4221; x_wconf 83' lang='lat' dir='ltr'><strong>jurando</strong></span> <span class='ocrx_word' id='word_1_388' title='bbox 1568 4150 1676 4203; x_wconf 91' lang='lat' dir='ltr'><strong>aut</strong></span> <span class='ocrx_word' id='word_1_389' title='bbox 1725 4160 1864 4223; x_wconf 92' lang='lat' dir='ltr'><strong>pro-</strong></span> 
     </span>
    </p>
   </div>
   <div class='ocr_carea' id='block_1_16' title="bbox 1971 3152 3464 4224">
    <p class='ocr_par' dir='ltr' id='par_1_18' title="bbox 1976 3152 3464 3336">
     <span class='ocr_line' id='line_1_60' title="bbox 1978 3152 3464 3235; baseline -0.001 -18"><span class='ocrx_word' id='word_1_390' title='bbox 1978 3156 2152 3219; x_wconf 92' lang='lat' dir='ltr'><strong>tialia</strong></span> <span class='ocrx_word' id='word_1_391' title='bbox 2183 3174 2311 3218; x_wconf 83' lang='lat' dir='ltr'><strong>suae</strong></span> <span class='ocrx_word' id='word_1_392' title='bbox 2341 3155 2634 3235; x_wconf 86' lang='lat' dir='ltr'><strong>religioni</strong></span> <span class='ocrx_word' id='word_1_393' title='bbox 2667 3152 3030 3227; x_wconf 84' lang='lat' dir='ltr'><strong>observant,</strong></span> <span class='ocrx_word' id='word_1_394' title='bbox 3065 3171 3258 3234; x_wconf 90' lang='lat' dir='ltr'><strong>quam</strong></span> <span class='ocrx_word' id='word_1_395' title='bbox 3289 3171 3464 3215; x_wconf 81' lang='lat' dir='ltr'><strong>enor-</strong></span> 
     </span>
     <span class='ocr_line' id='line_1_61' title="bbox 1976 3251 3148 3336; baseline -0.004 -19"><span class='ocrx_word' id='word_1_396' title='bbox 1976 3255 2164 3317; x_wconf 87' lang='lat' dir='ltr'><strong>miter</strong></span> <span class='ocrx_word' id='word_1_397' title='bbox 2204 3262 2397 3336; x_wconf 88' lang='lat' dir='ltr'><strong>atque</strong></span> <span class='ocrx_word' id='word_1_398' title='bbox 2441 3251 2819 3333; x_wconf 85' lang='lat' dir='ltr'><strong>gravissime</strong></span> <span class='ocrx_word' id='word_1_399' title='bbox 2864 3259 3148 3333; x_wconf 89' lang='lat' dir='ltr'><strong>peccent.</strong></span> 
     </span>
    </p>

    <p class='ocr_par' dir='ltr' id='par_1_19' title="bbox 1971 3349 3464 4224">
     <span class='ocr_line' id='line_1_62' title="bbox 2055 3349 3461 3427; baseline -0.002 -13"><span class='ocrx_word' id='word_1_400' title='bbox 2055 3354 2154 3415; x_wconf 87' lang='lat' dir='ltr'><strong>Ne</strong></span> <span class='ocrx_word' id='word_1_401' title='bbox 2189 3351 2442 3411; x_wconf 83' lang='lat' dir='ltr'><strong>dederis</strong></span> <span class='ocrx_word' id='word_1_402' title='bbox 2477 3370 2546 3409; x_wconf 80' lang='lat' dir='ltr'><strong>os</strong></span> <span class='ocrx_word' id='word_1_403' title='bbox 2586 3359 2792 3421; x_wconf 77' lang='lat' dir='ltr'><strong>tuum,</strong></span> <span class='ocrx_word' id='word_1_404' title='bbox 2834 3358 2908 3409; x_wconf 79' lang='lat' dir='ltr'><strong>ut</strong></span> <span class='ocrx_word' id='word_1_405' title='bbox 2947 3368 3210 3427; x_wconf 83' lang='lat' dir='ltr'><strong>peccare</strong></span> <span class='ocrx_word' id='word_1_406' title='bbox 3250 3349 3461 3426; x_wconf 81' lang='lat' dir='ltr'><strong>facias</strong></span> 
     </span>
     <span class='ocr_line' id='line_1_63' title="bbox 1972 3446 3462 3525; baseline 0.001 -15"><span class='ocrx_word' id='word_1_407' title='bbox 1972 3470 2232 3511; x_wconf 82' lang='lat' dir='ltr'><strong>earnem</strong></span> <span class='ocrx_word' id='word_1_408' title='bbox 2266 3459 2446 3511; x_wconf 78' lang='lat' dir='ltr'><strong>cuam</strong></span> <span class='ocrx_word' id='word_1_409' title='bbox 2484 3468 2506 3509; x_wconf 93' lang='lat'><em>:</em></span> <span class='ocrx_word' id='word_1_410' title='bbox 2554 3447 2618 3510; x_wconf 89' lang='lat' dir='ltr'><strong>id</strong></span> <span class='ocrx_word' id='word_1_411' title='bbox 2659 3456 2775 3525; x_wconf 89' lang='lat' dir='ltr'><strong>est,</strong></span> <span class='ocrx_word' id='word_1_412' title='bbox 2812 3466 2938 3511; x_wconf 91' lang='lat' dir='ltr'><strong>non</strong></span> <span class='ocrx_word' id='word_1_413' title='bbox 2982 3446 3158 3511; x_wconf 91' lang='lat' dir='ltr'><strong>dicas</strong></span> <span class='ocrx_word' id='word_1_414' title='bbox 3201 3466 3278 3510; x_wconf 85' lang='lat' dir='ltr'><strong>ex</strong></span> <span class='ocrx_word' id='word_1_415' title='bbox 3323 3466 3462 3511; x_wconf 88' lang='lat' dir='ltr'><strong>cor-</strong></span> 
     </span>
     <span class='ocr_line' id='line_1_64' title="bbox 1974 3546 3460 3630; baseline 0.001 -20"><span class='ocrx_word' id='word_1_416' title='bbox 1974 3549 2073 3625; x_wconf 91' lang='lat' dir='ltr'><strong>de,</strong></span> <span class='ocrx_word' id='word_1_417' title='bbox 2123 3557 2188 3611; x_wconf 91' lang='lat' dir='ltr'><strong>te</strong></span> <span class='ocrx_word' id='word_1_418' title='bbox 2238 3567 2364 3611; x_wconf 90' lang='lat' dir='ltr'><strong>non</strong></span> <span class='ocrx_word' id='word_1_419' title='bbox 2403 3566 2589 3630; x_wconf 91' lang='lat' dir='ltr'><strong>posse</strong></span> <span class='ocrx_word' id='word_1_420' title='bbox 2634 3554 2949 3629; x_wconf 86' lang='lat' dir='ltr'><strong>praecepta</strong></span> <span class='ocrx_word' id='word_1_421' title='bbox 3001 3546 3288 3629; x_wconf 91' lang='lat' dir='ltr'><strong>implere,</strong></span> <span class='ocrx_word' id='word_1_422' title='bbox 3343 3566 3460 3611; x_wconf 90' lang='lat' dir='ltr'><strong>nec</strong></span> 
     </span>
     <span class='ocr_line' id='line_1_65' title="bbox 1972 3645 3464 3729; baseline 0 -18"><span class='ocrx_word' id='word_1_423' title='bbox 1972 3646 2518 3729; x_wconf 88' lang='lat' dir='ltr'><strong>concupiscentias</strong></span> <span class='ocrx_word' id='word_1_424' title='bbox 2546 3646 2755 3709; x_wconf 90' lang='lat' dir='ltr'><strong>carnis</strong></span> <span class='ocrx_word' id='word_1_425' title='bbox 2789 3646 3062 3721; x_wconf 83' lang='lat' dir='ltr'><strong>frenare,</strong></span> <span class='ocrx_word' id='word_1_426' title='bbox 3095 3654 3204 3707; x_wconf 90' lang='lat' dir='ltr'><strong>aut</strong></span> <span class='ocrx_word' id='word_1_427' title='bbox 3236 3645 3302 3708; x_wconf 90' lang='lat' dir='ltr'><strong>in</strong></span> <span class='ocrx_word' id='word_1_428' title='bbox 3333 3666 3464 3711; x_wconf 89' lang='lat' dir='ltr'><strong>me-</strong></span> 
     </span>
     <span class='ocr_line' id='line_1_66' title="bbox 1972 3744 3460 3827; baseline 0 -19"><span class='ocrx_word' id='word_1_429' title='bbox 1972 3746 2078 3809; x_wconf 93' lang='lat' dir='ltr'><strong>dio</strong></span> <span class='ocrx_word' id='word_1_430' title='bbox 2108 3746 2441 3809; x_wconf 88' lang='lat' dir='ltr'><strong>hominum</strong></span> <span class='ocrx_word' id='word_1_431' title='bbox 2472 3754 2640 3808; x_wconf 88' lang='lat' dir='ltr'><strong>caste</strong></span> <span class='ocrx_word' id='word_1_432' title='bbox 2670 3753 2733 3808; x_wconf 91' lang='lat' dir='ltr'><strong>et</strong></span> <span class='ocrx_word' id='word_1_433' title='bbox 2760 3744 2973 3807; x_wconf 89' lang='lat' dir='ltr'><strong>sobrie</strong></span> <span class='ocrx_word' id='word_1_434' title='bbox 3011 3744 3228 3807; x_wconf 90' lang='lat' dir='ltr'><strong>vivere</strong></span> <span class='ocrx_word' id='word_1_435' title='bbox 3251 3762 3264 3807; x_wconf 75' lang='grc' dir='ltr'><em>τ</em></span> <span class='ocrx_word' id='word_1_436' title='bbox 3286 3745 3460 3827; x_wconf 93' lang='lat' dir='ltr'><strong>quod</strong></span> 
     </span>
     <span class='ocr_line' id='line_1_67' title="bbox 1972 3843 3460 3925; baseline 0 -18"><span class='ocrx_word' id='word_1_437' title='bbox 1972 3854 2137 3907; x_wconf 88' lang='lat' dir='ltr'><strong>esset</strong></span> <span class='ocrx_word' id='word_1_438' title='bbox 2173 3844 2575 3925; x_wconf 88' lang='lat' dir='ltr'><strong>iniquitatem</strong></span> <span class='ocrx_word' id='word_1_439' title='bbox 2622 3843 2685 3905; x_wconf 91' lang='lat' dir='ltr'><strong>in</strong></span> <span class='ocrx_word' id='word_1_440' title='bbox 2729 3843 3109 3920; x_wconf 89' lang='lat' dir='ltr'><strong>Creatorem,</strong></span> <span class='ocrx_word' id='word_1_441' title='bbox 3135 3852 3460 3907; x_wconf 91' lang='lat' dir='ltr'><strong>auctorem</strong></span> 
     </span>
     <span class='ocr_line' id='line_1_68' title="bbox 1975 3941 3458 4025; baseline 0.001 -21"><span class='ocrx_word' id='word_1_442' title='bbox 1975 3952 2237 4020; x_wconf 82' lang='lat' dir='ltr'><strong>naturae,</strong></span> <span class='ocrx_word' id='word_1_443' title='bbox 2271 3951 2655 4025; x_wconf 90' lang='lat' dir='ltr'><strong>retorquere,</strong></span> <span class='ocrx_word' id='word_1_444' title='bbox 2689 3944 2868 4024; x_wconf 84' lang='lat' dir='ltr'><strong>juxta</strong></span> <span class='ocrx_word' id='word_1_445' title='bbox 2897 3942 3056 4005; x_wconf 91' lang='lat' dir='ltr'><strong>illud</strong></span> <span class='ocrx_word' id='word_1_446' title='bbox 3086 3941 3458 4023; x_wconf 78' lang='lat' dir='ltr'><strong>Psalmistoe,</strong></span> 
     </span>
     <span class='ocr_line' id='line_1_69' title="bbox 1971 4040 3460 4115; baseline 0.003 -13"><span class='ocrx_word' id='word_1_447' title='bbox 1971 4040 2282 4115; x_wconf 90' lang='lat' dir='ltr'><strong>Quoniam</strong></span> <span class='ocrx_word' id='word_1_448' title='bbox 2322 4041 2801 4104; x_wconf 89' lang='lat' dir='ltr'><strong>declinaverunt</strong></span> <span class='ocrx_word' id='word_1_449' title='bbox 2845 4041 2910 4103; x_wconf 91' lang='lat' dir='ltr'><strong>in</strong></span> <span class='ocrx_word' id='word_1_450' title='bbox 2951 4049 3012 4103; x_wconf 91' lang='lat' dir='ltr'><strong>te</strong></span> <span class='ocrx_word' id='word_1_451' title='bbox 3057 4042 3243 4104; x_wconf 89' lang='lat' dir='ltr'><strong>mala.</strong></span> <span class='ocrx_word' id='word_1_452' title='bbox 3281 4040 3460 4107; x_wconf 87' lang='lat' dir='ltr'><strong>Unde</strong></span> 
     </span>
     <span class='ocr_line' id='line_1_70' title="bbox 1976 4139 3460 4224; baseline 0.002 -23"><span class='ocrx_word' id='word_1_453' title='bbox 1976 4160 2194 4202; x_wconf 90' lang='lat' dir='ltr'><strong>rursus</strong></span> <span class='ocrx_word' id='word_1_454' title='bbox 2252 4159 2368 4224; x_wconf 92' lang='lat' dir='ltr'><strong>pro</strong></span> <span class='ocrx_word' id='word_1_455' title='bbox 2425 4140 2543 4203; x_wconf 93' lang='lat' dir='ltr'><strong>hac</strong></span> <span class='ocrx_word' id='word_1_456' title='bbox 2602 4139 2940 4222; x_wconf 89' lang='lat' dir='ltr'><strong>iniquitate</strong></span> <span class='ocrx_word' id='word_1_457' title='bbox 2989 4141 3270 4219; x_wconf 87' lang='lat' dir='ltr'><strong>vitanda,</strong></span> <span class='ocrx_word' id='word_1_458' title='bbox 3323 4150 3460 4205; x_wconf 90' lang='lat' dir='ltr'><strong>orat</strong></span> 
     </span>
    </p>
   </div>
   <div class='ocr_carea' id='block_1_17' title="bbox 362 4238 3459 4323">
    <p class='ocr_par' dir='ltr' id='par_1_20' title="bbox 362 4238 3459 4323">
     <span class='ocr_line' id='line_1_71' title="bbox 362 4238 3459 4323; baseline 0.001 -24"><span class='ocrx_word' id='word_1_459' title='bbox 362 4238 705 4302; x_wconf 84' lang='lat' dir='ltr'><strong>mittendo.</strong></span> <span class='ocrx_word' id='word_1_460' title='bbox 739 4238 899 4301; x_wconf 91' lang='lat' dir='ltr'><strong>Hinc</strong></span> <span class='ocrx_word' id='word_1_461' title='bbox 930 4240 1021 4301; x_wconf 91' lang='lat' dir='ltr'><strong>ait</strong></span> <span class='ocrx_word' id='word_1_462' title='bbox 1052 4240 1325 4302; x_wconf 89' lang='lat' dir='ltr'><strong>Isidorus</strong></span> <span class='ocrx_word' id='word_1_463' title='bbox 1363 4257 1376 4302; x_wconf 92' lang='lat'>:</span> <span class='ocrx_word' id='word_1_464' title='bbox 1411 4239 1477 4302; x_wconf 91' lang='lat' dir='ltr'><strong>In</strong></span> <span class='ocrx_word' id='word_1_465' title='bbox 1511 4239 1695 4301; x_wconf 89' lang='lat' dir='ltr'><strong>malis</strong></span> <span class='ocrx_word' id='word_1_466' title='bbox 1725 4259 1864 4323; x_wconf 89' lang='lat' dir='ltr'><strong>pro·</strong></span> <span class='ocrx_word' id='word_1_467' title='bbox 1895 4244 1945 4307; x_wconf 93' lang='lat' dir='ltr'>D</span> <span class='ocrx_word' id='word_1_468' title='bbox 1971 4238 2303 4301; x_wconf 87' lang='lat' dir='ltr'><strong>Psalmista</strong></span> <span class='ocrx_word' id='word_1_469' title='bbox 2360 4256 2374 4302; x_wconf 91' lang='lat'>:</span> <span class='ocrx_word' id='word_1_470' title='bbox 2429 4238 2563 4300; x_wconf 91' lang='lat' dir='ltr'><strong>Non</strong></span> <span class='ocrx_word' id='word_1_471' title='bbox 2625 4238 2908 4301; x_wconf 86' lang='lat' dir='ltr'><strong>declines</strong></span> <span class='ocrx_word' id='word_1_472' title='bbox 2963 4256 3072 4301; x_wconf 91' lang='lat' dir='ltr'><strong>cor</strong></span> <span class='ocrx_word' id='word_1_473' title='bbox 3119 4258 3333 4302; x_wconf 89' lang='lat' dir='ltr'><strong>meum</strong></span> <span class='ocrx_word' id='word_1_474' title='bbox 3391 4240 3459 4303; x_wconf 89' lang='lat' dir='ltr'><strong>in</strong></span> 
     </span>
    </p>
   </div>
   <div class='ocr_carea' id='block_1_18' title="bbox 360 4337 1868 5403">
    <p class='ocr_par' dir='ltr' id='par_1_21' title="bbox 360 4337 1866 4714">
     <span class='ocr_line' id='line_1_72' title="bbox 362 4337 1866 4420; baseline 0.003 -22"><span class='ocrx_word' id='word_1_475' title='bbox 362 4337 583 4402; x_wconf 90' lang='lat' dir='ltr'><strong>missis</strong></span> <span class='ocrx_word' id='word_1_476' title='bbox 611 4338 907 4400; x_wconf 89' lang='lat' dir='ltr'><strong>rescinde</strong></span> <span class='ocrx_word' id='word_1_477' title='bbox 939 4337 1175 4417; x_wconf 82' lang='lat' dir='ltr'><strong>fidem3</strong></span> <span class='ocrx_word' id='word_1_478' title='bbox 1209 4338 1275 4399; x_wconf 93' lang='lat' dir='ltr'><strong>in</strong></span> <span class='ocrx_word' id='word_1_479' title='bbox 1307 4338 1478 4420; x_wconf 88' lang='lat' dir='ltr'><strong>turpi</strong></span> <span class='ocrx_word' id='word_1_480' title='bbox 1512 4348 1657 4402; x_wconf 81' lang='lat' dir='ltr'><strong>voto</strong></span> <span class='ocrx_word' id='word_1_481' title='bbox 1688 4348 1866 4402; x_wconf 90' lang='lat' dir='ltr'><strong>muta</strong></span> 
     </span>
     <span class='ocr_line' id='line_1_73' title="bbox 361 4435 1865 4513; baseline 0.001 -15"><span class='ocrx_word' id='word_1_482' title='bbox 361 4436 719 4499; x_wconf 86' lang='lat' dir='ltr'><strong>decretum.</strong></span> <span class='ocrx_word' id='word_1_483' title='bbox 755 4435 932 4510; x_wconf 89' lang='lat' dir='ltr'><strong>Quod</strong></span> <span class='ocrx_word' id='word_1_484' title='bbox 980 4437 1235 4499; x_wconf 90' lang='lat' dir='ltr'><strong>incaute</strong></span> <span class='ocrx_word' id='word_1_485' title='bbox 1285 4436 1542 4513; x_wconf 87' lang='lat' dir='ltr'><strong>vovisti,</strong></span> <span class='ocrx_word' id='word_1_486' title='bbox 1594 4457 1721 4501; x_wconf 91' lang='lat' dir='ltr'><strong>non</strong></span> <span class='ocrx_word' id='word_1_487' title='bbox 1774 4437 1865 4500; x_wconf 79' lang='lat' dir='ltr'><strong>fa-</strong></span> 
     </span>
     <span class='ocr_line' id='line_1_74' title="bbox 360 4533 1864 4617; baseline 0.001 -21"><span class='ocrx_word' id='word_1_488' title='bbox 360 4534 495 4597; x_wconf 88' lang='lat' dir='ltr'><strong>cias</strong></span> <span class='ocrx_word' id='word_1_489' title='bbox 553 4550 569 4595; x_wconf 92' lang='lat'><strong>:</strong></span> <span class='ocrx_word' id='word_1_490' title='bbox 624 4533 827 4616; x_wconf 90' lang='lat' dir='ltr'><strong>impia</strong></span> <span class='ocrx_word' id='word_1_491' title='bbox 875 4543 971 4597; x_wconf 88' lang='lat' dir='ltr'><strong>est</strong></span> <span class='ocrx_word' id='word_1_492' title='bbox 1022 4534 1383 4617; x_wconf 88' lang='lat' dir='ltr'><strong>promissi0,</strong></span> <span class='ocrx_word' id='word_1_493' title='bbox 1438 4554 1581 4617; x_wconf 84' lang='lat' dir='ltr'><strong>quae</strong></span> <span class='ocrx_word' id='word_1_494' title='bbox 1629 4536 1864 4599; x_wconf 85' lang='lat' dir='ltr'><strong>scelere</strong></span> 
     </span>
     <span class='ocr_line' id='line_1_75' title="bbox 360 4632 779 4714; baseline -0.002 -19"><span class='ocrx_word' id='word_1_495' title='bbox 360 4632 779 4714; x_wconf 84' lang='lat' dir='ltr'><strong>adimpletur.</strong></span> 
     </span>
    </p>

    <p class='ocr_par' dir='ltr' id='par_1_22' title="bbox 362 4733 1868 5403">
     <span class='ocr_line' id='line_1_76' title="bbox 441 4733 1867 4813; baseline 0.001 -22"><span class='ocrx_word' id='word_1_496' title='bbox 441 4734 579 4792; x_wconf 80' lang='lat' dir='ltr'><strong>Sed</strong></span> <span class='ocrx_word' id='word_1_497' title='bbox 596 4734 1047 4810; x_wconf 81' lang='lat' dir='ltr'><strong>quodcumque</strong></span> <span class='ocrx_word' id='word_1_498' title='bbox 1066 4733 1334 4802; x_wconf 77' lang='grc' dir='ltr'><strong>υουενίε,</strong></span> <span class='ocrx_word' id='word_1_499' title='bbox 1354 4735 1547 4792; x_wconf 85' lang='lat' dir='ltr'><strong>redde</strong></span> <span class='ocrx_word' id='word_1_500' title='bbox 1560 4752 1583 4791; x_wconf 90' lang='lat'><strong>.·</strong></span> <span class='ocrx_word' id='word_1_501' title='bbox 1606 4750 1867 4813; x_wconf 83' lang='lat' dir='ltr'><strong>praeser-</strong></span> 
     </span>
     <span class='ocr_line' id='line_1_77' title="bbox 364 4827 1867 4911; baseline 0.001 -22"><span class='ocrx_word' id='word_1_502' title='bbox 364 4828 477 4890; x_wconf 88' lang='lat' dir='ltr'><strong>tim</strong></span> <span class='ocrx_word' id='word_1_503' title='bbox 519 4829 679 4909; x_wconf 87' lang='lat' dir='ltr'><strong>quia</strong></span> <span class='ocrx_word' id='word_1_504' title='bbox 716 4836 939 4892; x_wconf 89' lang='lat' dir='ltr'><strong>votum</strong></span> <span class='ocrx_word' id='word_1_505' title='bbox 990 4828 1137 4909; x_wconf 90' lang='lat' dir='ltr'><strong>plus</strong></span> <span class='ocrx_word' id='word_1_506' title='bbox 1175 4827 1415 4908; x_wconf 89' lang='lat' dir='ltr'><strong>obligat</strong></span> <span class='ocrx_word' id='word_1_507' title='bbox 1463 4847 1653 4910; x_wconf 91' lang='lat' dir='ltr'><strong>quam</strong></span> <span class='ocrx_word' id='word_1_508' title='bbox 1703 4830 1867 4911; x_wconf 85' lang='lat' dir='ltr'><strong>jura-</strong></span> 
     </span>
     <span class='ocr_line' id='line_1_78' title="bbox 362 4926 1867 4990; baseline 0.001 -2"><span class='ocrx_word' id='word_1_509' title='bbox 362 4926 981 4989; x_wconf 75' lang='lat' dir='ltr'><strong>mentum.Violatio</strong></span> <span class='ocrx_word' id='word_1_510' title='bbox 1010 4926 1247 4989; x_wconf 87' lang='lat' dir='ltr'><strong>etenim</strong></span> <span class='ocrx_word' id='word_1_511' title='bbox 1279 4928 1409 4990; x_wconf 90' lang='lat' dir='ltr'><strong>voti</strong></span> <span class='ocrx_word' id='word_1_512' title='bbox 1444 4929 1867 4990; x_wconf 86' lang='lat' dir='ltr'><strong>contrariatur</strong></span> 
     </span>
     <span class='ocr_line' id='line_1_79' title="bbox 366 5024 1868 5106; baseline 0.001 -21"><span class='ocrx_word' id='word_1_513' title='bbox 366 5024 672 5087; x_wconf 81' lang='lat' dir='ltr'><strong>fidelitati</strong></span> <span class='ocrx_word' id='word_1_514' title='bbox 714 5043 909 5106; x_wconf 88' lang='lat' dir='ltr'><strong>quam</strong></span> <span class='ocrx_word' id='word_1_515' title='bbox 956 5024 1144 5088; x_wconf 89' lang='lat' dir='ltr'><strong>homo</strong></span> <span class='ocrx_word' id='word_1_516' title='bbox 1190 5034 1438 5088; x_wconf 88' lang='lat' dir='ltr'><strong>tenetur</strong></span> <span class='ocrx_word' id='word_1_517' title='bbox 1483 5026 1645 5105; x_wconf 90' lang='lat' dir='ltr'><strong>Deo;</strong></span> <span class='ocrx_word' id='word_1_518' title='bbox 1681 5025 1868 5088; x_wconf 90' lang='lat' dir='ltr'><strong>viola-</strong></span> 
     </span>
     <span class='ocr_line' id='line_1_80' title="bbox 366 5123 1868 5206; baseline 0.001 -23"><span class='ocrx_word' id='word_1_519' title='bbox 366 5124 457 5185; x_wconf 92' lang='lat' dir='ltr'><strong>tio</strong></span> <span class='ocrx_word' id='word_1_520' title='bbox 495 5131 717 5186; x_wconf 87' lang='lat' dir='ltr'><strong>autem</strong></span> <span class='ocrx_word' id='word_1_521' title='bbox 750 5123 1101 5204; x_wconf 89' lang='lat' dir='ltr'><strong>juramenti</strong></span> <span class='ocrx_word' id='word_1_522' title='bbox 1145 5133 1455 5206; x_wconf 85' lang='lat' dir='ltr'><strong>repugnat</strong></span> <span class='ocrx_word' id='word_1_523' title='bbox 1487 5124 1758 5186; x_wconf 87' lang='lat' dir='ltr'><strong>veritati.</strong></span> <span class='ocrx_word' id='word_1_524' title='bbox 1792 5124 1868 5185; x_wconf 87' lang='lat' dir='ltr'><strong>Et</strong></span> 
     </span>
     <span class='ocr_line' id='line_1_81' title="bbox 366 5222 1867 5303; baseline 0 -20"><span class='ocrx_word' id='word_1_525' title='bbox 366 5222 489 5285; x_wconf 88' lang='lat' dir='ltr'><strong>hoc</strong></span> <span class='ocrx_word' id='word_1_526' title='bbox 536 5222 817 5285; x_wconf 87' lang='lat' dir='ltr'><strong>Thomas</strong></span> <span class='ocrx_word' id='word_1_527' title='bbox 865 5222 931 5283; x_wconf 92' lang='lat' dir='ltr'><strong>in</strong></span> <span class='ocrx_word' id='word_1_528' title='bbox 992 5222 1271 5285; x_wconf 88' lang='lat' dir='ltr'><strong>secunda</strong></span> <span class='ocrx_word' id='word_1_529' title='bbox 1320 5222 1614 5285; x_wconf 83' lang='lat' dir='ltr'><strong>secundae</strong></span> <span class='ocrx_word' id='word_1_530' title='bbox 1664 5222 1867 5303; x_wconf 83' lang='lat' dir='ltr'><strong>magis</strong></span> 
     </span>
     <span class='ocr_line' id='line_1_82' title="bbox 366 5320 1863 5403; baseline 0 -18"><span class='ocrx_word' id='word_1_531' title='bbox 366 5321 677 5385; x_wconf 85' lang='lat' dir='ltr'><strong>declarat.</strong></span> <span class='ocrx_word' id='word_1_532' title='bbox 710 5320 943 5384; x_wconf 81' lang='lat' dir='ltr'><strong>Votum</strong></span> <span class='ocrx_word' id='word_1_533' title='bbox 982 5339 1240 5403; x_wconf 89' lang='lat' dir='ltr'><strong>quoque</strong></span> <span class='ocrx_word' id='word_1_534' title='bbox 1278 5329 1377 5385; x_wconf 88' lang='lat' dir='ltr'><strong>est</strong></span> <span class='ocrx_word' id='word_1_535' title='bbox 1414 5329 1591 5384; x_wconf 88' lang='lat' dir='ltr'><strong>actus</strong></span> <span class='ocrx_word' id='word_1_536' title='bbox 1640 5320 1863 5397; x_wconf 79' lang='lat' dir='ltr'><strong>latriae,</strong></span> 
     </span>
    </p>
   </div>
   <div class='ocr_carea' id='block_1_19' title="bbox 1974 4336 3468 5403">
    <p class='ocr_par' dir='ltr' id='par_1_23' title="bbox 1974 4336 3468 5403">
     <span class='ocr_line' id='line_1_83' title="bbox 1976 4336 3459 4411; baseline 0 -10"><span class='ocrx_word' id='word_1_537' title='bbox 1976 4337 2166 4401; x_wconf 89' lang='lat' dir='ltr'><strong>verba</strong></span> <span class='ocrx_word' id='word_1_538' title='bbox 2214 4336 2494 4411; x_wconf 78' lang='lat' dir='ltr'><strong>malitiae,</strong></span> <span class='ocrx_word' id='word_1_539' title='bbox 2536 4337 2617 4398; x_wconf 93' lang='lat' dir='ltr'><strong>ad</strong></span> <span class='ocrx_word' id='word_1_540' title='bbox 2663 4337 3054 4399; x_wconf 85' lang='lat' dir='ltr'><strong>excusandas</strong></span> <span class='ocrx_word' id='word_1_541' title='bbox 3102 4338 3459 4402; x_wconf 84' lang='lat' dir='ltr'><strong>excusatio-</strong></span> 
     </span>
     <span class='ocr_line' id='line_1_84' title="bbox 1974 4433 3460 4518; baseline 0.001 -20"><span class='ocrx_word' id='word_1_542' title='bbox 1974 4455 2086 4499; x_wconf 92' lang='lat' dir='ltr'><strong>nes</strong></span> <span class='ocrx_word' id='word_1_543' title='bbox 2129 4435 2195 4498; x_wconf 92' lang='lat' dir='ltr'><strong>in</strong></span> <span class='ocrx_word' id='word_1_544' title='bbox 2236 4435 2532 4518; x_wconf 90' lang='lat' dir='ltr'><strong>peccatis.</strong></span> <span class='ocrx_word' id='word_1_545' title='bbox 2568 4433 2685 4508; x_wconf 90' lang='lat' dir='ltr'><strong>Qui</strong></span> <span class='ocrx_word' id='word_1_546' title='bbox 2720 4441 2930 4497; x_wconf 90' lang='lat' dir='ltr'><strong>autem</strong></span> <span class='ocrx_word' id='word_1_547' title='bbox 2971 4435 3192 4498; x_wconf 90' lang='lat' dir='ltr'><strong>dicunt</strong></span> <span class='ocrx_word' id='word_1_548' title='bbox 3229 4454 3296 4499; x_wconf 91' lang='lat' dir='ltr'><strong>se</strong></span> <span class='ocrx_word' id='word_1_549' title='bbox 3330 4455 3460 4501; x_wconf 93' lang='lat' dir='ltr'><strong>non</strong></span> 
     </span>
     <span class='ocr_line' id='line_1_85' title="bbox 1974 4533 3464 4617; baseline 0 -20"><span class='ocrx_word' id='word_1_550' title='bbox 1974 4553 2160 4615; x_wconf 93' lang='lat' dir='ltr'><strong>posse</strong></span> <span class='ocrx_word' id='word_1_551' title='bbox 2205 4541 2462 4616; x_wconf 88' lang='lat' dir='ltr'><strong>peccata</strong></span> <span class='ocrx_word' id='word_1_552' title='bbox 2505 4534 2726 4609; x_wconf 88' lang='lat' dir='ltr'><strong>vitare,</strong></span> <span class='ocrx_word' id='word_1_553' title='bbox 2765 4533 2943 4597; x_wconf 92' lang='lat' dir='ltr'><strong>carni</strong></span> <span class='ocrx_word' id='word_1_554' title='bbox 2987 4552 3116 4597; x_wconf 83' lang='lat' dir='ltr'><strong>suae</strong></span> <span class='ocrx_word' id='word_1_555' title='bbox 3158 4534 3464 4617; x_wconf 77' lang='lat' dir='ltr'><strong>praestaiit</strong></span> 
     </span>
     <span class='ocr_line' id='line_1_86' title="bbox 1975 4630 3466 4716; baseline -0.001 -20"><span class='ocrx_word' id='word_1_556' title='bbox 1975 4632 2281 4716; x_wconf 85' lang='lat' dir='ltr'><strong>peccandi</strong></span> <span class='ocrx_word' id='word_1_557' title='bbox 2328 4631 2677 4695; x_wconf 90' lang='lat' dir='ltr'><strong>licentiam.</strong></span> <span class='ocrx_word' id='word_1_558' title='bbox 2708 4630 3068 4705; x_wconf 88' lang='lat' dir='ltr'><strong>Quocontra</strong></span> <span class='ocrx_word' id='word_1_559' title='bbox 3115 4632 3206 4695; x_wconf 92' lang='lat' dir='ltr'><strong>ait</strong></span> <span class='ocrx_word' id='word_1_560' title='bbox 3249 4632 3466 4695; x_wconf 89' lang='lat' dir='ltr'><strong>Hiero-</strong></span> 
     </span>
     <span class='ocr_line' id='line_1_87' title="bbox 1975 4728 3462 4813; baseline 0 -20"><span class='ocrx_word' id='word_1_561' title='bbox 1975 4750 2206 4813; x_wconf 82' lang='lat' dir='ltr'><strong>nymus</strong></span> <span class='ocrx_word' id='word_1_562' title='bbox 2232 4730 2633 4793; x_wconf 83' lang='lat' dir='ltr'><strong>:Maledictus</strong></span> <span class='ocrx_word' id='word_1_563' title='bbox 2661 4730 2772 4812; x_wconf 92' lang='lat' dir='ltr'><strong>qui</strong></span> <span class='ocrx_word' id='word_1_564' title='bbox 2802 4729 2960 4792; x_wconf 89' lang='lat' dir='ltr'><strong>dicit</strong></span> <span class='ocrx_word' id='word_1_565' title='bbox 2991 4728 3186 4793; x_wconf 89' lang='lat' dir='ltr'><strong>Deum</strong></span> <span class='ocrx_word' id='word_1_566' title='bbox 3217 4730 3462 4812; x_wconf 88' lang='lat' dir='ltr'><strong>aliquid</strong></span> 
     </span>
     <span class='ocr_line' id='line_1_88' title="bbox 1977 4825 3465 4912; baseline -0.001 -21"><span class='ocrx_word' id='word_1_567' title='bbox 1977 4829 2374 4911; x_wconf 89' lang='lat' dir='ltr'><strong>impossibile</strong></span> <span class='ocrx_word' id='word_1_568' title='bbox 2399 4829 2788 4912; x_wconf 85' lang='lat' dir='ltr'><strong>praecepisse.</strong></span> <span class='ocrx_word' id='word_1_569' title='bbox 2803 4825 2917 4891; x_wconf 86' lang='lat' dir='ltr'><strong>Vel</strong></span> <span class='ocrx_word' id='word_1_570' title='bbox 2943 4827 3036 4889; x_wconf 91' lang='lat' dir='ltr'><strong>sic</strong></span> <span class='ocrx_word' id='word_1_571' title='bbox 3063 4844 3076 4889; x_wconf 74' lang='grc' dir='ltr'>ε</span> <span class='ocrx_word' id='word_1_572' title='bbox 3103 4827 3190 4890; x_wconf 90' lang='lat' dir='ltr'><strong>Ne</strong></span> <span class='ocrx_word' id='word_1_573' title='bbox 3215 4828 3465 4891; x_wconf 90' lang='lat' dir='ltr'><strong>dederis</strong></span> 
     </span>
     <span class='ocr_line' id='line_1_89' title="bbox 1976 4925 3461 5009; baseline 0.001 -19"><span class='ocrx_word' id='word_1_574' title='bbox 1976 4947 2047 4991; x_wconf 92' lang='lat' dir='ltr'><strong>os</strong></span> <span class='ocrx_word' id='word_1_575' title='bbox 2077 4936 2280 5005; x_wconf 90' lang='lat' dir='ltr'><strong>tuum,</strong></span> <span class='ocrx_word' id='word_1_576' title='bbox 2316 4936 2386 4989; x_wconf 90' lang='lat' dir='ltr'><strong>ut</strong></span> <span class='ocrx_word' id='word_1_577' title='bbox 2415 4945 2675 5009; x_wconf 90' lang='lat' dir='ltr'><strong>peccare</strong></span> <span class='ocrx_word' id='word_1_578' title='bbox 2707 4925 2904 4989; x_wconf 83' lang='lat' dir='ltr'><strong>facias</strong></span> <span class='ocrx_word' id='word_1_579' title='bbox 2945 4944 3205 4989; x_wconf 90' lang='lat' dir='ltr'><strong>carnem</strong></span> <span class='ocrx_word' id='word_1_580' title='bbox 3236 4934 3408 4987; x_wconf 88' lang='lat' dir='ltr'><strong>tuam</strong></span> <span class='ocrx_word' id='word_1_581' title='bbox 3447 4944 3461 4991; x_wconf 94' lang='lat'><strong>:</strong></span> 
     </span>
     <span class='ocr_line' id='line_1_90' title="bbox 1976 5023 3467 5105; baseline -0.001 -16"><span class='ocrx_word' id='word_1_582' title='bbox 1976 5028 2043 5089; x_wconf 91' lang='lat' dir='ltr'><strong>id</strong></span> <span class='ocrx_word' id='word_1_583' title='bbox 2082 5035 2199 5103; x_wconf 90' lang='lat' dir='ltr'><strong>est,</strong></span> <span class='ocrx_word' id='word_1_584' title='bbox 2236 5025 2454 5089; x_wconf 91' lang='lat' dir='ltr'><strong>oscula</strong></span> <span class='ocrx_word' id='word_1_585' title='bbox 2491 5034 2556 5087; x_wconf 90' lang='lat' dir='ltr'><strong>et</strong></span> <span class='ocrx_word' id='word_1_586' title='bbox 2598 5025 2794 5088; x_wconf 89' lang='lat' dir='ltr'><strong>verba</strong></span> <span class='ocrx_word' id='word_1_587' title='bbox 2832 5024 3090 5101; x_wconf 90' lang='lat' dir='ltr'><strong>lasciva,</strong></span> <span class='ocrx_word' id='word_1_588' title='bbox 3125 5043 3201 5087; x_wconf 86' lang='lat' dir='ltr'><strong>ex</strong></span> <span class='ocrx_word' id='word_1_589' title='bbox 3230 5023 3467 5105; x_wconf 82' lang='lat' dir='ltr'><strong>quibus</strong></span> 
     </span>
     <span class='ocr_line' id='line_1_91' title="bbox 1976 5121 3468 5205; baseline -0.001 -17"><span class='ocrx_word' id='word_1_590' title='bbox 1976 5144 2121 5188; x_wconf 90' lang='lat' dir='ltr'><strong>caro</strong></span> <span class='ocrx_word' id='word_1_591' title='bbox 2155 5126 2235 5187; x_wconf 90' lang='lat' dir='ltr'><strong>ad</strong></span> <span class='ocrx_word' id='word_1_592' title='bbox 2270 5124 2656 5205; x_wconf 88' lang='lat' dir='ltr'><strong>peccandum</strong></span> <span class='ocrx_word' id='word_1_593' title='bbox 2694 5123 3088 5199; x_wconf 90' lang='lat' dir='ltr'><strong>accenditur,</strong></span> <span class='ocrx_word' id='word_1_594' title='bbox 3127 5121 3310 5203; x_wconf 82' lang='lat' dir='ltr'><strong>fuge3</strong></span> <span class='ocrx_word' id='word_1_595' title='bbox 3348 5140 3468 5187; x_wconf 86' lang='lat' dir='ltr'><strong>nec</strong></span> 
     </span>
     <span class='ocr_line' id='line_1_92' title="bbox 1974 5220 3462 5304; baseline -0.001 -19"><span class='ocrx_word' id='word_1_596' title='bbox 1974 5224 2168 5286; x_wconf 90' lang='lat' dir='ltr'><strong>etiam</strong></span> <span class='ocrx_word' id='word_1_597' title='bbox 2209 5223 2457 5304; x_wconf 90' lang='lat' dir='ltr'><strong>aperias</strong></span> <span class='ocrx_word' id='word_1_598' title='bbox 2495 5240 2565 5285; x_wconf 90' lang='lat' dir='ltr'><strong>os</strong></span> <span class='ocrx_word' id='word_1_599' title='bbox 2603 5230 2782 5283; x_wconf 91' lang='lat' dir='ltr'><strong>tuum</strong></span> <span class='ocrx_word' id='word_1_600' title='bbox 2825 5221 2991 5302; x_wconf 85' lang='lat' dir='ltr'><strong>gulae</strong></span> <span class='ocrx_word' id='word_1_601' title='bbox 3038 5230 3102 5284; x_wconf 90' lang='lat' dir='ltr'><strong>et</strong></span> <span class='ocrx_word' id='word_1_602' title='bbox 3142 5220 3462 5299; x_wconf 89' lang='lat' dir='ltr'><strong>ebrietati,</strong></span> 
     </span>
     <span class='ocr_line' id='line_1_93' title="bbox 1976 5318 3202 5403; baseline -0.003 -18"><span class='ocrx_word' id='word_1_603' title='bbox 1976 5341 2053 5385; x_wconf 84' lang='lat' dir='ltr'><strong>ex</strong></span> <span class='ocrx_word' id='word_1_604' title='bbox 2090 5320 2326 5403; x_wconf 89' lang='lat' dir='ltr'><strong>quibus</strong></span> <span class='ocrx_word' id='word_1_605' title='bbox 2361 5320 2572 5383; x_wconf 87' lang='lat' dir='ltr'><strong>carnis</strong></span> <span class='ocrx_word' id='word_1_606' title='bbox 2615 5319 2768 5383; x_wconf 88' lang='lat' dir='ltr'><strong>vitia</strong></span> <span class='ocrx_word' id='word_1_607' title='bbox 2806 5318 3202 5383; x_wconf 89' lang='lat' dir='ltr'><strong>nutriuntur.</strong></span> 
     </span>
    </p>
   </div>
   <div class='ocr_carea' id='block_1_20' title="bbox 3505 4068 3756 4121">
    <p class='ocr_par' dir='ltr' id='par_1_24' title="bbox 3505 4068 3756 4121">
     <span class='ocr_line' id='line_1_94' title="bbox 3505 4068 3756 4121; baseline 0.016 -10"><span class='ocrx_word' id='word_1_608' title='bbox 3505 4068 3582 4113; x_wconf 69' lang='lat' dir='ltr'><strong>Pa.</strong></span> <span class='ocrx_word' id='word_1_609' title='bbox 3601 4082 3670 4121; x_wconf 76' lang='lat' dir='ltr'><strong>xx,</strong></span> <span class='ocrx_word' id='word_1_610' title='bbox 3689 4072 3756 4115; x_wconf 79' lang='lat'><strong>¹2.</strong></span> 
     </span>
    </p>
   </div>
   <div class='ocr_carea' id='block_1_21' title="bbox 3491 4262 3739 4314">
    <p class='ocr_par' dir='ltr' id='par_1_25' title="bbox 3491 4262 3739 4314">
     <span class='ocr_line' id='line_1_95' title="bbox 3491 4262 3739 4314; baseline 0.008 -9"><span class='ocrx_word' id='word_1_611' title='bbox 3491 4262 3567 4306; x_wconf 72' lang='grc' dir='ltr'><strong>Ρε.</strong></span> <span class='ocrx_word' id='word_1_612' title='bbox 3587 4276 3681 4314; x_wconf 77' lang='lat' dir='ltr'><strong>cxi..</strong></span> <span class='ocrx_word' id='word_1_613' title='bbox 3698 4266 3739 4307; x_wconf 67' lang='lat'><strong>4.</strong></span> 
     </span>
    </p>
   </div>
  </div>
 </body>
</html>
