4284 6267
771 0 890 19 υ-υ
2033 0 2219 16 „¹⁹”ss

769 141 1062 198 Articulus
1116 142 1301 197 XXXI.
1349 140 1644 214 Expositio
1700 140 1937 213 capituli
1982 141 2115 197 ulti-

842 230 922 285 mi
957 249 968 286 :
1008 232 1193 287 Verba
1234 230 1526 287 Lamuelis
1564 230 1718 303 regis
1726 272 2111 286 .....
2160 233 2260 287 192

768 320 1063 376 Articulus
1104 323 1314 377 XXXII.
1357 323 1433 378 De
1479 321 1609 377 aliis
1661 321 2117 393 expositionibus

842 411 1121 466 carminis
1150 411 1324 484 hujus
1354 429 1367 467 :
1399 411 1697 468 MuIIerem
1737 410 1944 467 fortem
1985 412 2117 483 quis

844 499 1097 557 inveniet
1117 500 1142 555 ⁴?
1168 544 2112 556 ...........
2154 502 2257 556 201
2344 502 2351 508 ”

769 588 1064 645 Articulus
1092 590 1327 643 XXXIII.
1362 589 1656 661 Exposifio
1686 589 1947 661 ejusdem
1980 607 2115 645 can-

842 678 959 742 tici,
1019 681 1088 734 de
1157 678 1576 750 gloriosissima
1639 679 1875 751 Virgine
1938 679 2118 734 Maria

841 767 1172 824 Christifera
1179 811 2111 823 ...........
2154 770 2261 824 204

919 1000 1268 1046 ENARRATIO
1312 1000 1374 1046 IN
1417 1000 1636 1046 LIBRUM
1678 1000 2110 1046 ECCLESIASTAE.

769 1204 1064 1261 Articulus
1113 1207 1152 1260 1.
1203 1205 1525 1262 Elucidatio
1583 1204 1820 1277 capituli
1879 1205 2054 1277 prImi
2100 1223 2113 1262 :

840 1295 1025 1351 Verba
1059 1295 1418 1351 Ecclesiastae
1461 1294 1563 1349 filii
1608 1293 1786 1350 David
1834 1294 1986 1366 regis
2028 1296 2116 1351 Je-

839 1384 1093 1440 rusalem
1166 1427 2111 1440 ...........
2155 1387 2256 1441 211

767 1472 1064 1529 Articulus
1095 1474 1159 1528 ll.
1201 1473 1495 1545 ExpoSItio
1543 1472 1778 1544 capituli
1827 1473 2067 1530 secundi
2101 1492 2113 1529 :

840 1562 968 1617 Dixi
999 1579 1137 1634 ergo
1169 1563 1227 1617 in
1260 1564 1430 1618 corde
1459 1579 1607 1625 mee,
1632 1564 1719 1617 etc
1728 1603 2112 1618 .....
2156 1566 2256 1619 221

766 1651 1060 1708 Articulus
1107 1652 1197 1706 III.
1250 1651 1570 1707 Elucidatio
1619 1651 1855 1723 capituli
1905 1652 2057 1707 tertii
2101 1670 2114 1708 z

839 1742 1050 1796 Omnia
1079 1744 1311 1813 tempus
1341 1741 1555 1797 habent
1632 1784 2112 1797 ......
2154 1745 2262 1799 226

770 1829 1061 1886 Articulus
1101 1830 1187 1884 IV.
1221 1829 1545 1885 Elucidatio
1593 1830 1833 1902 capituli
1875 1832 2065 1902 quarti
2100 1850 2112 1887 :

837 1918 987 1974 Verti
1031 1936 1123 1975 me
1160 1920 1234 1974 ad
1275 1918 1389 1974 alia
1449 1962 2113 1975 ........
2154 1922 2260 1976 232

765 2007 1060 2064 Articulus
1105 2010 1169 2061 V.
1215 2008 1533 2064 Declaratio
1583 2008 1822 2079 capituli
1872 2009 2060 2080 quinti
2100 2028 2114 2065 ι

839 2098 918 2152 Ne
948 2101 1164 2153 temere
1196 2096 1338 2170 quid
1369 2096 1625 2169 loquaris
1633 2140 2112 2154 ......
2155 2101 2260 2155 237

767 2185 1061 2242 Articulus
1108 2187 1197 2241 VI.
1238 2187 1581 2259 Explanatio
1631 2186 1867 2259 capituli
1913 2189 2056 2243 sexti
2100 2208 2111 2245 :

838 2277 935 2329 Est
962 2279 1019 2331 et
1047 2276 1205 2332 aliud
1236 2275 1457 2331 malum
1492 2278 1649 2347 quod
1679 2276 1793 2332 vidi
1836 2278 1942 2333 sub
1975 2278 2111 2333 sole.
2153 2280 2260 2334 243

766 2365 1060 2420 Articulus
1083 2366 1199 2420 VII.
1223 2364 1545 2421 Elucidatio
1576 2366 1812 2438 capituli
1844 2367 2074 2439 septimi
2100 2385 2111 2422 ε

837 2454 984 2518 Quid
1019 2471 1247 2511 necesse
1275 2459 1360 2510 est
1392 2454 1616 2510 homini
1643 2456 1865 2527 majora
1885 2474 1943 2512 se
1966 2474 2117 2528 quae-

836 2561 960 2600 rere
982 2544 1007 2599 ‘t
1072 2586 2111 2600 ............
2155 2548 2261 2603 245

766 2632 1059 2689 Articulus
1097 2634 1238 2689 VIII.
1281 2632 1574 2705 Expositio
1606 2634 1842 2705 capituli
1883 2635 2066 2690 octavi
2100 2653 2113 2690 ε

834 2724 952 2794 Ego
991 2740 1054 2778 os
1094 2723 1248 2795 regis
1278 2724 1535 2785 observo,
1568 2727 1624 2779 et
1655 2728 1942 2796 praecepta
1959 2726 2117 2798 jura-

837 2812 1018 2867 menti
1051 2812 1149 2869 Dei
1158 2855 2112 2869 ...........
2155 2816 2260 2870 258

764 2901 1060 2958 Articulus
1103 2904 1190 2957 IX.
1243 2902 1565 2958 Elucidatio
1618 2903 1856 2975 capituli
1905 2904 2043 2959 noni
2100 2921 2112 2959 ε

836 2993 985 3046 Sunt
1004 2992 1149 3064 justi
1180 2996 1352 3064 atque
1383 2993 1670 3064 sapientes
1724 3037 2111 3050 .....
2154 2996 2260 3050 264

765 3080 1060 3136 Articulus
1090 3082 1152 3135 X.
1190 3081 1532 3153 Explanatio
1574 3081 1811 3154 capituli
1852 3082 2064 3138 decimi
2099 3101 2110 3138 :

837 3170 1044 3225 Muscae
1094 3170 1406 3227 morientes
1460 3172 1713 3242 perdunt
1770 3172 2113 3228 suavitatem

838 3260 1122 3331 unguenti
1156 3301 2112 3317 ...........
2154 3264 2257 3317 271

766 3349 1062 3404 Articulus
1099 3351 1187 3405 XI.
1229 3349 1549 3421 Explicatio
1592 3350 1830 3421 capituli
1879 3350 2117 3407 undeci-

840 3438 919 3493 mi
945 3456 957 3493 :
988 3439 1143 3495 Mitte
1176 3456 1385 3511 panem
1414 3443 1581 3494 tuum
1614 3456 1789 3511 super
1817 3444 2117 3497 transeun-

839 3530 925 3583 tes
961 3545 1142 3599 aquas
1151 3569 2110 3585 ...........
2153 3532 2259 3586 278

766 3617 1061 3672 Articulus
1087 3617 1201 3672 XII.
1241 3617 1531 3689 Expositio
1570 3618 1808 3689 capituli
1841 3619 2115 3675 duodeci-

840 3706 966 3760 mi:
1006 3708 1292 3763 Memento
1336 3707 1619 3762 Creatoris
1664 3708 1748 3763 tui
1801 3707 1857 3763 in
1910 3708 2115 3765 diebus

827 3794 1151 3868 juventutis
1187 3798 1303 3851 tuae
1341 3836 2110 3852 .........
2153 3799 2258 3853 283

897 4028 1246 4074 ENARRA‘rlo
1289 4027 1352 4073 IN
1392 4027 1694 4074 CANTIGUM
1734 4028 2117 4075 CAN‘rlcomm

1334 4125 1690 4172 SALOMONIS.

760 4333 1137 4392 Prooequm.
1235 4374 2107 4389 ..........
2149 4336 2250 4390 291

759 4423 1055 4480 Articulus
1092 4424 1134 4478 I.
1175 4426 1260 4478 An
1298 4423 1443 4480 liber
1480 4421 1584 4477 iste
1624 4422 1699 4477 ad
1728 4421 1980 4477 litteram
2012 4439 2110 4478 ex-

832 4513 1135 4584 ponendus
1173 4512 1249 4567 sit
1293 4514 1363 4568 de
1412 4512 1526 4567 Deo
1563 4514 1620 4567 et
1657 4512 1979 4582 Synagoga,
2019 4510 2105 4567 vel

830 4601 1022 4672 potius
1052 4602 1121 4657 de
1151 4601 1377 4657 Christo
1408 4604 1464 4657 et
1490 4600 1744 4656 Ecclesia
1804 4644 1815 4654 .
1899 4643 1910 4655 .
1992 4640 2007 4654 .

758 4690 1052 4746 Articulus
1086 4690 1151 4745 II.
1186 4690 1395 4755 Quales
1428 4690 1676 4746 debeant
1713 4706 1835 4745 esse
1865 4690 2107 4745 lectores

831 4782 887 4835 et
913 4778 1207 4835 auditores
1235 4779 1367 4835 libri
1398 4778 1565 4834 istius
1620 4819 2099 4834 ......
2141 4781 2249 4835 295

2261 0 2352 15 um
2358 0 2372 14 Ὶ
2381 0 2475 15 13818
2481 0 2592 15 mu

2367 140 2664 197 Articulus
2711 141 2803 195 111.
2855 139 3149 212 Expositio
3193 139 3432 211 capituli
3476 138 3650 211 primi
3705 155 3718 194 :

2441 231 2746 286 Osculetur
2777 247 2868 286 me
2900 230 3097 286 osculo
3137 229 3255 286 oris
3292 230 3423 296 sui;
3462 230 3532 285 de
3559 229 3724 284 Chri-

2441 323 2527 374 sto
2557 323 2613 375 et
2644 318 2952 375 universali
2985 319 3258 376 Ecclesia.
3330 362 3341 373 .
3425 361 3436 372 .
3513 360 3527 371 .
3612 360 3625 372 .
3707 361 3719 373 .
3760 320 3870 374 296

2368 407 2663 464 Articulus
2701 409 2788 462 IV.
2829 407 3123 480 Expositio
3172 407 3435 480 ejusdem
3484 406 3722 479 capituli

2441 498 2639 570 primi,
2665 500 2734 554 de
2766 515 2980 570 sponsa
3008 497 3351 569 particulari
3430 540 3441 551 .
3523 541 3534 551 .
3617 539 3627 550 .
3708 539 3721 550 .
3761 498 3868 552 312

2368 588 2663 645 Articulus
2698 590 2761 642 V.
2806 587 3127 644 Declaratio
3170 588 3433 659 ejusdem
3483 586 3720 658 capituli

2441 679 2638 750 primi.
2678 680 2747 734 de
2788 694 3001 749 sponsa
3040 676 3325 749 siugulari
3334 718 3720 730 .....
3760 676 3861 731 321

2367 768 2661 824 Articulus
2691 768 2780 822 VI.
2813 767 3109 839 Expositio
3153 765 3391 837 capituli
3434 765 3672 821 secundi
3707 782 3722 819 ε

2438 858 2556 929 Ego
2604 856 2710 911 ilos
2757 856 2986 928 campi;
3028 857 3098 912 de
3147 854 3370 911 Christo
3418 871 3630 926 sponso
3668 857 3727 910 et

2437 963 2652 1018 sponsa
2679 946 2806 1018 ejus
2827 944 3158 1009 universali,
3184 961 3315 1016 quae
3334 947 3421 1001 est
3449 944 3718 1000 EccleSIa.
3759 944 3866 999 328

2368 1036 2663 1091 Articulus
2691 1036 2807 1090 VII.
2850 1034 3146 1106 Expositio
3184 1035 3449 1107 ejusdem
3482 1032 3720 1105 capituli

2439 1125 2698 1188 secundi,
2759 1127 2830 1181 de
2878 1123 3106 1180 Christo
3158 1128 3215 1181 et
3268 1140 3485 1195 sponsa
3542 1124 3719 1196 parti-

2440 1214 2623 1270 culari
2674 1255 3717 1269 ............
3756 1213 3865 1268 338

2368 1303 2661 1359 Articulus
2682 1304 2825 1358 VIII.
2852 1302 3126 1374 Sequitur
3145 1301 3429 1375 expositio
3458 1302 3718 1375 ejusdem

2440 1393 2676 1464 capituli
2723 1392 2983 1456 secundi,
3029 1394 3099 1448 de
3148 1409 3361 1464 sponso
3407 1395 3464 1448 et
3509 1408 3722 1463 sponsa

2439 1480 2724 1552 singulari
2769 1521 3716 1534 ...........
3757 1478 3864 1533 344

2367 1569 2662 1625 Articulus
2712 1571 2797 1624 IX.
2850 1569 3173 1625 Elucidatio
3222 1568 3459 1641 capItuIi
3508 1567 3662 1624 tertii
3703 1585 3717 1623 :

2440 1660 2502 1714 In
2534 1659 2744 1715 lectulo
2775 1676 2924 1724 ch,
2956 1663 3095 1724 etc.;
3128 1660 3197 1715 de
3228 1675 3439 1730 sponso
3469 1662 3526 1714 ct
3554 1674 3721 1729 spon·

2439 1765 2502 1803 sa
2533 1748 2788 1819 generali
2859 1789 3713 1803 ..........
3755 1748 3862 1803 350

2369 1838 2665 1895 Articulus
2711 1839 2774 1893 X.
2826 1838 3121 1909 Expositio
3172 1838 3433 1910 ejusdem
3481 1836 3714 1909 capituli

2439 1927 2613 1991 tertii,
2648 1929 2716 1983 de
2757 1927 2981 1983 Christo
3020 1931 3076 1983 et
3115 1941 3329 1998 sponsa
3359 1927 3715 1998 particulari.
3757 1928 3864 1982 356

2367 2016 2661 2073 Articulus
2693 2017 2783 2071 XI.
2815 2016 3158 2087 Explanatio
3188 2016 3450 2088 ejusdem
3484 2016 3718 2088 capituli

2438 2106 2613 2171 tertii,
2660 2108 2728 2162 de
2773 2105 3003 2161 Christo
3051 2109 3106 2161 et
3153 2121 3365 2176 sponsa
3413 2105 3714 2177 singulari.
3755 2106 3864 2161 359

2369 2195 2666 2251 Articulus
2695 2196 2810 2249 XII.
2843 2194 3166 2250 Elucidatio
3206 2193 3443 2266 capituli
3479 2194 3668 2265 quarti
3703 2211 3717 2249 :

2440 2286 2626 2349 Quam
2661 2284 2902 2356 pulchra
2939 2301 3012 2348 οε,
3044 2283 3239 2339 amica
3269 2282 3434 2339 mea!
3467 2284 3537 2338 de
3566 2283 3721 2338 Chri-

2439 2376 2525 2427 sto
2555 2376 2607 2427 et
2637 2373 2893 2428 Ecclesia
2954 2414 3713 2426 .........
3755 2372 3863 2427 363

2366 2461 2661 2517 Articulus
2700 2462 2841 2516 XIII.
2887 2460 3207 2517 Declaratio
3254 2461 3513 2534 ejusdem
3564 2460 3718 2531 capi-

2437 2551 2545 2606 tuli
2578 2552 2792 2622 quarti,
2812 2553 2881 2606 de
2903 2550 3126 2605 Christo
3147 2553 3204 2606 et
3223 2550 3423 2605 anima
3441 2549 3712 2606 vIrtuosa.
3754 2550 3861 2605 374

2369 2639 2661 2695 Articulus
2690 2640 2826 2694 XIV.
2868 2639 3212 2711 Explanatio
3260 2639 3519 2711 ejusdem
3570 2639 3718 2709 capi-

2437 2729 2545 2784 tuli
2598 2729 2811 2800 quarti.
2854 2730 2924 2785 de
2973 2729 3196 2784 Christo
3244 2732 3303 2784 et
3341 2744 3554 2799 sponsa
3599 2728 3717 2783 sin·

2441 2818 2626 2890 gulari
2665 2858 3711 2873 ............
3753 2817 3862 2871 380

2366 2907 2661 2963 Articulus
2691 2908 2800 2962 XV.
2843 2906 3166 2964 Elucidatio
3205 2905 3440 2977 capituli
3480 2905 3666 2977 quinti
3699 2922 3712 2961 :

2439 2996 2643 3052 Veniat
2674 2996 2919 3053 dilectus
2951 3014 3118 3053 meus
3151 2996 3209 3051 in
3242 2996 3475 3051 hortum
3504 3012 3712 3059 suum;

2438 3087 2507 3141 dc
2539 3085 2762 3140 Christo
2804 3089 2858 3142 et
2886 3085 3140 3141 Ecclesia
3149 3126 3711 3139 .......
3753 3085 3860 3139 384

2365 3174 2661 3230 Articulus
2691 3176 2828 3230 XVI.
2870 3174 3214 3247 Explanatio
3258 3174 3520 3246 ejusdem
3563 3173 3714 3245 capi-

2436 3262 2543 3318 tuli
2568 3261 2775 3333 quinti,
2802 3263 2872 3317 de
2894 3278 3106 3333 sponso
3135 3265 3191 3318 et
3221 3261 3710 3317 animavirtuosa.
3751 3261 3859 3316 394

2364 3351 2660 3408 Articulus
2690 3352 2853 3406 XVII.
2887 3350 3230 3422 Explanatio
3269 3351 3529 3423 eJusdem
3561 3350 3715 3423 capi-

2438 3442 2545 3497 tuli
2594 3440 2802 3512 quinti,
2851 3441 2940 3495 de.
2969 3440 3192 3496 Christo
3239 3444 3294 3496 et
3340 3456 3552 3512 sponsa
3597 3440 3712 3495 sin-

2438 3532 2625 3603 gulari
2677 3572 3707 3585 ............
3750 3531 3859 3586 399

2365 3621 2659 3676 Articulus
2689 3620 2877 3675 XVIII.
2911 3618 3233 3674 Elucidatio
3261 3618 3497 3690 capituli
3528 3618 3710 3674 sexti:

2438 3713 2562 3776 Quo
2600 3710 2743 3766 abiit
2781 3710 3026 3765 dilectus
3064 3714 3217 3772 tuuS,
3251 3725 3283 3762 0
3322 3708 3715 3780 pulcherrima

2439 3798 2801 3856 mulierum?
2841 3800 2910 3855 de
2941 3798 3163 3853 Christo
3193 3801 3249 3854 et
3278 3797 3530 3854 Ecclesia
3605 3840 3617 3852 .
3697 3841 3709 3851 .
3749 3798 3858 3853 402

2367 3889 2660 3945 Articulus
2700 3889 2836 3943 XIX.
2881 3887 3202 3944 Declaratio
3250 3888 3511 3960 ejusdem
3560 3886 3714 3959 capi-

2435 3978 2540 4034 tuli
2589 3977 2754 4040 seul,
2799 3979 2867 4033 de
2918 3975 3141 4033 Christo
3188 3979 3244 4033 et
3290 3992 3502 4048 sponsa
3539 3976 3713 4047 parti-

2437 4067 2618 4123 culari
2678 4108 3706 4121 ............
3747 4065 3858 4122 409

2364 4156 2658 4213 Articulus
2685 4157 2796 4212 XX.
2822 4154 3162 4228 Explanatio
3191 4155 3451 4228 eJusdem
3475 4153 3710 4227 capituli

2435 4245 2600 4310 sexti,
2634 4247 2704 4302 de
2731 4245 2954 4301 Christo
2985 4248 3041 4302 et
3069 4260 3281 4316 sponsa
3311 4242 3611 4316 singulari.
3693 4287 3706 4299 .
3748 4243 3858 4300 413

2363 4335 2659 4391 Articulus
2704 4336 2841 4390 XXI.
2887 4334 3209 4391 Elucidatio
3255 4333 3491 4407 capituli
3539 4332 3710 4405 septi-

2434 4425 2514 4479 mi
2552 4442 2564 4480 :
2610 4427 2797 4490 Quam
2849 4424 3075 4496 pulchri
3127 4427 3262 4481 sunt
3309 4440 3541 4496 gressus
3587 4422 3705 4478 tuil

2433 4515 2501 4569 de
2531 4514 2756 4570 Christo
2796 4517 2852 4569 et
2880 4513 3134 4569 Ecclesia
3140 4554 3703 4567 .......
3747 4512 3859 4567 417

2089 4639 2102 4654 .
2143 4603 2251 4657 293
2358 4603 2654 4659 Articulus
2681 4604 2845 4657 XXII.
2879 4600 3219 4673 Explanatio
3258 4601 3520 4673 ejusdem
3559 4600 3708 4672 capi·

2429 4691 2534 4745 tuli
2575 4691 2826 4763 septimi,
2862 4693 2931 4746 de
2970 4689 3194 4746 Christo
3230 4692 3287 4745 et
3327 4705 3539 4760 sponsa
3576 4705 3706 4760 par-

2429 4779 2658 4835 ticulari
2667 4820 3702 4835 ............
3744 4778 3857 4834 422
