4284 6267
162 1201 221 1255 18

161 2980 219 3037 2¹

965 518 1321 577 amman-ro
1364 530 1429 576 m
1471 530 1609 577 cn.
1652 528 1803 575 xxxi
1846 528 2331 576 rnovmionmi.
2377 548 2458 561 —
2499 530 2639 577 Aur.
2685 525 2856 575 xxxn

3327 510 3449 573 203

342 701 527 764 omni
576 701 887 766 virtutum
940 700 1299 763 munimine
1341 698 1748 773 confortavit,
1790 707 1853 761 et
1880 696 1931 760 A
1959 700 2183 781 portis.
2219 702 2574 762 Sindonem
2610 703 2788 779 fecit,
2820 700 2884 763 id
2928 709 3045 779 est,
3089 700 3170 763 ad
3209 699 3449 782 purita-

340 802 423 864 ad
478 800 1009 865 fructificandum
1059 800 1329 883 paravit.
1374 798 1651 861 Lumbos
1698 816 1856 879 quo-

339 919 473 981 que
504 901 939 964 studiosorum
970 898 1227 980 cingulo
1256 897 1564 960 castitatis
1592 896 1856 980 praecin-

340 997 459 1061 xit.
498 1003 581 1061 Ec
614 1001 943 1061 roboravit
976 1000 1311 1059 brachium
1350 1017 1566 1067 suum,
1604 993 1855 1059 fortiter

340 1099 757 1180 exsequendo
803 1096 1115 1180 quidquid
1159 1096 1341 1177 jubet
1395 1102 1507 1157 aut
1553 1094 1848 1157 consulit.

346 1200 679 1266 Gustavit,
710 1206 769 1258 et
802 1198 973 1258 vidit
1002 1198 1161 1277 quia
1192 1198 1355 1255 bona
1384 1203 1474 1254 est
1503 1194 1851 1270 negotiatio

336 1298 509 1373 ejus,
568 1296 634 1359 id
694 1304 811 1372 est,
873 1314 987 1377 per
1042 1292 1499 1376 experientiam
1560 1308 1849 1373 supernae

336 1393 678 1459 suavitatis
708 1392 863 1457 fecit
891 1393 1209 1455 studiosos
1240 1408 1644 1473 cognoscere,
1676 1388 1844 1471 quod

338 1493 619 1556 salubris
643 1492 729 1555 sit
755 1492 1019 1575 praefata
1046 1491 1183 1572 agri
1212 1489 1491 1554 coelestis
1518 1488 1841 1552 mercatio.

341 1596 491 1653 Non
535 1595 997 1670 eoestz'nquetur
1040 1593 1111 1652 in
1156 1600 1333 1652 nocte
1376 1594 1641 1650 lucerna
1680 1588 1843 1666 ejus,

338 1693 403 1755 id
454 1700 576 1769 est,
630 1690 741 1753 lux
800 1710 931 1753 suae
982 1689 1287 1753 doctrinae
1338 1688 1403 1749 in
1463 1686 1845 1750 adversitate

340 1810 467 1855 non
502 1790 903 1866 obscuratur,
925 1789 1033 1851 sed
1067 1787 1289 1863 radiat,
1310 1795 1373 1849 et
1404 1784 1741 1849 confortat.
1774 1784 1843 1847 ln

1958 805 2084 860 tem
2138 798 2405 875 inducit,
2457 810 2517 861 et
2561 802 2878 871 vendidit,
2929 800 2994 862 id
3041 807 3158 872 est,
3212 816 3327 881 pro
3375 817 3449 861 ea

1959 896 2369 978 adipiscenda
2397 898 2676 962 laborem
2711 897 2963 975 indixit,
2997 896 3452 962 obedientiam-

1960 1014 2085 1076 que
2116 996 2413 1077 requirit3
2443 1008 2502 1059 et
2540 1000 2874 1076 cinyulum
2907 996 3213 1060 castitatis
3244 998 3451 1057 tradi-

1957 1096 2059 1155 dit
2092 1096 2550 1166 Chananoeo,id
2581 1105 2677 1159 est
2705 1096 2928 1176 gentili
2960 1099 3452 1160 convers0.For-

1963 1196 2172 1255 titudo
2221 1206 2281 1256 et
2326 1198 2512 1256 decor
2559 1198 3015 1258 indumentum
3061 1197 3202 1273 ejus
3249 1217 3272 1255 .·
3320 1214 3450 1277 quo

1961 1292 2172 1355 induit
2200 1311 2369 1369 ειιοε,
2393 1294 2557 1356 sicut
2582 1294 2940 1377 expositum
2971 1296 3188 1358 est.Et
3213 1297 3452 1355 ridebit

1960 1395 2032 1454 in
2053 1395 2162 1453 die
2182 1395 2548 1461 novissimo,
2571 1393 2634 1455 id
2657 1401 2773 1469 est,
2797 1392 3052 1475 gloriari
3087 1392 3276 1456 faciet
3303 1413 3451 1458 suos

1962 1492 2024 1553 in
2069 1491 2172 1554 die
2212 1490 2461 1573 judicii.
2499 1496 2577 1555 Os
2604 1512 2821 1565 suum,
2854 1492 2917 1554 id
2949 1500 3044 1555 est
3073 1511 3182 1555 ora
3213 1493 3453 1556 studio-

1960 1610 2174 1655 sorum
2223 1610 2506 1667 suorum,
2555 1593 2813 1668 aper‘uit
2857 1593 3193 1668 sapientiae
3222 1592 3448 1673 :juxta

1958 1709 2217 1753 sensum
2277 1688 2527 1751 articuli
2589 1688 3034 1770 praecedentis3
3077 1700 3137 1750 et
3183 1694 3288 1749 leoe
3332 1694 3452 1750 cte-

1957 1790 2216 1851 mentioe
2257 1789 2330 1849 in
2369 1789 2600 1865 linqua
2640 1789 2800 1865 ejus,
2843 1787 2906 1849 id
2956 1796 3050 1849 est
3094 1788 3160 1850 in
3211 1788 3449 1869 linguis

340 1899 545 1955 morte.
589 1907 852 1972 quoque
904 1906 1029 1950 non
1075 1885 1316 1963 deficit,
1353 1886 1461 1948 sed
1505 1885 1583 1947 ad
1628 1883 1845 1947 lumen
1884 1886 1929 1947 B
1959 1886 2445 1969 praedicatorum
2511 1894 2572 1948 et
2631 1886 3092 1968 discipulorum
3159 1905 3443 1948 suorum.

338 1988 560 2069 gloriae
588 1988 800 2050 elevat
827 2006 901 2049 ac
939 1985 1252 2068 perducit,
1287 1993 1351 2047 et
1391 1984 1478 2047 ibi
1513 1982 1848 2065 perficitur

344 2087 409 2149 in
440 2096 777 2151 aeternum.

426 2190 709 2249 ,Manum
744 2206 932 2246 suam
964 2186 1143 2245 misit
1178 2187 1266 2245 ad
1294 2184 1525 2261 fortia,
1553 2193 1612 2243 et
1648 2182 1848 2260 diyiti

343 2286 484 2364 ejus
501 2286 1074 2364 apprehenderunt
1092 2285 1341 2362 fusum.
1361 2284 1639 2342 Manum
1658 2300 1845 2341 suam

344 2384 604 2460 aperuit
636 2384 849 2459 inopi,
875 2391 937 2442 et
959 2384 1219 2458 palmas
1256 2400 1406 2440 suas
1434 2378 1724 2439 extendit
1760 2380 1848 2437 ad

336 2501 694 2559 pauperem
732 2502 757 2539 .·
796 2480 861 2541 id
905 2487 1023 2555 est,
1058 2479 1134 2541 ad
1180 2478 1395 2542 omnia
1434 2477 1555 2538 ista
1603 2475 1847 2556 agenda

344 2587 650 2661 provocat
685 2587 749 2641 et
778 2578 1139 2641 inflammat
1170 2596 1317 2640 suos
1350 2575 1722 2658 discipuIOS,
1755 2592 1849 2636 se-

344 2680 625 2741 cundum
656 2678 1122 2760 expositionem
1164 2675 1577 2758 praecedentis
1617 2674 1848 2737 articu-

1960 1986 2407 2046 Consideravit
2451 1987 2708 2045 semitas
2752 1988 2978 2045 domus
3021 2006 3171 2057 suae,
3212 1984 3276 2047 id
3326 1993 3444 2062 est,

1957 2084 2218 2146 modum
2257 2090 2319 2145 et
2362 2081 2628 2146 formam
2677 2083 3077 2145 examinandi
3119 2084 3445 2161 interiora,

1957 2183 2141 2246 docet
2167 2201 2239 2244 ac
2270 2180 2812 2263 praecipit‚dicens
2835 2181 3123 2245 :Custodi
3157 2183 3450 2265 teipsum
3480 2204 3740 2256 ventam.

1958 2288 2021 2343 et
2049 2280 2327 2342 animam
2363 2288 2534 2341 tuam
2569 2278 2861 2342 sollicite.
2879 2282 2965 2342 Et
2985 2301 3224 2358 panem
3250 2283 3452 2342 otiosa

1958 2400 2085 2441 non
2114 2381 2411 2449 comedit,
2443 2378 2504 2440 id
2547 2385 2664 2453 est,
2699 2396 2826 2441 non
2866 2380 3177 2461 permittit
3213 2380 3454 2443 studio-

1959 2497 2061 2542 sos
2112 2476 2418 2541 otiositati
2477 2496 2722 2554 vacare,
2777 2496 2893 2541 nec
2941 2478 3078 2541 sine
3128 2477 3452 2542 laboribus

1958 2576 2164 2652 refici,
2200 2577 2309 2639 sed
2342 2596 2520 2638 suam
2545 2578 2893 2660 promereri
2922 2596 3268 2642 annonam.

2036 2680 2480 2739 Sur-rexerunt
2507 2678 2668 2755 filii,
2700 2677 2764 2739 id
2806 2684 2899 2739 est
2943 2676 3239 2759 discipuli
3285 2679 3452 2755 ey‘us,

345 2776 423 2857 li;
452 2784 517 2839 et
556 2794 669 2840 eos
713 2776 828 2858 qui
872 2775 1194 2859 spirituali
1235 2775 1563 2857 opulentia
1603 2781 1843 2849 carent,
1952 2787 2013 2838 et
2043 2778 2475 2838 beatissimam
2499 2779 3052 2853 praedicaverunt,
3075 2776 3138 2839 id
3175 2785 3292 2854 est,
3326 2776 3453 2840 val-

344 2875 647 2939 decenter
704 2873 1118 2949 consoland0,
1177 2873 1529 2953 dirigendo,
1589 2869 1847 2953 perfici-

342 2975 640 3056 endoque
671 2973 855 3036 ditat.
888 2975 1037 3036 Non
1071 2973 1315 3034 timebit
1342 2972 1569 3033 domui
1596 2991 1746 3037 suoe,
1779 2968 1840 3031 id

1953 2876 2035 2939 de
2068 2874 2677 2938 commendaverunt
2706 2873 3107 2955 Scripturam.
3147 2878 3258 2937 Vir
3287 2878 3452 2953 ejus,

1956 2975 2017 3040 id
2048 2982 2141 3038 ost
2171 2974 2391 3037 doctor
2419 2990 2530 3035 seu
2561 2972 2956 3056 praedicator,
2989 2972 3088 3036 vel
3123 2974 3450 3056 theologus

340 3081 437 3136 est
466 3072 775 3136 studiosis
812 3070 1203 3135 amatoribus
1244 3078 1305 3133 et
1333 3068 1843 3133 observatoribus
1879 3074 1922 3137 C
1954 3074 2314 3151 studiosus;
2363 3082 2422 3133 et
2480 3074 2779 3133 laudavit
2833 3093 2978 3133 eam
3031 3090 3166 3153 prae
3222 3074 3450 3137 ceteris

344 3173 498 3247 suis,
543 3193 583 3231 a
623 3172 988 3249 frigoribus
1024 3171 1203 3231 nivis
1231 3192 1253 3230 .·
1291 3170 1466 3251 juxta
1505 3166 1845 3250 expositio-

346 3288 491 3332 nem
523 3268 966 3351 praehabitam.
986 3270 1113 3331 imo
1143 3266 1458 3350 promittit
1489 3266 1617 3329 illis
1647 3264 1847 3328 abun-

344 3368 631 3431 dantiam
675 3368 895 3449 gratiae
933 3368 999 3429 in
1043 3366 1362 3449 praesenti,
1395 3364 1847 3447 copiosamque

342 3466 615 3548 gloriam
663 3465 729 3527 in
775 3464 1014 3529 futuro.
1052 3470 1279 3530 Omnes
1313 3466 1488 3524 enim
1518 3465 1849 3524 domestici

342 3570 483 3645 ejus
514 3567 737 3626 vestiti
762 3574 917 3625 sunt
941 3566 1313 3642 duplicibus
1343 3584 1366 3623 .·
1400 3561 1560 3624 sieut
1600 3560 1849 3643 exposi-

348 3676 483 3729 tum
515 3667 1108 3741 est.Strayulatam
1130 3660 1455 3730 vestem,id
1486 3669 1583 3723 est
1612 3660 1852 3743 exposi-

348 3766 587 3829 tionem
620 3760 1251 3845 multiplicem‚miro
1280 3760 1507 3823 decore
1538 3768 1848 3837 ornatam,

1938 3171 2205 3238 'cunctis
2263 3170 2569 3247 scientiiS‚
2635 3180 2936 3252 tanquam
3000 3181 3448 3252 supernatura-

1956 3273 2104 3348 lem,
2155 3270 2462 3334 divinitus
2509 3270 2871 3346 revelatam,
2919 3277 2984 3332 et
3030 3270 3107 3333 ad
3149 3278 3448 3334 aeternam

1956 3370 2414 3435 beatitudinem
2454 3370 2910 3451 perducentem
2951 3388 3026 3433 ac
3069 3368 3447 3434 ordinatam.

1958 3474 2187 3533 Muztoe
2241 3472 2403 3547 filice
2457 3477 3002 3546 conyreyaverunt
3056 3469 3347 3537 divitias,
3386 3468 3450 3531 id

1958 3577 2067 3644 est,
2111 3565 2636 3649 philosophorum
2683 3565 3014 3648 scripturae
3057 3565 3454 3648 collegerunt

1960 3666 2268 3749 quasdam
2314 3665 2602 3728 veritatis
2644 3683 2716 3727 ac
2759 3664 3015 3727 virtutis
3057 3665 3349 3745 notitias;
3385 3678 3455 3727 tu

1958 3784 2366 3844 superyressa
2412 3784 2476 3823 es
2513 3764 2876 3834 universas,
2927 3763 2994 3825 in
3047 3764 3452 3842 certitudine,

340 3868 499 3943 fecit
542 3865 695 3936 sibi,
744 3862 807 3924 id
850 3869 966 3937 est,
1016 3860 1307 3922 doctores
1350 3866 1415 3922 et
1462 3858 1851 3940 expositores
1962 3863 2258 3948 puritate,
2303 3871 2365 3925 et
2407 3861 2736 3943 dignitate.
2771 3863 2879 3925 Est
2921 3863 3091 3925 enim
3132 3863 3460 3946 Scriptura

346 3964 667 4039 incitavit,
712 3970 775 4025 et
826 3958 1169 4023 illustravit
1210 3959 1291 4020 ad
1341 3958 1849 4039 componendum
1961 3982 2160 4039 saera,
2195 3961 2624 4025 infallibiliter
2661 3971 2853 4040 certa,
2888 3963 2978 4024 nil
3022 3962 3318 4026 falsitatis
3350 3963 3460 4024 ha-

345 4070 407 4125 et
437 4060 937 4125 describendum
968 4062 1105 4121 eam
1140 4058 1260 4120 hoc
1290 4057 1500 4121 modo.
1524 4060 1767 4133 Byssus
1793 4066 1856 4118 et
1962 4062 2120 4124 bens
2150 4061 2523 4134 admixtum,
2558 4068 2622 4125 et
2652 4060 2982 4143 potissime
3019 4062 3186 4125 circa
3219 4061 3462 4125 increa-

340 4180 678 4239 purpura,
716 4158 778 4220 id
810 4164 907 4221 est
936 4156 1255 4219 munditia
1282 4165 1346 4219 et
1374 4154 1625 4229 caritas,
1658 4158 1853 4216 indu-
1966 4169 2096 4223 tum
2131 4160 2470 4241 objectum,
2497 4178 2610 4242 per
2638 4161 3121 4242 supernaturale
3150 4162 3456 4223 medium.

344 4267 638 4319 mentum
665 4254 910 4334 ejus,id
942 4263 1059 4329 est,
1082 4255 1523 4317 indumentum
1554 4272 1684 4335 quo
1716 4254 1854 4336 ipsa
1888 4260 1935 4321 D
1964 4259 2140 4323 Unde
2180 4259 2268 4321 ait
2305 4258 2642 4340 Gregorius
2677 4278 2690 4323 :
2723 4257 2984 4322 Omnem
3029 4260 3358 4323 scientiam
3399 4268 3464 4323 et

348 4356 540 4418 vestit
568 4362 636 4417 et
665 4362 851 4418 ornat
881 4353 1395 4435 obtemperantes
1425 4351 1570 4426 sibi,
1607 4353 1855 4414 studen-

350 4463 443 4518 tes
473 4454 543 4516 in
576 4472 669 4517 se.

430 4555 689 4614 Nobilis
721 4555 794 4614 in
814 4554 1024 4630 portis
1052 4553 1159 4611 vir
1184 4552 1351 4628 ejus,
1368 4549 1430 4612 id
1461 4557 1577 4625 cst,
1611 4556 1855 4611 amator

349 4660 411 4715 et
469 4670 747 4735 sponsus
815 4648 1178 4731 Scripturae,
1239 4647 1588 4712 virtutibus
1643 4646 1855 4710 clarus

350 4749 837 4825 monstrabitur,
870 4752 1131 4829 quando
1160 4750 1395 4808 sederit
1427 4768 1573 4807 cum
1609 4756 1857 4807 senato-

350 4852 531 4911 ribus
564 4860 778 4917 tmoe,
802 4848 870 4910 id
899 4854 996 4909 est
1027 4846 1193 4908 inte-r
1221 4845 1587 4928 apostolicas
1618 4845 1853 4909 sancti-—

350 4948 497 5010 tatis
544 4947 741 5023 viroS,
790 4946 903 5027 qui
946 4944 1327 5027 judicabunt
1375 4963 1523 5007 cum
1571 4943 1851 5025 Christ03

350 5047 451 5111 vel
480 5066 629 5110 cum
662 5044 941 5127 praelatis
969 5043 1289 5121 Ecclesiae,
1322 5043 1433 5126 qui
1478 5062 1647 5107 nunc
1677 5043 1855 5107 habi-

350 5154 585 5208 tatores
618 5152 802 5207 terrae
830 5143 1215 5223 gubernant,
1236 5142 1403 5205 inter
1431 5161 1591 5224 quos
1621 5143 1854 5223 dignus

348 5252 447 5307 est
475 5242 757 5307 residere
786 5240 855 5303 in
885 5241 1108 5323 portiS,
1126 5241 1187 5303 id
1219 5248 1315 5304 est
1345 5241 1409 5304 in
1440 5240 1853 5324 J'udicialibus

350 5341 511 5413 locis
546 5360 622 5412 ac
662 5338 865 5416 εοΙίἰε,
898 5358 1041 5430 quae
1079 5340 1231 5405 olim
1266 5339 1332 5409 in
1372 5339 1629 5410 urbium
1671 5348 1850 5407 erant

1964 4358 2318 4422 doctrinam
2361 4376 2538 4420 sacra
2577 4356 2903 4439 Scriptura
2946 4344 3360 4436 transcendit,
3394 4367 3464 4421 ut

1964 4462 2205 4517 taceam
2251 4455 2421 4536 quod
2463 4475 2613 4519 vera
2652 4455 2976 4537 praedicat,
3020 4457 3191 4538 quod
3234 4459 3311 4520 ad
3355 4478 3465 4540 pa-

1964 4554 2150 4615 triam
2204 4554 2522 4617 coelestem
2586 4554 2836 4632 invitat,
2886 4557 3057 4637 quod
3107 4575 3145 4618 a
3195 4558 3460 4620 terrenis

1964 4650 2298 4713 desideriis
2330 4650 2600 4732 legentis
2631 4670 2741 4715 cor
2772 4660 3047 4727 revocat,
3072 4654 3244 4734 quod
3271 4654 3460 4717 dictis

1963 4747 2444 4812 obscurioribus
2495 4749 2690 4813 fortes
2737 4760 3007 4825 exercet,
3061 4760 3120 4813 et
3173 4752 3459 4833 parvulis

1965 4845 2196 4909 humili
2236 4866 2528 4911 sermone
2565 4847 2912 4912 blanditur.
2949 4850 3068 4913 Nec
3109 4850 3202 4913 sic
3243 4850 3457 4914 clausa

1964 4952 2079 5021 est,
2103 4954 2173 5008 ut
2191 4946 2440 5028 pavesci
2468 4945 2692 5009 debeat
2712 4965 2728 5026 ;
2754 4966 2871 5009 nec
2892 4946 2983 5009 sic
3005 4956 3197 5029 patet,
3219 4956 3290 5010 ut
3309 4948 3458 5012 vile-

1963 5053 2129 5106 scat:
2158 5046 2265 5109 sed
2300 5046 2439 5128 ipso
2469 5065 2586 5108 usu
2617 5044 2784 5108 tollit
2815 5044 3248 5123 fastidium,et
3280 5055 3453 5112 tanto

1962 5141 2107 5222 plus
2150 5143 2460 5224 diligitur,
2495 5152 2734 5224 quanto
2774 5144 3044 5225 amplius
3085 5145 3446 5207 meditatur.

2042 5246 2283 5304 Fallaoe
2301 5242 2550 5319 qratia,
2578 5251 2638 5302 et
2668 5262 2840 5303 vana
2869 5253 2959 5303 est
2979 5243 3450 5319 pulchritudo:

1952 5339 2131 5431 juxta
2178 5338 2686 5431 explanationem
2731 5338 3170 5431 praehabitam.
3205 5343 3450 5407 Mulier

3571 706 3645 762 24

3574 1998 3646 2053 27

3575 5260 3646 5317 30
