4284 6267
841 482 962 549 352
1443 502 1796 550 amau-rio
1838 502 1901 549 m
1942 502 2080 549 aar.
2127 502 2195 547 m
2236 498 2476 547 canum
2517 498 2919 547 cmccnuu.
2966 520 3049 531 -—
3086 502 3228 549 aar.
3275 500 3339 547 11

836 689 1012 753 pore,
1047 679 1110 735 et
1151 692 1227 737 ex
1271 694 1344 737 ea
1388 674 1657 755 gratiam
1695 682 1760 737 et
1798 672 2155 737 doctrinam
2200 691 2335 733 sus·
2365 670 2416 731 A
2446 689 2591 733 nem
2639 670 2707 733 in
2754 678 2899 735 actu
2948 672 3279 748 virtutum,
3312 679 3422 735 aut
3468 680 3640 735 certe
3686 670 3949 735 ferven-

834 770 1000 851 cepi.
1035 770 1343 835 Cubicula
1385 782 1620 850 autem,
1664 781 1813 836 sunt
1852 772 2092 835 diversi
2132 778 2332 833 status
2444 769 2604 832 tium
2646 771 3006 834 orationum
3063 770 3494 851 fragrantiam,
3541 770 3720 851 juxta
3775 770 3941 832 illud

833 876 897 930 et
925 869 1158 950 gradus
1189 872 1574 953 ordinesque
1603 872 2024 934 credentium.
2059 870 2237 931 Unde
2267 876 2331 930 et
2442 868 2509 930 in
2548 869 2927 951 Apocalypsi
2957 888 2971 930 ε
3006 869 3157 932 Data
3196 878 3345 932 sunt
3384 870 3443 932 ei
3487 870 3747 933 incensa
3774 870 3945 932 mul·
4002 890 4241 944 Αροωω,

561 985 774 1038 Ριιηε.
833 966 1072 1029 dicitur
1111 968 1179 1030 in
1223 969 1470 1034 Psalmo
1505 989 1518 1031 :
1553 970 1700 1044 Quae
1747 970 1962 1033 dicitis
2011 969 2076 1031 in
2123 968 2333 1031 cordi-
2442 977 2504 1028 ta
2550 968 2629 1030 de
2671 966 3065 1031 orationibus
3110 967 3507 1031 Sanctorum.
3560 967 3769 1044 Porro,
3824 987 3943 1049 per
3970 956 4020 995 ³·

836 1064 956 1127 bus
995 1068 1245 1144 vestris,
1283 1068 1347 1131 in
1390 1068 1714 1132 cubilibus
1753 1068 1982 1131 vestris
2023 1085 2333 1148 compun-
2438 1075 2681 1130 ceteros
2725 1066 3021 1150 pulveres
3056 1068 3456 1143 aromaticOS‚
3505 1067 3939 1148 intelligenda

840 1164 1092 1245 gimini.
2437 1174 2585 1228 sunt
2628 1174 2982 1229 ceterarum
3026 1166 3339 1230 virtutum
3384 1174 3578 1248 atque
3619 1167 3935 1230 donorum

907 1263 1036 1328 Hoc
1066 1273 1196 1327 tam
1226 1274 1446 1328 sancto
1479 1284 1726 1348 sponsae
1755 1264 2070 1345 generalis
2102 1263 2323 1326 audito
2435 1264 2716 1327 actiones
2744 1284 2817 1327 ac
2846 1264 3321 1341 delectationeS,
3358 1265 3499 1328 luce
3530 1265 3939 1329 discretionis

828 1364 1177 1445 proposito,
1220 1363 1504 1427 Christus
1546 1364 1728 1447 jubet
1771 1363 2032 1426 filiabus
2075 1362 2329 1425 Jerusa-
2434 1362 2791 1426 commixtae
2820 1381 2894 1426 ac
2923 1362 3126 1429 divini
3149 1362 3295 1444 igne
3324 1363 3559 1426 amoris
3592 1381 3933 1427 succensae.

830 1458 978 1537 lem,
1029 1478 1110 1521 ne
1153 1479 1454 1543 sponsam
1493 1480 1531 1523 a
1569 1460 1702 1523 suis
1758 1460 2038 1523 avellant
2087 1458 2329 1541 ample-
2436 1461 2525 1523 Ex
2554 1461 2787 1543 quibus
2826 1462 3129 1525 omnibus
3169 1462 3459 1543 procedit
3489 1481 3527 1523 a
3554 1470 3765 1525 mente
3805 1471 3935 1525 tam

648 1570 685 1624 5
831 1558 1040 1635 xibus‚
1088 1558 1354 1622 dicens:
1390 1562 1647 1638 Adjuro
1695 1580 1826 1631 vos,
1866 1561 2029 1638 filioe
2067 1561 2327 1619 Jerusa-
2434 1557 2719 1622 virtuosa
2772 1559 3089 1624 exhalatio
3146 1560 3519 1643 spiritualia,
3580 1561 3938 1625 rectissima

835 1662 981 1730 lem,
1003 1679 1122 1736 per
1149 1679 1436 1737 capreas,
1459 1680 1795 1740 cervosque
1831 1678 2327 1736 camporum,ne
2436 1676 2723 1739 prorsus,
2776 1659 3053 1738 subtilis,
3111 1660 3173 1721 id
3220 1668 3317 1724 est
3372 1679 3551 1742 pura,
3602 1660 3808 1724 dulcis
3858 1681 3937 1725 ac

831 1760 1171 1829 suscitetis,
1221 1780 1428 1837 neque
1481 1761 1798 1837 eviyilare
1851 1758 2118 1837 faciatis
2171 1759 2327 1817 dice·
2442 1756 2694 1820 fervens
2732 1759 2807 1821 ad
2850 1760 3046 1821 Deum
3086 1758 3383 1838 affecti03
3416 1760 3521 1822 cui
3560 1778 3796 1841 sponsa
3832 1779 3936 1822 as-

824 1865 1018 1923 ctam‚
1048 1859 1246 1917 donec
1271 1858 1416 1934 ipsa
1443 1859 1619 1918 velit.
1655 1856 1890 1938 Estque
1937 1856 2056 1917 iste
2098 1874 2319 1918 versus
2362 1857 2406 1919 B
2434 1855 2773 1934 similatur,
2824 1858 3127 1938 quoniam
3186 1858 3265 1919 ad
3323 1857 3445 1920 hoc
3504 1858 3707 1921 tendit
3758 1865 3931 1921 totus

531 1972 788 2024 canam-1.
823 1954 1206 2035 praecedenti
1235 1954 1516 2036 capitulo
1545 1954 1906 2037 expositus:
1927 1972 2119 2035 quem
2138 1972 2323 2035 spon·
2431 1964 2693 2017 conatus
2724 1955 3041 2030 Ecclesiae,
3079 1962 3149 2018 ut
3177 1954 3523 2019 affectione
3553 1956 3929 2037 hujusmodi

824 2070 934 2113 sus
980 2053 1059 2114 ad
1108 2051 1562 2115 insinuandum
1619 2053 2130 2133 magnitudinem
2186 2070 2318 2114 suae
2433 2052 2793 2134 impleatur,
2826 2061 3020 2135 atque
3063 2054 3130 2116 in
3172 2053 3468 2135 spiritum
3511 2053 3932 2118 transforme-

822 2150 1104 2213 caritatis
1135 2151 1715 2233 sollicitudinisque
1741 2153 1820 2214 ad
1854 2169 2176 2233 sponsam,
2214 2150 2319 2213 hic
2433 2161 2558 2230 tur,
2590 2162 2905 2234 quatenus
2931 2154 3013 2216 ab
3042 2152 3219 2216 omni
3246 2152 3616 2216 carnalitate
3645 2162 3711 2215 et
3737 2152 3930 2216 vitio-

821 2248 1074 2330 repetit.
1109 2248 1225 2312 Vel
1266 2248 1359 2312 ibi
1407 2250 1672 2333 protulit
1711 2269 1968 2313 versum
2015 2248 2187 2311 hunc
2238 2248 2317 2310 ad
2432 2269 2573 2312 rum
2610 2251 2905 2331 grossitie
2940 2252 3302 2326 emundata,
3339 2250 3579 2313 feratur
3621 2252 3699 2313 ad
3730 2270 3929 2334 spon·
3998 2292 4005 2296 -

821 2346 1166 2409 Ecclesiam
1196 2367 1271 2411 ex
1307 2344 1636 2411 Iudaismo
1669 2366 2064 2422 conversam,
2101 2347 2207 2409 hic
2234 2346 2318 2409 ad
2432 2368 2571 2411 sum
2600 2349 2924 2413 coelestem
2953 2348 3153 2412 libere
3182 2368 3255 2412 ac
3296 2347 3637 2426 ferventer,
3667 2350 3924 2413 assidue

819 2444 1168 2509 Ecclesiam
1237 2466 1313 2510 ex
1378 2446 1730 2528 gentilitate
1795 2446 2152 2522 collectam,
2214 2444 2316 2507 vel
2430 2463 2505 2507 ac
2550 2452 2904 2507 manenter.

822 2545 1034 2625 potius
1081 2546 1160 2608 ad
1208 2546 1520 2622 eamdem,
1555 2554 1866 2628 quantum
1909 2545 1986 2607 ad
2031 2544 2315 2609 diversas
2512 2544 2619 2604 En
2660 2545 2965 2604 lectulum
3003 2543 3371 2605 Salomonis
3415 2544 3758 2620 seoeayinta
3794 2545 3927 2620 for·
4088 2554 4125 2608 '1

528 2665 793 2717 masma.
824 2652 1032 2724 partes
1078 2644 1301 2727 ipsius
1352 2645 1646 2709 Attamen
1688 2645 1880 2708 etiam
1923 2643 2094 2706 infra
2138 2662 2319 2725 repe-
2436 2652 2521 2703 ces
2551 2645 2851 2703 ambiunt
2888 2663 2971 2702 em
2998 2644 3375 2722 fortissimis
3411 2645 3639 2703 Israel.
3675 2641 3791 2705 Per
3830 2642 3924 2705 le-

823 2742 980 2805 titur
1023 2742 1218 2806 idem.
1745 2780 1752 2787 ·
2432 2740 2673 2803 etulum
2704 2740 3080 2816 SalomoniS,
3114 2740 3483 2819 designatur
3520 2759 3701 2803 mens
3732 2758 3927 2822 spon-

904 2841 1140 2905 Deinde
1179 2860 1450 2924 sponsus
1489 2841 1672 2924 quasi
1713 2841 2034 2904 admirans
2065 2858 2315 2924 sponsae
2432 2859 2537 2915 sae,
2574 2840 2638 2901 in
2683 2858 2812 2921 qua
2852 2859 2992 2902 cum
3035 2858 3267 2921 sponsa
3307 2857 3578 2921 sponsus
3620 2838 3919 2921 quiescit.

823 2939 1140 3017 decorem,
1173 2938 1522 3018 agilitatem
1569 2958 1642 3002 ac
1690 2938 2132 3020 gracilitatem,
2168 2938 2317 3001 sub-
2434 2938 2608 3000 Hunc
2655 2937 2948 3000 ambiunt
2994 2937 3319 3018 sexaginta
3370 2936 3566 3000 fortes
3611 2938 3796 3001 electi
3846 2957 3926 3001 ex

625 3046 662 3101 6
815 3037 1030 3119 jungit
1081 3058 1096 3102 ε
1151 3042 1304 3108 Quae
1349 3048 1439 3099 est
1485 3039 1638 3107 ista,
1678 3058 1823 3117 quae
1869 3040 2157 3099 ascendit
2198 3056 2316 3114 per
2352 3044 2396 3108 C
2429 3036 2605 3101 omni
2648 3035 2835 3119 plebe
2876 3035 3194 3113 fidelium,
3245 3035 3307 3098 id
3348 3044 3442 3099 est
3488 3036 3772 3100 universi
3814 3056 3927 3119 pa-

821 3140 1188 3198 desertum?
1237 3137 1300 3199 id
1345 3144 1464 3214 est,
1510 3155 1623 3218 per
1669 3135 2080 3199 solitudinem
2123 3135 2315 3216 hujus
2426 3144 2628 3197 stores
2658 3135 2870 3198 idonei
2900 3142 2965 3197 et
2994 3132 3436 3216 praedicatores
3466 3134 3785 3215 condigni,
3812 3136 3923 3216 qui

538 3235 1060 3311 Pnftip1211.saeculi‚
1105 3254 1218 3317 per
1263 3235 1544 3297 medium
1599 3234 1876 3298 nationis
1925 3252 2241 3316 perversae
2280 3252 2317 3295 a
2422 3251 2677 3314 gregem
2715 3233 3109 3297 dominicum
3146 3242 3211 3296 et
3250 3232 3555 3296 lectulum
3593 3232 3703 3296 Dei
3746 3235 3815 3296 in
3846 3252 3922 3297 eo

529 3312 594 3354 ¹⁵·
821 3333 946 3396 Deo
994 3334 1278 3409 desertae,
1333 3352 1448 3415 per
1505 3333 1624 3396 hoc
1681 3331 1984 3395 saeculum
2037 3349 2312 3413 nequam
2424 3332 2811 3407 custodiunt,
2847 3332 3013 3394 sicut
3043 3332 3417 3413 praedictum
3448 3340 3564 3394 est.
3598 3331 3924 3415 Frequen-

819 3432 1040 3496 divina
1080 3432 1542 3495 inhabitatione
1582 3431 1922 3513 privatum,
1957 3430 2204 3493 scandit
2238 3430 2313 3492 ad
2427 3438 2521 3493 ter
2559 3439 2775 3493 autem
2817 3430 2884 3492 in
2929 3430 3273 3512 Scripturis
3314 3430 3575 3513 ponitur
3614 3449 3920 3494 numerus

821 3530 1279 3593 sublimitatem
1332 3530 1662 3605 virtutum,
1707 3529 1785 3592 ad
1833 3528 2317 3610 contemplatio-
2423 3530 2879 3592 determinatus
2925 3547 3040 3611 pro
3085 3529 3596 3606 indeterminatO,
3640 3530 3808 3593 sicut
3851 3531 3917 3593 in

821 3629 921 3691 nis
964 3627 1316 3710 fastigium,
1351 3629 1429 3691 ad
1469 3628 1873 3691 altitudinem
1912 3627 2090 3708 regni
2130 3628 2317 3691 coelo-
2422 3627 2668 3691 Psalmo
2706 3646 2719 3690 :
2753 3627 2991 3690 Cadent
3028 3648 3065 3690 a
3104 3626 3297 3690 latere
3337 3636 3447 3691 tuo
3488 3627 3687 3705 mille,
3720 3636 3785 3691 et
3812 3630 3923 3692 de-
3976 3650 4061 3693 Ρ..
4078 3666 4152 3703 10,
4170 3654 4209 3693 τ.

820 3746 1003 3805 rum3
1048 3730 1215 3789 sicut
1261 3730 1525 3805 viryula
1572 3729 1750 3807 fumi
1794 3748 1876 3787 eoe
1921 3729 2317 3787 aromatibus
2424 3746 2561 3790 cem
2610 3725 2814 3789 millia
2859 3745 2897 3788 a
2946 3726 3182 3788 dextris
3230 3726 3382 3788 tuis,
3424 3726 3657 3789 Horum
3702 3736 3915 3790 autem

819 3829 1104 3903 myrrhae
1141 3836 1201 3887 et
1231 3828 1442 3887 thuris
1469 3836 1530 3887 et
1567 3828 1861 3887 universi
1883 3828 2179 3903 pulveris
2210 3828 2317 3903 pi·
2425 3825 2806 3888 universitas
2854 3843 2967 3905 per
3024 3824 3349 3904 sexaginta
3398 3824 3710 3901 innuitur,
3764 3845 3921 3906 quo-

817 3926 1196 4000 qmentarii,
1247 3924 1312 3986 id
1361 3932 1478 3998 est,
1535 3922 1810 4000 subtilis,
1875 3922 2156 4003 graciliS‚
2215 3942 2315 3985 or·
2428 3924 2597 3987 niam
2630 3923 2952 4003 sexaginta
2985 3930 3133 3984 sunt
3163 3922 3365 3985 sexies
3395 3922 3635 4000 decem,
3673 3942 3787 3987 seu
3816 3925 3921 3988 de-

820 4030 990 4097 nata,
1041 4022 1277 4099 suaviS,
1319 4029 1383 4085 et
1428 4022 1494 4083 in
1539 4021 1738 4083 altum
1783 4040 1851 4083 se
1894 4020 2149 4101 erigens
2200 4040 2315 4103 per
2423 4023 2550 4087 cies
2598 4042 2727 4086 sex.
2778 4022 2893 4084 Per
2938 4021 3271 4083 denarium
3317 4040 3491 4099 vero,
3544 4022 3919 4106 adimpletio

819 4120 1217 4201 spiritualem
1266 4117 1648 4202 profectum,
1691 4117 2296 4201 contemplationem
2422 4120 2744 4201 Decalogi;
2776 4139 2891 4203 per
2930 4119 3275 4197 senarium,
3318 4120 3455 4201 ipsa
3497 4119 3915 4187 observantiae

819 4216 1156 4295 sinceram,
1211 4216 1658 4299 fervidumque
1715 4216 2046 4295 affectum,
2109 4216 2312 4280 instar
2340 4230 2389 4293 D
2422 4220 2613 4303 hujus
2657 4220 3019 4281 insinuatur
3060 4215 3392 4300 perfectio.

818 4317 1075 4398 vaporis
1107 4335 1221 4400 per
1258 4317 1514 4380 modum
1545 4316 1810 4396 virgulae
1841 4316 1907 4378 in
1947 4316 2147 4378 altum
2181 4324 2315 4379 ten-
2503 4324 2731 4382 Omnes
2764 4326 3037 4379 tenentes
3056 4319 3341 4395 yladios,
3371 4317 3437 4379 id
3464 4326 3559 4381 est
3586 4336 3763 4381 arma
3790 4319 3919 4381 vir·
4064 4331 4103 4385 8

818 4416 1028 4478 dentis
1063 4416 1219 4497 :qui
1268 4433 1466 4497 vapor
1503 4414 1832 4495 consurgit
1874 4433 1946 4477 ac
1990 4414 2192 4477 oritur
2236 4434 2313 4477 ex
2422 4426 2626 4479 tutum
2677 4424 2899 4480 contra
2949 4414 3151 4477 aerias
3201 4422 3541 4497 potestates
3594 4425 3657 4478 et
3706 4417 3913 4481 aciem

817 4513 1189 4578 incensione
1232 4513 1590 4578 aromaticae
1633 4512 2076 4587 confectioniS,
2125 4511 2311 4577 factae
2420 4515 2745 4580 vitiorum.
2780 4513 3151 4597 Specialiter
3180 4531 3351 4591 veru,
3386 4521 3543 4577 teste
3584 4514 3907 4597 Apostolo‚

817 4631 894 4675 ex
923 4612 1180 4695 myrrha
1209 4620 1270 4676 et
1301 4612 1506 4689 thure,
1539 4612 1896 4693 ceterisque
1935 4610 2308 4693 pulveribus
2418 4614 2667 4695 gladius
2718 4612 3067 4697 spiritualis
3116 4621 3214 4675 est
3268 4612 3532 4675 verbum
3592 4614 3725 4692 Dei,
3782 4634 3911 4695 quo
3963 4644 4219 4701 gpfflffl,

815 4719 952 4775 arte
1005 4710 1414 4793 pigmentarii
1475 4710 1846 4793 praeparatis
1901 4728 1915 4772 ε
1970 4728 2083 4791 per
2147 4730 2311 4793 myr-
2420 4722 2782 4777 resecantur
2822 4720 3099 4795 peccata,
3134 4720 3198 4775 et
3230 4712 3439 4775 cordis
3480 4714 3761 4795 aperitur
3799 4714 3914 4776 du·
3942 4712 4015 4753 ¹⁷·

817 4810 997 4873 rham
1027 4829 1328 4887 amaram,
1362 4809 1780 4889 intelligendo
1819 4808 2102 4891 corporis
2145 4829 2311 4874 mor·
2419 4812 2585 4874 ritia.
2640 4812 2898 4886 RursuS,
2947 4810 3200 4891 gladius
3248 4819 3345 4873 est
3404 4810 3575 4891 rigor
3619 4812 3907 4892 justitiae‚

814 4908 1256 4985 tificationem,
1290 4918 1354 4972 et
1395 4907 1846 4972 cruciformem
1887 4908 2122 4969 Christi
2172 4909 2309 4970 imi·
2415 4912 2585 4992 justa
2614 4909 2929 4972 sententia
2956 4928 3029 4971 ac
3061 4909 3221 4971 ultio
3250 4909 3469 4972 debita
3492 4927 3506 4971 τ
3529 4909 3710 4991 juxta
3738 4912 3909 4992 quod

813 5008 1150 5088 tationem3
1185 5027 1298 5090 per
1331 5008 1497 5085 thus,
1532 5007 1702 5088 quod
1732 5006 1802 5068 in
1833 5006 2152 5070 sacrificio
2180 5008 2307 5071 Deo
2416 5008 2715 5071 scribitur
2757 5007 2823 5069 in
2865 5007 3267 5089 Apocalypsi,
3310 5007 3395 5070 De
3441 5026 3549 5072 ore
3591 5008 3732 5090 ejus
3770 5028 3911 5092 pro·
3952 5032 4209 5087 Apo-eme.

811 5106 1108 5183 offertur,
1156 5106 1511 5171 devotionis
1555 5105 1953 5180 suavitatem,
1999 5105 2138 5168 sine
2180 5126 2305 5188 qua
2414 5107 2677 5170 cedebat
2713 5105 2964 5186 gladius
3006 5125 3082 5168 ex
3120 5114 3388 5188 utraque
3434 5114 3613 5189 parte
3652 5116 3905 5187 acutus3
3938 5107 4025 5146 ¹¹¹*
4048 5099 4117 5139 ¹⁵·

811 5205 1160 5290 corporalis
1198 5204 1565 5269 exercitatio
1598 5223 1822 5287 parum
1863 5212 1974 5267 aut
2004 5203 2167 5266 nihil
2201 5224 2307 5267 va-
2412 5214 2605 5287 atque
2631 5205 2697 5267 in
2726 5204 2995 5281 Psalmo,
3027 5203 3235 5289 Gladii
3262 5204 3577 5287 ancipites
3610 5206 3676 5268 in
3707 5206 3905 5268 mani·
3960 5229 4041 5271 Pa.
4062 5244 4211 5281 exta,

810 5304 919 5385 let,
953 5322 1065 5367 seu
1095 5305 1276 5369 bonae
1305 5302 1492 5367 famae
1518 5303 1798 5381 odorem,
1832 5310 1898 5367 et
1933 5302 2299 5366 delectatio·
2414 5302 2533 5367 bus
2578 5322 2821 5367 eorum.
2865 5303 3101 5367 Praelati
3144 5321 3295 5385 ergo
3340 5312 3405 5367 et
3450 5304 3895 5387 praedicatores
3934 5293 3979 5334 ⁶·
