4284 6267
90 1002 224 1045 E-rod.
240 1016 308 1043 xiv

72 1069 131 1109 ³¹.

158 1191 228 1247 20

74 1494 179 1535 thid.
197 1508 268 1545 av,
290 1496 329 1536 1.

74 2094 331 2143 hidulfu-

164 2374 231 2427 21

110 3740 221 3791 {0⁸1³-
242 3738 301 3791 ἰι)

1048 528 1405 577 malumno
1449 528 1512 575 IN
1554 528 1691 575 cAP.
1738 531 1779 575 X
1821 528 1981 575 unm
2023 530 2383 579 SAPmNTIAE.
2431 552 2512 563 --
2552 532 2692 579 ΛΒΤ.
2739 528 2778 579 Χ

3337 514 3458 581 515

356 714 537 759 mare
575 696 859 760 Rubrum
900 699 965 761 in
1009 700 1229 763 eodem
1276 702 1486 765 littore
1522 702 1587 763 in
1622 721 1751 783 quo
1786 701 1861 763 il·
1890 700 1937 762 Α
1970 701 2361 784 innitantur3
2395 705 2488 767 sie
2518 704 2744 768 fideles
2773 704 3062 786 indigent
3090 703 3459 767 indesinen-

359 792 469 855 lud
496 794 879 858 introierunt
906 818 919 861 :
946 800 1129 880 cujus
1160 801 1522 882 oppositum
1548 800 1858 883 losepbus

362 900 556 953 tenet.
603 892 764 967 Quid
810 903 1020 958 aute-m
1071 898 1241 960 circa
1289 898 1406 960 hoc
1451 898 1856 961 sentiendum

314 1034 329 1051 .
362 990 577 1071 potius
637 992 947 1071 videatur,
1005 1014 1197 1077 super
1256 996 1535 1059 Exodum
1602 996 1852 1080 scripsi.

358 1087 583 1152 Glossa
612 1108 765 1154 vero
794 1093 1056 1173 exponit
1096 1094 1267 1157 istud
1306 1096 1384 1159 de
1425 1096 1630 1177 prima
1669 1095 1858 1179 spoli-

358 1188 597 1250 atione.
621 1191 711 1250 Et
738 1193 1270 1263 decantaverunt,
1300 1196 1599 1264 Domine,
1629 1214 1854 1255 nomen

356 1296 657 1348 sanctum
691 1298 904 1358 tuum,
936 1290 999 1351 id
1028 1299 1146 1367 est,
1181 1299 1243 1353 te
1276 1290 1613 1355 Dominum
1646 1292 1857 1355 lauda-

358 1394 597 1447 verunt
626 1405 773 1449 cum
812 1388 1061 1452 cantico
1098 1409 1112 1453 :
1148 1390 1300 1470 quia
1345 1398 1495 1454 tunc
1526 1391 1765 1475 Moyses
1794 1401 1858 1455 et

360 1483 485 1546 filii
518 1484 706 1547 lsrael
739 1486 1132 1565 cecinerunt,
1159 1488 1443 1553 dicentes
1470 1510 1483 1554 ε
1516 1490 1855 1554 Cantemus

360 1582 669 1663 Domin03
702 1585 977 1663 gloriose
1016 1588 1187 1650 enim
1238 1588 1692 1670 magnificatus
1735 1599 1851 1667 est,

357 1700 601 1762 equum
652 1692 715 1746 et
778 1704 1177 1749 ascensorem
1242 1687 1476 1770 dejecit
1530 1688 1596 1749 in
1655 1708 1851 1751 mare.

358 1780 601 1862 Moyses
634 1790 843 1845 tamen
878 1792 1080 1847 totum
1119 1786 1441 1848 canticum
1487 1786 1645 1849 illud
1688 1805 1859 1850 com-

1969 809 2063 863 ·ter
2112 802 2347 883 juvari,
2396 803 2760 878 sustentari,
2804 822 2876 867 ac
2916 802 3061 865 duci
3109 822 3146 865 a
3196 803 3344 879 Deo,
3381 820 3461 865 ne

1966 900 2223 961 semitas
2266 910 2494 964 exeant
2533 901 2872 983 aequitatis.
2925 900 3178 981 Alioqui
3223 900 3459 981 regiam

1967 997 2133 1060 viam
2166 998 2292 1062 cito
2325 998 2781 1079 relinquerent,
2801 997 3180 1062 declinando
3207 998 3284 1060 ad
3317 999 3464 1060 dex·

1966 1103 2165 1159 teram
2199 1097 2299 1161 vel
2331 1097 2680 1159 sinistram.
2703 1098 2846 1159 ldeo
2873 1105 3007 1159 orat
3034 1096 3134 1159 vir
3164 1103 3459 1160 sanctus:

1966 1195 2176 1258 Deduc
2207 1214 2330 1273 me,
2365 1195 2651 1272 Domine,
2688 1196 2752 1257 in
2785 1196 2888 1261 via
2918 1204 3056 1275 ωας
3079 1203 3163 1271 et,
3196 1194 3460 1257 Gressus
3509 1216 3588 1260 1³2.
3605 1230 3748 1269 mxv,

1966 1312 2141 1355 meos
2170 1293 2375 1374 dirige
2400 1295 2750 1357 secundum
2780 1293 3102 1375 eloquium
3136 1302 3339 1356 tuum.
3373 1296 3458 1353 Et
3488 1282 3590 1385 ’ᾗ
3611 1356 3750 1395 mm,

1964 1396 2241 1453 ostendit
2287 1396 2397 1455 illi
2433 1412 2708 1469 reynum
2757 1395 2902 1462 Dei,
2949 1392 3158 1455 dando
3211 1391 3270 1453 ei
3318 1408 3459 1471 gra·
3487 1408 3580 1448 ¹³³.

1968 1489 2117 1551 tiam
2161 1490 2637 1572 contemplandi
2667 1510 2738 1553 ac
2773 1489 3198 1571 praegustandi
3228 1489 3461 1571 gaudia

1968 1586 2147 1668 regni
2177 1586 2468 1651 coelestis.
2499 1592 2581 1650 Ec
2611 1590 2791 1648 dedic
2821 1590 2929 1647 illi
2953 1589 3294 1648 scientiam
3321 1606 3462 1647 aare·

1966 1696 2234 1755 ecorum,
2257 1687 2319 1749 id
2351 1695 2446 1748 est
2477 1684 2969 1766 intelligentiam
2999 1686 3460 1768 scripturarum

1968 1784 2439 1867 Apostolorum,
2473 1784 3042 1866 Evangelistarum,
3077 1803 3150 1847 ac
3194 1784 3465 1866 Prophe-

358 1879 579 1960 posuit
610 1882 895 1957 metrice,
930 1892 995 1945 et
1034 1883 1275 1946 editum
1322 1884 1540 1947 docuit
1569 1884 1744 1948 filios
1778 1885 1858 1947 ls-
1895 1885 1940 1946 B
1969 1893 2199 1959 tarum,
2226 1883 2324 1946 vel
2359 1882 2890 1946 illuminationem
2924 1883 3296 1963 angelorum
3327 1901 3466 1945 san·

360 1977 491 2039 rael
533 1996 547 2040 :
583 1987 647 2041 et
686 1979 953 2043 forsitan
984 1982 1373 2063 praecinebat
1404 1982 1518 2059 eiS,
1561 1985 1859 2065 quemad·

362 2077 625 2139 modum
658 2076 848 2140 Maria
876 2098 1053 2143 soror
1084 2099 1219 2157 sua,
1261 2079 1535 2156 feminiS,
1572 2090 1762 2164 prout
1792 2082 1856 2145 in

363 2173 579 2237 Exodo
610 2176 918 2258 scriptum
946 2187 1065 2241 est.
1091 2180 1177 2239 Ec
1206 2181 1529 2240 victricem
1564 2201 1858 2251 manum,

364 2272 429 2333 id
479 2282 577 2335 est
632 2276 1160 2357 omnipotentiam
1222 2287 1428 2349 tuam,
1476 2297 1602 2359 qua
1646 2278 1857 2342 vicisti

364 2372 715 2453 AEgyptiOS,
753 2378 1192 2437 laudaverunt
1210 2380 1466 2454 pariter
1496 2399 1518 2438 .·
1547 2380 1857 2458 quoniam

360 2473 689 2549 sapientia
734 2476 991 2549 aperuit
1030 2494 1093 2533 os
1136 2486 1481 2544 mutorum,
1514 2476 1576 2539 id
1608 2486 1724 2553 est,
1770 2477 1860 2538 in·

360 2576 575 2630 creata
616 2568 941 2651 Sapientia
989 2571 1288 2635 excitavit
1337 2582 1487 2637 tunc
1546 2574 1857 2638 israelitas

358 2665 438 2727 ad
484 2664 595 2727 Dei
643 2667 1033 2748 praeconium
1078 2671 1238 2750 :qui
1287 2679 1435 2733 ante
1478 2691 1515 2734 a
1564 2672 1857 2736 laudibus

360 2763 471 2826 Dei
512 2764 699 2845 quasi
742 2767 902 2829 muti
950 2767 1227 2845 fuerunt,
1264 2788 1381 2831 nec
1419 2779 1639 2833 contra
1674 2772 1858 2853 AEgy-

357 2863 529 2944 ptios
558 2882 967 2945 oppressores
1000 2884 1146 2928 suos
1185 2865 1363 2948 loqui
1392 2868 1712 2931 audebant
1746 2887 1759 2931 :
1795 2878 1858 2932 et

360 2959 579 3024 forsan
608 2961 807 3044 aliqui
840 2963 1215 3027 naturaliter
1245 2966 1427 3041 muti,
1464 2974 1613 3029 tunc
1645 2986 1857 3049 super·

1968 1990 2214 2045 ctorum
2241 2000 2258 2062 ;
2317 1983 2552 2046 donum
2616 2000 2868 2063 quoque
2926 1981 3231 2059 scientiae,
3290 1982 3463 2064 quod

1970 2079 2336 2142 infunditur
2383 2080 2682 2143 cordibus
2741 2080 3029 2143 omnium
3089 2078 3459 2143 electorum.

1970 2182 2352 2240 Honestavit
2383 2181 2573 2240 illum
2607 2182 2678 2239 in
2713 2180 3061 2249 laboribus,
3082 2178 3143 2240 id
3174 2186 3291 2252 est,
3313 2179 3466 2242 aeti—

1969 2276 2089 2339 bus
2137 2276 2440 2341 virtuosis
2483 2275 2632 2339 fecit
2662 2296 2805 2339 eum
2848 2276 3152 2353 studiose,
3192 2275 3468 2339 fructuo-

1970 2394 2053 2449 se,
2069 2394 2143 2438 ac
2175 2382 2653 2457 perseveranter
2686 2375 3025 2455 intentum3
3048 2386 3107 2437 ec
3127 2378 3466 2453 complevit

1970 2476 2211 2535 labores
2269 2476 2474 2546 illia-3,
2527 2474 2935 2557 perducendo
2983 2492 3091 2537 eos
3135 2474 3214 2536 ad
3265 2473 3462 2537 finem

1970 2572 2250 2635 beatum.
2283 2576 2362 2634 Ire
2403 2574 2647 2649 fraude
2687 2574 3340 2633 circumvenientium
3390 2574 3467 2633 il-

1970 2675 2107 2731 lum
2148 2672 2372 2748 adfuit
2405 2691 2428 2729 .·
2460 2670 2522 2732 id
2557 2678 2676 2747 est,
2717 2689 2754 2732 a
2793 2670 3126 2733 fraudibus
3175 2670 3466 2732 invisibi-

1971 2768 2125 2830 lium
2150 2788 2224 2831 ac
2252 2767 2606 2830 visibilium
2639 2767 2915 2831 hostium
2951 2787 3023 2831 ae
3051 2776 3464 2849 tyrannorum

1968 2866 2208 2947 eripuit
2233 2884 2379 2928 eum
2411 2885 2484 2929 ac
2528 2866 2960 2947 praeservavit,
2996 2884 3110 2948 per
3143 2865 3467 2928 illumina-

1967 2964 2206 3026 tionem
2247 2971 2309 3026 et
2350 2962 2766 3026 directionem
2819 2962 3160 3040 internam,
3208 2981 3323 3044 per
3371 2962 3468 3025 in-

3593 2586 3656 2642 11

358 3060 739 3123 naturaliter
777 3060 953 3142 loqui
998 3082 1072 3125 ac
1116 3063 1311 3125 Deum
1355 3063 1613 3127 laudare
1650 3067 1851 3129 exorsi
1892 3062 1936 3125 C
1968 3062 2382 3143 spirationem
2429 3060 2820 3141 angelicam3
2861 3071 2920 3122 et
2947 3064 3280 3122 honestum
3310 3063 3464 3138 fecit

358 3166 543 3239 sunt;
574 3170 635 3219 et
664 3162 929 3237 linquas
965 3162 1330 3240 infantium
1364 3166 1519 3243 fecit
1549 3166 1855 3235 disertas,

360 3258 425 3319 id
456 3266 575 3333 est,
610 3256 909 3340 parvulos
940 3257 1349 3321 Hebraeorum
1386 3260 1537 3323 fecit
1568 3261 1633 3323 in
1671 3262 1856 3325 laude

361 3355 473 3418 Dei
508 3355 817 3419 facundos
851 3375 866 3420 τ
910 3364 973 3418 et
1025 3354 1289 3419 forsitan
1338 3359 1724 3442 anticipatus
1762 3370 1859 3423 est

362 3453 433 3516 in
475 3454 861 3536 quibusdam
909 3453 1267 3517 infantibus
1310 3457 1545 3537 linguae
1592 3478 1743 3521 usus
1792 3460 1857 3520 in

365 3552 555 3615 laude
597 3553 715 3615 hac
758 3552 890 3615 Dei.

446 3652 711 3711 Diremit
756 3671 949 3729 opera
997 3672 1247 3723 eorum,
1302 3653 1365 3716 id
1419 3662 1515 3717 est
1567 3654 1736 3719 facta
1778 3656 1864 3719 ls-

366 3747 758 3823 raelitarum,
793 3752 866 3809 in
910 3752 1211 3811 manibus
1242 3754 1582 3831 Prophetae
1626 3758 1862 3827 sancti,

368 3847 431 3908 id
468 3855 563 3909 est
592 3866 709 3929 per
738 3847 1117 3929 obsequium
1160 3858 1223 3912 et
1253 3852 1578 3929 ducatum,
1614 3872 1727 3935 per
1757 3854 1866 3918 do-

366 3944 639 4007 ctrinam
698 3954 892 4026 atque
941 3946 1249 4010 miracula
1297 3948 1544 4033 Moysis,
1606 3952 1717 4032 qui
1768 3952 1867 4015 fu—

368 4043 417 4105 it
466 4043 725 4106 illorum
771 4044 1067 4121 director,
1120 4046 1363 4123 doctor,
1418 4049 1743 4128 legislator
1791 4070 1863 4113 αθ

366 4159 691 4223 princeps,

449 4338 729 4413 Inserta,
777 4338 1080 4419 quoniam
1122 4339 1327 4402 multa
1367 4341 1559 4422 hujus
1598 4342 1861 4424 capituli

369 4437 566 4500 verba
595 4444 808 4499 cantat
837 4437 1117 4500 Ecclesia
1155 4439 1233 4501 de
1279 4439 1666 4502 beatissimis
1698 4460 1865 4503 mar-

373 4535 623 4617 tyribus
669 4543 733 4598 et
781 4535 1255 4599 confessoribus
1294 4536 1557 4613 sanctiS‚
1602 4544 1865 4618 tangen-

368 4634 525 4697 dum
555 4641 654 4696 est
691 4632 971 4697 breviter
1013 4635 1289 4716 qualiter
1321 4635 1450 4698 illis
1482 4636 1865 4701 conveniant

314 4724 319 4727 ’
370 4731 569 4795 verba
612 4730 756 4793 ista.

170 4834 241 4889 10

452 4832 703 4891 Iustum
755 4832 1030 4891 deduscit
1078 4831 1384 4895 Dominus
1428 4852 1547 4910 per
1588 4835 1729 4894 vias
1770 4854 1867 4893 re-

368 4938 527 5000 ctas,
552 4928 617 4990 id
646 4937 744 4991 est
772 4946 886 5011 per
909 4929 1379 4993 observantiam
1407 4940 1866 5013 praeceptorum

370 5046 487 5090 seu
536 5027 1054 5108 evangelicorum
1104 5028 1551 5107 consiliorum,
1597 5031 1677 5092 de
1729 5029 1866 5093 loco

367 5125 565 5206 hujus
594 5124 805 5187 exsilii
838 5125 917 5187 ad
949 5126 1219 5208 patriam
1248 5126 1607 5189 Beatorum.
1644 5126 1868 5201 Quem-

366 5222 715 5286 admodum
758 5230 970 5287 autem
1014 5222 1319 5287 infantuli
1365 5233 1699 5306 nequeunt
1745 5244 1870 5287 am-

366 5320 597 5385 bulare
634 5320 759 5384 nisi
788 5322 1122 5402 ducantur,
1155 5341 1269 5386 seu
1312 5340 1508 5406 parvo
1536 5322 1855 5387 curriculo

1968 3163 2184 3232 illum,
2217 3160 2280 3221 id
2329 3167 2427 3221 est
2474 3158 2890 3240 spiritualiter
2933 3158 3338 3241 locupletem,
3371 3168 3462 3223 to·

1970 3259 2147 3340 tique
2209 3258 2448 3321 mundo
2509 3256 2968 3333 venerabilem,
3029 3257 3462 3321 canonizando

1968 3358 2287 3434 eumdem,
2321 3363 2383 3417 et
2414 3374 2526 3438 per
2555 3355 2806 3419 diversa
2834 3355 3138 3419 miracula
3166 3354 3463 3421 Sanctum
3519 3381 3672 3433 Pam,
3691 3384 3735 3424 ι.

1970 3474 2154 3517 suum
2193 3452 2624 3517 mirificando.

2054 3554 2411 3614 Custodivit
2459 3554 2654 3613 illum
2696 3554 2774 3612 ab
2821 3554 3115 3613 inimicis
3154 3552 3458 3634 praefatiS,

1972 3669 2099 3714 non
2131 3658 2201 3712 ut
2229 3669 2372 3713 eum
2407 3668 2536 3713 non
2567 3658 3098 3730 persequerentur
3125 3658 3235 3713 aut
3273 3651 3465 3714 truci-

1973 3750 2217 3826 darent,
2243 3749 2353 3811 sed
2383 3766 2464 3811 ne
2493 3767 2606 3830 per
2637 3747 3102 3829 impatientiam
3133 3757 3242 3811 aut
3270 3749 3462 3812 aliam

1973 3848 2229 3932 culpam
2273 3855 2626 3926 corrueret3
2666 3856 2726 3907 et
2767 3868 2810 3907 a
2849 3848 3307 3915 seductoribus,
3351 3847 3464 3928 qui

1973 3947 2186 4010 conati
2219 3953 2368 4008 sunt
2396 3964 2510 4028 per
2553 3944 2989 4009 blandimenta
3033 3952 3096 4008 et
3135 3964 3297 4008 vana
3326 3963 3467 4027 pro·

1975 4045 2190 4121 missa,
2242 4052 2352 4107 aut
2396 4043 2848 4127 philosophica
2905 4051 3300 4123 argumenta,
3362 4043 3464 4106 vel

1972 4141 2500 4206 comminationes
2561 4150 2624 4205 et
2689 4159 3025 4224 poenarum
3087 4140 3466 4205 acerbitates

3592 3561 3660 3616 12

1894 4249 1943 4310 D
1974 4239 2260 4321 decipere
2287 4238 2522 4301 Christi
2553 4238 2810 4315 electoS,
2838 4242 3076 4301 tutavit
3105 4242 3323 4309 illum,
3354 4257 3468 4320 per

1973 4337 2352 4420 sapientiam
2391 4337 2732 4400 salutarem
2780 4346 2973 4419 atque
3019 4338 3462 4401 constantiam.

1975 4441 2059 4500 Et
2096 4447 2420 4498 certamen
2448 4437 2617 4513 forte
2652 4438 2834 4496 dedit
2865 4438 2997 4507 ilci,
3027 4446 3100 4497 ut
3137 4438 3410 4497 vinceret
3443 4457 3468 4496 .-

1973 4534 2127 4617 quia
2156 4542 2377 4597 contra
2404 4532 2753 4610 diabolum,
2779 4532 3088 4597 mundum
3117 4542 3180 4597 et
3207 4552 3466 4597 carnem

1968 4631 2165 4715 jussit
2190 4651 2336 4695 eum
2370 4629 2618 4695 fortiter
2647 4632 2922 4714 praeliari
2957 4651 3028 4695 ac
3067 4632 3410 4714 praevalere
3443 4648 3458 4693 ε

1976 4731 2201 4806 Nolite,
2253 4730 2575 4811 inquienS,
2630 4730 2855 4794 timere
2899 4749 3007 4794 eos
3063 4731 3173 4812 qui
3228 4748 3462 4814 corpus
3519 4758 3684 4804 gam,
3711 4772 3754 4809 x.

1973 4831 2294 4894 occidunt.
2349 4829 2484 4894 Non
2539 4829 2712 4892 enim
2764 4837 3125 4906 coronatur,
3177 4828 3301 4891 nisi
3351 4827 3463 4910 qui
3491 4822 3562 4928 ’δή
3583 4885 3680 4929 m.
3713 4900 3738 4927 n

1974 4929 2258 5008 legitime
2286 4928 2644 4991 certaverit.
2672 4931 2756 4990 Et
2783 4930 2974 4988 sciret
3001 4931 3310 5008 quoniam
3338 4948 3466 4988 om·
3491 4950 3534 4991 s.
3685 4920 3696 4930 ”
3743 4916 3756 4937 '

1974 5030 2164 5089 nium
2185 5029 2508 5105 potentior
2533 5034 2624 5085 esc
2650 5027 3003 5104 sapientia,
3034 5026 3096 5089 id
3128 5034 3243 5102 est,
3269 5023 3467 5090 victo-

1976 5126 2132 5188 riam
2167 5144 2348 5187 suam
2397 5142 2525 5188 non
2569 5123 2694 5187 sibi
2736 5124 2882 5206 ipsi,
2926 5125 3035 5187 sed
3079 5124 3329 5189 Christo
3358 5125 3465 5188 ad-

1974 5223 2303 5299 scriberet,
2334 5243 2373 5286 a
2401 5241 2530 5304 quo
2557 5222 2685 5285 sibi
2715 5224 3098 5306 promissum
3129 5222 3255 5286 fuit
3285 5242 3300 5288 :
3335 5222 3467 5304 Ego
3535 5242 3646 5288 ιω.
3671 5255 3759 5297 ιιι,

1975 5321 2141 5386 dabo
2171 5319 2354 5387 vobis
2381 5339 2452 5385 os
2492 5328 2556 5383 et
2598 5321 3001 5404 sapientiam,
3035 5321 3140 5385 cui
3185 5338 3317 5385 non
3355 5338 3466 5404 po-
3496 5308 3563 5351 ¹⁵·
