4284 6267
119 2697 301 2741 Muta.
324 2712 373 2745 v.

92 2763 161 2804 1⁰.

1162 534 1514 582 numano
1556 535 1621 582 m
1660 534 1799 583 cAP.
1846 536 1909 582 lv
1947 536 2385 588 memslasmt.
2430 557 2511 568 —
2551 540 2692 585 ΛΒΤ.
2739 540 2800 584 IV

3403 520 3523 587 233

418 710 537 781 est,
586 703 967 770 innocentes
1012 712 1075 768 et
1119 722 1352 786 egenos
1400 694 1763 787 oppressoS,
1812 704 1923 767 hu·
1952 705 2005 767 A
2036 706 2223 769 simul
2248 707 2502 770 liberari
2526 728 2564 771 a
2586 727 2840 792 corpore
2863 719 3054 793 atque
3087 709 3344 774 malitia.
3365 710 3524 774 Hinc

418 822 610 867 mana
656 802 965 869 subsidia'
996 824 1124 869 non
1172 804 1499 881 habenteS,
1550 823 1680 867 non
1738 822 1923 886 posse

418 904 857 983 potentiorum
892 924 966 968 ac
996 904 1365 985 iniquorum
1396 903 1691 984 potestati
1722 911 1925 987 tyran-

416 1000 691 1083 nidique
715 1002 1202 1066 resistere.Hinc
1232 1002 1298 1064 in
1330 1001 1619 1065 Habacuc
1650 1001 1919 1081 legitur:

92 1112 383 1218 'effigere
412 1098 623 1173 Quare
674 1120 804 1165 non
854 1101 1143 1185 respiciS,
1194 1101 1481 1178 Domine,
1532 1109 1925 1182 contempto·

414 1216 544 1275 res,
585 1208 649 1261 et
689 1208 859 1263 taces
902 1200 1321 1264 conculcante
1358 1200 1555 1283 impio
1588 1199 1919 1281 justiorem

412 1298 523 1359 se?
554 1296 821 1380 Propter
860 1299 977 1361 boc
1018 1298 1289 1361 lacerata
1318 1306 1410 1361 est
1452 1297 1574 1373 lex,
1617 1297 1771 1378 quia
1808 1298 1925 1359 im-

414 1395 569 1476 pius
625 1396 931 1478 praevalet
985 1396 1289 1459 adversus
1334 1396 1613 1478 justum3
1666 1404 1925 1478 propter

408 1492 539 1557 hoc
571 1494 896 1574 egreditur
924 1495 1239 1576 judicium
1269 1514 1663 1578 perversum.

500 1595 588 1653 Ec
620 1596 897 1655 laudavi
924 1596 1134 1671 maqis
1163 1603 1465 1666 mortuo-3,
1488 1614 1684 1674 quam
1716 1594 1927 1653 viven-

414 1700 509 1751 tes
538 1712 565 1751 .·
599 1690 664 1753 id
695 1700 813 1767 est,
835 1699 1013 1755 tanto
1043 1692 1229 1756 taedio
1259 1692 1407 1755 inde
1435 1691 1723 1755 afflictus
1755 1709 1921 1766 sum,

409 1790 591 1870 quod
624 1789 989 1866 defunctoS,
1022 1790 1135 1873 qui
1176 1791 1326 1853 talia
1355 1790 1523 1853 mala
1557 1810 1673 1853 nec
1700 1797 1918 1869 agunt,

2038 805 2104 867 in
2150 805 2430 870 Politicis
2476 808 2845 873 Aristoteles
2895 818 3303 887 contestatur,
3351 810 3525 891 quod

2036 904 2228 968 homo
2271 905 2507 988 impius
2549 908 2761 971 decies
2803 908 3042 971 millies
3082 909 3262 990 pejor
3308 907 3525 974 vilior-

2036 1022 2163 1084 que
2208 1004 2535 1083 consistat,
2586 1026 2776 1088 quam
2839 1007 3074 1070 bestia:
3109 1007 3299 1070 Unde*
3334 1016 3396 1071 et
3443 1007 3524 1072 de

2037 1103 2361 1184 proditore
2400 1104 2648 1167 locutus
2686 1113 2782 1168 est
2811 1105 3096 1169 Christus
3133 1123 3148 1167 ε
3181 1106 3421 1168 Bonum
3462 1107 3523 1169 ei
3603 1118 3774 1161 Matth-

2034 1210 2191 1278 erat,
2226 1202 2279 1263 si
2309 1210 2493 1265 natus
2524 1221 2653 1266 non
2684 1212 2852 1267 esset
2881 1204 3070 1268 homo
3101 1204 3232 1267 ille.
3551 1182 3805 1295 222„‚²‡,„²‚

2116 1300 2196 1362 At
2222 1319 2374 1364 vero
2413 1301 2579 1364 circa
2619 1301 2812 1380 istud,
2846 1301 3214 1366 Feliciorem
3256 1311 3526 1385 utroque
3552 1309 3620 1351 ²¹·

2035 1397 2316 1479 judicavi
2343 1399 2455 1481 qui
2487 1401 2756 1463 necdum
2790 1409 2976 1464 natus
3007 1400 3361 1478 est,scribit
3393 1402 3530 1484 qui-

2038 1498 2183 1559 dam
2220 1515 2234 1560 :
2268 1497 2333 1560 ld
2374 1508 2469 1561 est
2510 1498 2895 1579 abortivum,
2947 1500 3059 1583 qui
3101 1498 3383 1563 nondum
3417 1500 3529 1563 ha-

2038 1594 2145 1659 bet
2179 1598 2633 1678 experientiam
2673 1598 2955 1680 aliquam
2995 1600 3146 1661 mali
3187 1618 3391 1682 poenae
3422 1607 3531 1663 aut

2039 1695 2190 1758 mali
2241 1696 2445 1779 culpae
2491 1697 2779 1773 actualiS,
2833 1708 2894 1761 et
2944 1698 3036 1761 sic
3085 1718 3210 1763 non
3260 1698 3532 1761 sustinet

2037 1794 2320 1875 aliquam
2360 1814 2614 1877 poenam
2645 1796 3040 1873 sensibilem,
3073 1798 3180 1860 sed
3219 1796 3410 1860 habet
3439 1796 3532 1860 vi-

406 1906 537 1951 nec
586 1887 931 1967 sustinent,
986 1890 1277 1971 reputavi
1337 1888 1678 1967 felicioreS,
1728 1907 1919 1971 quam
1964 1891 2009 1951 B
2039 1901 2168 1956 tam
2207 1894 2408 1973 magis
2447 1894 2910 1971 delectabilem,
2955 1914 3144 1977 quam
3185 1896 3386 1978 possit
3422 1896 3532 1958 ha-

406 1988 711 2051 viventcs
759 1988 912 2051 >talia
958 1987 1269 2051 facientes
1310 1997 1420 2051 aut
1468 1989 1802 2071 patientes.
1849 1988 1925 2049 Et

407 2105 640 2151 verum
673 2095 773 2149 est
810 2088 985 2169 quod
1022 2086 1277 2165 meliuS,
1315 2087 1376 2150 id
1418 2097 1513 2150 est
1552 2087 1763 2149 minus
1794 2106 1925 2150 ma-

407 2184 551 2247 lum
588 2184 676 2247 sit
702 2194 1025 2248 mortuum
1055 2204 1217 2262 esse,
1251 2194 1361 2249 aut
1392 2204 1516 2249 non
1548 2205 1708 2261 esse,
1733 2203 1926 2266 quam

406 2282 619 2367 impie
676 2301 887 2365 agere.
947 2282 1253 2347 Absolute
1310 2292 1521 2347 tamen
1581 2283 1922 2365 loquend0‚

406 2400 547 2444 non
600 2391 700 2445 est
756 2381 987 2445 melius
1044 2391 1369 2445 mortuum
1428 2401 1587 2460 esse,
1638 2390 1748 2445 aut
1796 2400 1923 2444 non

406 2499 587 2557 esse,
641 2481 867 2565 quams
889 2480 1019 2563 pati
1072 2482 1342 2563 injurias
1390 2489 1581 2562 atque
1635 2481 1920 2545 adversa.

406 2580 576 2655 lmo,
629 2579 685 2641 si
744 2579 1195 2660 aequanimiter
1248 2580 1619 2655 tolerentur,
1673 2579 1923 2641 beatum

408 2687 540 2755 est,
577 2678 747 2741 sicut
787 2678 877 2740 ait
918 2678 1203 2743 Salvator
1237 2698 1251 2744 :
1288 2678 1457 2742 Beati
1492 2677 1603 2760 qui
1634 2696 1925 2759 persecu-

407 2778 659 2841 tionem
694 2778 1026 2861 patiuntur
1047 2785 1308 2860 propter
1333 2777 1659 2859 justitiam.
1679 2775 1744 2839 Si
1774 2794 1925 2839 vcro

410 2895 551 2941 non
613 2884 783 2940 esset
843 2876 1059 2939 futura
1103 2876 1256 2954 vita,
1314 2876 1530 2959 aliquo
1586 2876 1774 2939 modo
1832 2874 1924 2937 sic

408 2984 610 3040 esset.
646 2975 946 3039 Salomon
978 2993 1127 3039 vero
1164 2974 1366 3038 multa
1395 2974 1502 3037 hic
1541 2973 1825 3055 loquitur
1854 2973 1917 3034 in

410 3074 836 3140 infirmorum
871 3093 1164 3157 persona.
1197 3072 1598 3137 Namsubdit
1632 3090 1646 3135 :

496 3177 587 3237 Et
615 3176 975 3253 feliciorem
1019 3184 1288 3253 utroque
1300 3174 1615 3249 judicavi
1642 3173 1760 3251 qui
1786 3192 1921 3233 nec-

406 3279 581 3337 dum
620 3283 817 3334 natus
856 3282 969 3345 est,
1012 3292 1127 3333 ‘nec
1171 3272 1341 3332 vidit
1393 3275 1565 3333 mala
1610 3290 1751 3352 quoe
1802 3272 1921 3331 sub

403 3378 546 3435 sole
570 3378 767 3449 fiunt.
800 3370 918 3434 Per
944 3370 1226 3433 Necdum
1256 3378 1499 3447 natum,
1535 3378 1803 3451 possunt
1831 3369 1921 3431 in-

404 3471 621 3559 telligi
662 3469 960 3547 abortivi,
1008 3488 1121 3532 seu
1161 3467 1332 3532 fctus
1369 3467 1577 3531 adhuc
1616 3460 1921 3531 exsisten-

402 3577 511 3633 tes
558 3570 625 3632 in
668 3576 875 3643 utero,
910 3566 1010 3632 vel
1065 3566 1178 3649 qui
1224 3574 1433 3641 erunt,
1468 3574 1531 3629 ct
1565 3565 1773 3629 adhuc
1817 3584 1920 3649 pe-

406 3669 589 3732 nitus
640 3686 769 3731 non
822 3673 993 3729 sunt.
1028 3665 1140 3729 Vel
1186 3664 1516 3747 [loquitur]
1567 3666 1916 3728 secundum

404 3766 841 3849 quorumdam
877 3764 1165 3828 haeresim
1195 3783 1307 3828 seu
1337 3781 1641 3841 errorem,
1661 3764 1771 3845 qui
1804 3782 1921 3845 pu-

406 3874 555 3929 tant
594 3866 845 3928 animas
882 3882 1023 3927 esse
1060 3883 1135 3927 ac
1173 3863 1392 3927 vivere
1432 3870 1772 3944 antequam
1814 3862 1921 3925 de-

406 3963 725 4029 scendant
765 3964 833 4025 in
872 3981 1159 4045 corpora.
1203 3961 1327 4026 Hos
1367 3960 1561 4043 igitur
1602 3960 1921 4044 reputavit

408 4062 763 4140 felicioreS,
797 4070 907 4125 aut
946 4061 1160 4124 minus
1188 4060 1457 4123 miseros
1495 4059 1625 4142 jam
1658 4060 1825 4122 natis
1858 4067 1922 4123 et

408 4162 607 4239 vivis,
654 4170 847 4244 atque
895 4159 1216 4223 defunctis
1252 4159 1455 4241 :quia
1502 4159 1669 4222 mala
1717 4176 1923 4241 poenae

2040 1992 2176 2055 beri
2227 1993 2294 2054 in
2341 1992 2472 2058 vita
2530 1993 2849 2075 praesenti,
2901 1994 3246 2058 secundum
3305 2012 3527 2057 omnes

2038 2092 2327 2154 doctores
2359 2091 2470 2172 qui
2512 2090 2861 2174 loquuntur
2891 2093 2970 2155 de
3008 2091 3430 2155 morientibus
3461 2092 3526 2153 in

2038 2189 2174 2252 solo
2206 2198 2466 2271 peccato
2495 2189 2807 2270 originali.
2827 2190 3002 2253 Circa
3030 2190 3150 2273 hoc
3179 2190 3339 2267 dicu,
3357 2190 3527 2271 quod

2036 2288 2332 2370 quamvis
2363 2289 2654 2352 doctores
2685 2288 3109 2352 communiter
3137 2288 3354 2351 dicant
3385 2288 3529 2351 illos

2039 2404 2168 2450 non
2214 2386 2452 2450 habere
2509 2404 2759 2468 poenam
2822 2387 3215 2465 sensibilem,
3268 2406 3396 2451 non
3445 2395 3532 2449 ta-

2036 2505 2186 2549 men
2232 2505 2452 2549 omnes
2503 2485 2622 2548 hoc
2670 2486 2913 2549 dicunt.
2950 2485 3258 2549 Similiter
3304 2487 3370 2548 hi
3417 2486 3531 2569 qui

2038 2585 2262 2648 dicunt
2307 2584 2452 2647 illos
2501 2602 2629 2647 non
2678 2584 2914 2647 habere
2962 2602 3217 2667 poenam
3264 2585 3534 2648 sensibi-

2037 2686 2185 2760 lem,
2202 2682 2754 2763 diversificantur3
2781 2702 2900 2748 nec
2929 2701 3149 2747 omnes
3172 2684 3395 2749 dicunt
3423 2702 3532 2748 eos

2036 2784 2272 2847 habere
2319 2782 2512 2844 vitam
2569 2782 2770 2861 magis
2821 2781 3284 2860 delectabilem,
3334 2801 3528 2864 quam

2034 2880 2238 2965 possit
2267 2882 2332 2943 in
2363 2880 2482 2943 hac
2511 2881 2641 2943 vita
2672 2880 2914 2943 haberi.
2939 2880 3329 2960 Augustinus
3359 2900 3530 2944 nam-

2034 3000 2160 3062 que
2210 2997 2400 3061 super
2444 2979 2774 3056 Ioannem,
2826 2987 2890 3041 et
2936 2978 3276 3061 Gregorius
3333 2998 3527 3062 super

1956 3084 2000 3146 C
2032 3079 2193 3142 illud
2222 3078 2359 3155 Job,
2381 3075 2826 3158 multiplicabit
2855 3076 3119 3141 vulnera
3149 3096 3309 3155 mea,
3332 3077 3521 3142 etiam
3576 3097 3816 3150 Jobnx.t·1.

2030 3179 2170 3241 sine
2225 3196 2436 3252 causa,
2487 3174 2828 3239 manifeste
2873 3175 3116 3254 dicunt,
3171 3175 3524 3241 infantulos

2029 3278 2177 3342 illos
2207 3276 2272 3339 in
2306 3275 2441 3339 solo
2473 3273 2770 3355 originali
2795 3275 3180 3349 decedentes
3202 3294 3330 3339 non
3354 3276 3530 3340 dum-

2028 3384 2203 3442 taxat
2230 3391 2486 3458 poenam
2516 3372 2754 3450 damni,
2791 3374 2900 3436 sed
2933 3381 2996 3436 et
3025 3390 3272 3456 poenam
3303 3396 3528 3439 sensus

2029 3475 2288 3551 habere,
2322 3481 2385 3536 et
2430 3470 2712 3553 torqueri
2757 3470 2838 3533 ab
2887 3470 3053 3551 igne,
3096 3474 3388 3554 quamvis
3435 3476 3530 3538 di-

2026 3572 2380 3640 cantillam
2425 3587 2682 3653 poenam
2722 3588 2860 3633 esse
2899 3568 3328 3649 mitissimam,
3362 3592 3530 3637 com·

2029 3672 2362 3757 paratione
2407 3688 2625 3733 eorum
2672 3668 2786 3750 qui
2830 3668 2898 3731 in
2941 3669 3192 3732 mortali
3241 3670 3529 3736 defuncti

2030 3780 2200 3835 sunt.
2234 3769 2429 3843 Quam
2462 3766 2830 3850 opinionem
2873 3766 3160 3848 sequitur
3190 3767 3531 3833 Ubertinus

2032 3870 2099 3932 in
2143 3868 2310 3931 libro
2350 3884 2465 3930 suo
2504 3867 2584 3929 de
2611 3864 2755 3927 vita
2793 3864 3158 3930 SalvatoriS.
3191 3866 3382 3931 Porro
3418 3868 3529 3933 Bo-

2030 3976 2384 4031 naventura
2405 3983 2598 4047 super
2620 3972 2918 4045 quartum
2949 3963 3414 4029 Sententiarum
3441 3966 3532 4029 di-

2034 4066 2144 4143 cit,
2181 4064 2326 4128 illos
2359 4064 2450 4127 sic
2483 4071 2790 4139 mortuoS,
2825 4082 2964 4125 esse
2997 4062 3063 4125 in
3095 4065 3370 4145 quodam
3400 4084 3530 4129 me-

2032 4165 2138 4228 dio
2181 4164 2349 4227 inter
2385 4162 2691 4243 gaudium
2727 4171 2789 4224 ct
2829 4180 3188 4240 moerorem,
3234 4162 3322 4227 ita
3357 4165 3527 4246 quod

407 4270 474 4325 et
504 4260 713 4343 culpae
737 4260 932 4341 hujus
958 4258 1105 4325 vitae
1130 4258 1372 4340 experti
1406 4277 1534 4321 non
1559 4257 1917 4332 sunt.Quod
1953 4265 2002 4326 D
2035 4283 2154 4327 nec
2212 4262 2692 4339 contristantur,
2758 4279 2876 4325 nec
2941 4260 3356 4341 delectantur,
3419 4265 3529 4327 sed

410 4370 629 4423 tamen
669 4357 961 4422 absolute
992 4357 1080 4420 ita
1119 4376 1245 4421 non
1288 4366 1405 4435 est,
1442 4356 1565 4420 nisi
1607 4356 1923 4437 intelliga-

407 4470 519 4522 tur
553 4458 635 4521 dc
672 4456 829 4521 solis
870 4456 1119 4521 vitiosis
1172 4455 1337 4519 vivis
1375 4476 1449 4519 ac
1491 4456 1783 4519 mortuiS.
1831 4454 1923 4518 Si-

411 4557 679 4641 quidem
712 4556 883 4619 mala
910 4554 1117 4636 eulpae
1147 4562 1297 4617 sunt
1327 4554 1605 4617 maxima
1634 4554 1823 4629 mala,
1858 4561 1922 4617 et

413 4674 667 4720 summe
698 4652 1175 4718 abominabilia.
1198 4653 1457 4736 Propter
1485 4654 1657 4735 quod
1686 4653 1924 4717 Seneca

419 4756 486 4818 in
536 4754 673 4817 suis
722 4760 993 4816 testatur
1038 4751 1399 4815 Proverbiis
1442 4770 1457 4815 τ
1506 4752 1923 4815 Tolerabilior

414 4853 653 4936 estqui
686 4852 853 4916 mori
887 4851 1091 4934 jubet,
1126 4871 1317 4933 quam
1349 4852 1463 4933 qui
1502 4852 1667 4915 male
1706 4852 1923 4915 vivere

413 4952 747 5038 praecipit3
791 4952 1097 5032 itemque,
1132 4950 1546 5014 Tolerabilior
1577 4967 1765 5033 poena
1800 4960 1917 5029 est,

414 5053 635 5117 vivere
666 5070 797 5121 non
826 5068 1035 5133 posse,
1059 5069 1249 5132 quam
1280 5049 1549 5127 nescire,
1576 5049 1637 5112 id
1668 5058 1919 5114 estnon

414 5152 582 5217 scire
609 5152 830 5216 vivere
862 5150 1040 5213 bene.
1055 5147 1226 5213 Plato
1257 5148 1446 5211 etiam
1474 5149 1541 5210 in
1571 5148 1915 5212 Phaedone:

412 5252 479 5317 Si
513 5252 754 5325 anima,
775 5248 1009 5331 inquit,
1030 5257 1383 5311 moreretur
1413 5248 1481 5311 in
1512 5267 1799 5330 corpore,
1825 5248 1921 5311 lu-

410 5370 595 5416 crum
628 5348 969 5412 inventum
1010 5354 1178 5409 esset
1216 5345 1456 5427 iniquis
1498 5346 1916 5411 morientibus

2032 4368 2293 4425 manent
2323 4359 2507 4441 quasi
2548 4360 2612 4422 in
2656 4358 2988 4441 aequilibra
3019 4361 3292 4441 quadam
3329 4378 3344 4423 :
3375 4362 3526 4425 dum

2031 4479 2107 4523 ex
2151 4478 2278 4522 una
2321 4466 2503 4541 parte
2547 4476 2675 4521 non
2722 4457 3201 4534 contristantur,
3245 4478 3320 4523 eo
3358 4461 3525 4542 quod

2032 4558 2503 4622 damnationem
2551 4565 2922 4635 evaserunt3
2956 4566 3019 4619 et
3061 4577 3136 4621 ex
3178 4558 3303 4621 alia
3350 4567 3528 4641 parte

2032 4677 2162 4722 non
2218 4658 2516 4738 gaudent,
2570 4656 2723 4738 quia
2779 4654 3240 4719 beatitudinem
3300 4657 3528 4721 amise-

2030 4763 2202 4819 runt.
2238 4756 2688 4819 Verumtamen
2735 4754 2798 4816 in
2845 4762 3118 4836 utroquo
3159 4754 3280 4819 hoc
3327 4756 3519 4834 dicto,

2030 4854 2357 4919 communi
2394 4855 2727 4918 doctorum
2764 4852 3094 4916 sententiae
3132 4853 3331 4933 magis
3375 4872 3525 4918 con-

2030 4954 2256 5017 sentio.

2097 5058 2350 5116 Rursus
2377 5056 2840 5130 contemplatus
2865 5071 3008 5112 sum
3039 5070 3252 5112 omnes
3282 5054 3524 5114 labores
3666 5062 3702 5118 4

2029 5152 2392 5221 hominum,
2443 5148 2503 5212 id
2564 5158 2660 5211 est
2705 5149 3010 5230 quosdam
3071 5149 3152 5211 dc
3197 5149 3518 5223 omnibuS‚

2030 5270 2139 5313 seu
2185 5268 2406 5312 omnes
2449 5248 2515 5310 in
2557 5266 2826 5328 genere3
2869 5258 2929 5309 et
2973 5250 3361 5320 industrias,
3407 5269 3522 5332 per

2029 5368 2189 5438 quas
2237 5347 2577 5411 intendunt
2617 5366 2690 5409 ac
2732 5346 3064 5410 enituntur
3106 5347 3184 5411 ad
3235 5347 3514 5428 divitias,
