4284 6267
617 792 726 835 Luc.
750 804 847 841 xvu,

634 1972 695 2016 De
733 1972 849 2016 Bello

581 2036 679 2079 sud.
703 2050 762 2088 iv,
780 2038 846 2078 27.

876 486 997 551 512

1566 503 1914 551 numano
1956 503 2021 550 m
2062 502 2204 550 GAP.
2248 504 2291 549 Χ
2331 502 2492 549 unm
2533 501 2890 551 summm.
2939 518 3020 535 -’-·
3057 505 3200 553 Aur.
3245 508 3288 553 X

878 674 985 737 tiis
1016 674 1709 757 abstinemu8.Propter
1732 675 1899 758 quod
1933 674 1999 737 in
2029 673 2374 755 Evangelio
2407 674 2454 736 A
2566 678 2910 754 Sapientia
2950 684 3166 739 autem
3210 678 3322 737 hos
3362 678 3479 756 qui
3513 697 3578 736 se
3611 678 3969 746 observant,
4095 691 4124 745 9

878 782 1095 837 monet
1144 774 1429 837 Salvator
1483 792 1496 836 :
1548 774 1849 837 Memores
1898 782 2099 837 estote
2160 772 2373 836 uxoris

876 870 1012 934 Lot.
1047 870 1263 935 Refert
1297 872 1607 955 Iosephus
1645 892 1713 935 se
1753 880 2023 935 statuam
2066 872 2242 933 illam
2281 871 2373 933 vi-

875 970 1068 1033 disse.

942 1069 1133 1133 Porro
1162 1069 1452 1149 Magister
1477 1070 1540 1132 in
1572 1069 1865 1133 Historiis
1898 1068 2121 1132 scribit
2142 1086 2157 1131 z
2178 1068 2373 1131 Versa

872 1174 967 1229 est
1005 1168 1181 1249 regio
1219 1167 1331 1229 illa
1360 1167 1720 1249 Pentapolis
1765 1168 1831 1229 in
1875 1167 2079 1231 lacum
2131 1166 2370 1229 salsum

872 1285 946 1329 ae
989 1265 1271 1329 sterilem
1320 1282 1333 1327 :
1382 1266 1494 1347 qui
1536 1266 1771 1329 dicitur
1816 1284 1989 1328 mare
2031 1265 2366 1341 Mortuum,

873 1365 1025 1445 quia
1062 1384 1179 1427 nec
1211 1364 1437 1444 pisceS‚
1460 1383 1575 1427 nec
1604 1383 1753 1428 aves
1784 1363 1851 1425 in
1881 1382 1957 1427 eo
1989 1364 2204 1427 vivere
2233 1381 2374 1444 pos—

875 1470 1044 1524 sunt.
1070 1462 1304 1526 Navem
1335 1480 1461 1525 non
1496 1462 1756 1544 patitur,
1780 1481 1897 1525 nec
1926 1462 2208 1543 aliquam
2239 1480 2370 1523 ma-

878 1560 1097 1623 teriam
1130 1560 1343 1637 aliam,
1366 1561 1489 1623 nisi
1520 1561 2194 1624 bituminatam.Poma
2226 1568 2372 1623 nata

877 1658 943 1720 in
973 1658 1309 1721 arboribus
1348 1658 1843 1740 circumpositiS,
1878 1678 2083 1739 usque
2122 1659 2203 1721 ad
2241 1678 2373 1720 ma-

878 1758 1199 1820 turitatem
1242 1756 1467 1821 viridis
1512 1765 1661 1819 sunt
1707 1757 1939 1820 coloris
1984 1774 1997 1818 :
2035 1776 2180 1838 quae
2217 1758 2367 1819 dum

2486 772 2549 834 id
2578 782 2696 849 est,
2735 773 3075 853 diligenter
3103 774 3494 851 custodiunt,
3519 782 3582 837 et
3621 794 3736 856 per
3763 774 3970 837 obedi-
4254 762 4255 831 l

2484 872 2722 935 entiam
2765 872 2931 935 intra
2964 892 3032 935 se
3067 873 3364 948 retinent,
3398 894 3440 933 a
3466 875 3794 933 doloribus
3825 875 3970 932 libe-
4254 862 4255 869 '

2483 972 2676 1031 rabit.
2697 970 2850 1033 Nam
2881 970 3074 1053 eripit
3102 990 3139 1033 a
3169 970 3462 1052 peccatis
3481 978 3542 1031 et
3573 989 3610 1033 a
3641 970 3966 1033 tormentis

2481 1085 2624 1148 quae
2674 1066 3060 1148 infliguntur
3107 1087 3222 1151 pro
3273 1068 3424 1130 illis.
3471 1067 3734 1131 Confert
3776 1069 3962 1131 etiam

2481 1167 2716 1229 mentis
2762 1166 3310 1247 tranquillitatem,
3345 1176 3409 1230 et
3447 1168 3526 1229 ad
3565 1186 3784 1249 pacem
3833 1186 3968 1250 per-

2480 1264 2655 1327 ducit
2683 1266 3072 1328 aeternitatiS.
3089 1266 3164 1327 Et
3191 1267 3478 1347 quamvis
3505 1266 3688 1329 electi
3722 1265 3790 1328 in
3821 1284 3967 1348 prae-

2481 1362 2642 1425 senti
2685 1364 2815 1426 vita
2856 1364 3042 1427 bonis
3081 1374 3145 1427 et
3183 1364 3549 1428 salubribus
3595 1364 3966 1428 afficiantur

2481 1461 2831 1539 doloribuS,
2866 1482 2982 1545 pro
3013 1462 3147 1525 suis
3185 1472 3249 1525 et·
3287 1463 3718 1545 proximorum
3754 1482 3966 1546 peeca-

2477 1559 2581 1633 tis,
2619 1568 2680 1621 et
2711 1580 2786 1623 ex
2816 1560 3131 1623 desiderio
3163 1561 3396 1623 futurae
3424 1561 3860 1637 beatitudiniS‚
3895 1582 3967 1625 ex

2479 1658 2886 1721 meditatione
2936 1677 3191 1740 quoque
3240 1659 3574 1723 dominicae
3620 1660 3964 1741 passionis;

2482 1764 2693 1819 tamen
2743 1757 2822 1819 de
2870 1758 3166 1820 omnibus
3223 1758 3324 1820 his
3377 1757 3846 1821 transferuntur
3891 1759 3965 1821 ad

878 1864 1125 1918 matura
1167 1856 1557 1930 inciduntur,
1594 1854 1877 1918 favillam
1921 1856 2093 1918 intus
2138 1856 2369 1919 habere
2407 1850 2452 1913 B
2477 1853 2744 1933 gloriam
2796 1863 2969 1917 tanto
3021 1856 3352 1936 majorem.
3397 1866 3636 1937 quanto
3685 1856 3790 1918 hic
3841 1876 3967 1918 am—

878 1955 1313 2019 inveniuntur.
1363 1955 1591 2036 Atque,
1644 1964 1715 2017 ut
1758 1955 2069 2037 Iosephus
2120 1956 2363 2031 recitat,

877 2072 1007 2137 prae
1064 2053 1265 2115 nimia
1323 2052 1580 2117 levitate
1637 2053 1918 2116 materiae
1975 2052 2095 2116 laci
2159 2053 2362 2131 illius,

878 2152 1067 2215 etiam
1114 2150 1493 2232 gravissima
1537 2150 1601 2213 in
1646 2170 1784 2214 eam
1832 2153 2115 2233 projecta
2151 2171 2370 2214 ascen-

878 2250 1060 2311 dunt.
1094 2248 1248 2311 Nam
1292 2256 1357 2311 et
1391 2249 1816 2331 Vespasianus
1857 2249 2188 2330 quosdam,
2230 2248 2368 2313 vin-

876 2346 996 2409 ctis
1027 2355 1170 2429 post
1202 2354 1443 2425 tergum
1484 2346 1802 2424 manibuS,
1838 2346 2067 2429 projici
2106 2346 2260 2409 fecit
2298 2346 2365 2408 in

877 2442 1269 2525 profundum
1318 2442 1520 2524 ipsius
1574 2461 1587 2505 ε
1642 2443 1753 2525 qui
1804 2462 2026 2507 omnes
2074 2443 2260 2525 quasi
2302 2442 2366 2505 vi

877 2542 1048 2606 venti
1080 2561 1333 2605 sursum
1371 2541 1653 2625 impulsi,
1689 2543 1964 2623 desuper
1995 2541 2361 2604 fluitabant.

956 2643 1364 2718 Sapientiam
1409 2643 1585 2701 enim
1628 2650 2105 2721 praetereunte-3,
2159 2640 2223 2703 id
2272 2648 2367 2703 est

875 2737 1327 2820 relinquenteS‚
1360 2759 1491 2799 non
1525 2748 1777 2799 tantum
1809 2740 1881 2800 in
1920 2743 2037 2801 hoc
2064 2739 2368 2803 inconve-

874 2836 1059 2899 niens
1091 2839 1260 2915 lapsi
1300 2848 1477 2908 sunt,
1508 2846 1582 2898 ut
1626 2838 2001 2914 iynorarent
2041 2841 2205 2900 bona
2242 2856 2367 2901 coe-

872 2934 1076 3011 Iastia,
1110 2934 1469 3017 spiritualia
1505 2954 1577 2997 ae
1618 2934 1857 3010 divina,
1892 2954 2237 3017 veramque
2277 2937 2368 3000 fe-

2479 1952 2650 2034 plius
2680 1962 2805 2015 tam
2839 1952 3179 2017 salubriter
3207 1953 3616 2036 affliguntur.
3647 1954 3790 2017 Ideo
3821 1956 3966 2017 seri-

2478 2059 2655 2133 ptum
2689 2060 2784 2113 est
2805 2068 2819 2112 :
2840 2051 3044 2115 Multae
3075 2050 3517 2116 tribulationes
3545 2054 3877 2134 justorum,
3903 2062 3963 2116 ct
4009 2079 4204 2122 pamm.

2479 2150 2558 2211 de
2595 2149 2696 2212 his
2735 2149 3032 2213 omnibus
3075 2150 3374 2213 liberabit
3409 2170 3515 2215 eos
3553 2150 3878 2216 DominuS.
3987 2144 4048 2183 ²⁰·

2557 2252 2712 2310 Hoec
2729 2259 2944 2315 autem
2973 2248 3285 2330 sapientia
3305 2254 3666 2330 profuyum
3687 2254 3806 2313 irae
3831 2254 3961 2333 fra·
4075 2269 4133 2323 10

2480 2349 2598 2406 tris
2609 2347 2895 2423 justum,
2930 2346 2992 2409 id
3043 2356 3138 2409 est
3179 2348 3500 2430 Sapientia
3550 2349 3830 2411 increata
3877 2350 3962 2431 ip-

2478 2462 2618 2505 sum
2657 2445 2847 2508 Jacob
2887 2446 3309 2526 patriarcham
3344 2447 3722 2523 virtuosum,
3754 2447 3836 2510 ab
3873 2448 3962 2509 ira
4005 2468 4206 2511 omnm

2481 2542 2692 2605 fratris
2743 2544 2843 2607 sui
2892 2544 3054 2606 Esau
3105 2544 3457 2625 fugientem
3511 2546 3576 2608 in
3624 2546 3964 2629 Mesopota·
3989 2534 4204 2579 *¹²¹¹*'¹¹'²

2477 2642 2780 2719 miam,ut
2811 2649 2982 2725 patet
3015 2644 3080 2704 in
3112 2643 3363 2720 Genesi,
3383 2647 3658 2705 dedica-it
3676 2664 3798 2722 per
3827 2648 3962 2705 vias

2475 2751 2700 2809 rectas,
2755 2741 2817 2803 id
2875 2749 2972 2803 est
3019 2760 3132 2823 per
3181 2741 3438 2805 semitas
3485 2742 3826 2824 aequitati8‚
3880 2744 3962 2805 ita

2475 2838 2645 2920 quod
2693 2838 2758 2900 in
2806 2837 2956 2920 fuga
2998 2840 3110 2901 illa
3153 2858 3280 2903 non
3325 2848 3422 2901 est
3465 2850 3673 2904 motus
3724 2841 3960 2905 invidia

2475 2945 2694 3000 eontra
2741 2936 3024 3015 fratrem,
3059 2956 3174 3000 nec
3214 2956 3326 3020 per
3367 2938 3828 3020 impatientiam
3873 2940 3963 3001 vi-

872 3032 1200 3109 licitatem,
1220 3042 1285 3097 et
1311 3052 1503 3115 opera
1534 3031 1698 3096 bona
1727 3032 2059 3111 virtutum,
2078 3054 2194 3116 per
2223 3055 2366 3116 quae
2390 3037 2443 3098 Ὀ
2474 3046 2636 3113 etuS‚
2669 3037 2780 3099 sed
2823 3036 3166 3099 virtutibus
3206 3038 3444 3099 mansit
3481 3038 3823 3101 inhaerens,
3853 3038 3963 3101 Per

870 3132 949 3193 ad
990 3130 1165 3193 illam
1206 3130 1590 3212 pertingitur
1624 3148 1637 3192 ε
1670 3150 1813 3212 quae
1853 3131 2067 3194 omnia
2112 3152 2225 3214 per
2273 3153 2365 3195 sa·

870 3228 1178 3311 pientiam
1227 3237 1741 3311 cognoscuntur3
1788 3232 1899 3290 sed
1943 3239 2002 3291 et
2050 3234 2364 3308 insipien-

872 3330 978 3389 τίω
997 3348 1130 3389 sure
1150 3331 1556 3407 reliquerunt
1575 3330 1941 3390 hominibus
1963 3332 2358 3393 memoriam.

868 3425 1408 3499 Quemadmodum
1450 3425 1621 3487 enim
1664 3426 1919 3507 quidam
1953 3426 2116 3489 bene
2158 3426 2363 3490 felici-

870 3532 1091 3605 terque
1138 3522 1366 3586 famosi
1410 3532 1579 3601 sunt,
1615 3531 1875 3605 propter
1919 3525 2357 3588 excellentiam

869 3640 999 3684 suae
1057 3621 1385 3704 sapientiae
1432 3640 1504 3685 ac
1552 3622 1905 3702 virtutum3
1956 3622 2049 3686 sic
2096 3623 2358 3705 quidam

869 3720 1034 3783 male
1084 3720 1557 3802 infeliciterque
1604 3727 1755 3783 sunt
1797 3719 2050 3798 famosi,
2102 3730 2362 3804 propter

868 3838 1195 3882 excessum
1226 3837 1355 3881 suae
1390 3818 1778 3901 insipientiae
1823 3838 1896 3882 ac
1932 3820 2358 3903 impietatum.

866 3916 1041 3991 Quod
1073 3918 1151 3980 ad
1193 3917 1653 3981 incrementum
1696 3917 2075 3981 calamitatis
2113 3938 2356 3998 eorum,

868 4024 931 4078 ct
988 4017 1065 4078 ad
1122 4024 1533 4096 augmentum
1593 4016 2019 4080 damnationis
2077 4018 2360 4100 ipsorum

867 4114 1070 4193 vergit
1097 4122 1160 4176 et
1189 4111 1479 4177 confert:
1504 4114 1805 4194 quoniam
1840 4114 1905 4176 in
1938 4114 2192 4179 inferno
2221 4135 2362 4198 par-

2473 3135 2609 3198 vias
2647 3152 2904 3215 quoque
2936 3134 3294 3197 materiales
3336 3144 3539 3198 rectas
3581 3136 3792 3217 ipsum
3824 3155 3960 3217 per-

2474 3232 2667 3309 duxit,
2683 3232 2846 3295 sicut·
2874 3241 2938 3295 et
2959 3233 3200 3296 Eliezer
3229 3251 3447 3295 servus
3469 3232 3738 3297 Abrahae
3764 3234 3952 3296 dixit:

2473 3330 2846 3393 Benedictus
2876 3329 3202 3407 DominuS,
3235 3330 3346 3411 qui
3389 3338 3560 3393 recto
3600 3330 3826 3395 itinere
3859 3351 3958 3395 me
4006 3352 4198 3397 mam.

2475 3427 2771 3508 perduxit
2822 3428 2890 3490 in
2947 3428 3205 3492 domum
3265 3428 3477 3491 fratris
3535 3429 3780 3493 domini
3837 3430 3958 3493 mei
3985 3421 4044 3461 ²⁷·

2473 3526 2765 3589 Abrahae.
2799 3530 2882 3589 Ec
2927 3530 3204 3588 ostendit
3251 3530 3360 3588 illi
3399 3548 3675 3605 reynum
3717 3532 3867 3599 Dei,
3898 3530 3958 3591 id

2474 3632 2590 3701 est,
2623 3624 2890 3705 gloriam
2923 3625 3292 3703 electorum,
3327 3633 3389 3688 et
3428 3626 3688 3707 praemia
3727 3626 3959 3690 virtuo-

2475 3742 2690 3785 sorum
2723 3722 3158 3788 manifestavit
3201 3724 3258 3786 ei
3303 3724 3370 3785 in
3411 3722 3657 3786 visione
3689 3725 3756 3786 in
3798 3744 3958 3788 som-

2474 3839 2579 3897 no,
2613 3820 2870 3901 quando
2915 3820 3073 3884 vidit
3121 3820 3498 3901 imaginaria
3539 3821 3784 3885 visione
3831 3842 3958 3885 sca-
3982 3844 4069 3888 1⁶14
4071 3856 4190 3885 .....
4254 3864 4255 3901 5

2474 3919 2600 3980 lam
2651 3920 2713 3981 in
2777 3928 2944 3982 terra
3001 3928 3268 3983 stantem
3329 3939 3534 4002 usque
3589 3923 3670 3984 ad
3726 3912 4037 3986 eoelum¹²

2474 4018 2855 4099 pertingere,
2881 4028 2944 4081 et
2970 4019 3308 4082 Dominum
3339 4020 3407 4081 in
3437 4040 3744 4084 cacumen
3779 4021 3958 4084 scalae
4254 4096 4255 4107 ἶ

2473 4117 3020 4199 procumbentem,
3055 4117 3178 4179 sibi
3207 4137 3354 4182 mox
3383 4119 3632 4183 dicere:
3661 4120 3787 4200 Ego
3819 4140 3952 4182 sum
3981 4140 4186 4188 mann,
4254 4132 4255 4165 ι

868 4211 1094 4292 tieipes
1126 4210 1296 4274 fiunt
1327 4230 1659 4294 poenarum
1692 4212 1973 4290 illorum,
2004 4214 2117 4295 qui
2152 4234 2362 4277 exem·
2391 4220 2440 4281 D
2472 4217 2635 4279 Deus
2669 4216 2987 4279 Abraham
3033 4216 3230 4299 patris
3279 4217 3372 4279 tui
3399 4236 3416 4297 3
3451 4226 3682 4280 terram
3729 4220 3795 4280 in
3837 4238 3958 4300 qua

869 4310 991 4393 plis
1042 4310 1325 4392 ipsorum
1376 4311 1453 4373 ad
1501 4309 1657 4373 vitia
1712 4310 2058 4373 incitantur
2104 4331 2178 4374 ac
2226 4314 2362 4375 ani-

867 4416 1143 4471 mantur.
1191 4412 1265 4469 Ut
1295 4410 1369 4468 in
1397 4410 1499 4469 lais
1528 4428 1671 4489 qtae
1692 4420 2143 4486 peceaverunt,
2172 4410 2232 4473 id
2266 4418 2362 4472 est

866 4506 934 4569 in
976 4505 1223 4570 vitiosis
1264 4505 1512 4569 actibus
1559 4506 1715 4583 suis,
1748 4526 1863 4567 nec
1892 4512 2088 4569 lacere
2116 4512 2362 4586 potuis-

863 4616 1003 4667 sent
1022 4605 1218 4686 :quia
1249 4605 1313 4667 in
1344 4605 1679 4687 publicum
1711 4606 2127 4683 deducuntur,
2147 4617 2207 4670 et
2240 4607 2361 4671 sre-

864 4714 1133 4786 quenter
1163 4722 1277 4785 per
1308 4722 1531 4787 poenas
1560 4723 1598 4765 a
1627 4704 1752 4767 Deo
1795 4704 2099 4782 inflictaS,
2135 4724 2358 4769 eorum

864 4801 1359 4865 manifestantur
1387 4812 1666 4884 peccata.
1701 4802 1874 4877 Quod
1906 4811 2117 4877 tamen
2147 4806 2361 4869 Omni-

864 4909 1091 4983 potens
1138 4899 1289 4963 facit
1326 4900 1403 4962 ad
1444 4900 1790 4964 electorum
1840 4919 2099 4964 suorum
2149 4903 2362 4985 profe-

862 5008 1035 5062 ctum
1078 5006 1273 5079 atque
1312 4998 1625 5061 cautelam
1662 5015 1675 5059 :
1713 5006 2027 5078 quatenus
2062 5002 2354 5083 exemplo

864 5096 1263 5161 confusionis
1312 5096 1793 5179 punitionisque
1843 5097 2281 5179 reproborum,
2323 5120 2362 5162 a

566 5208 727 5315 ,fv-oo.
749 5221 835 5263 m.
863 5196 1039 5258 vitiis
1076 5195 1545 5259 abstrahantur.
1580 5195 1827 5257 Etenim
1874 5195 2212 5277 pestilente
2241 5198 2359 5261 fla-

858 5294 1116 5377 gellato,
1148 5292 1382 5356 stultus
1422 5294 1771 5377 sapientior
1816 5292 1958 5357 erit.

2470 4314 2732 4389 dormiS,
2767 4314 2885 4376 tibi
2929 4314 3093 4377 dabo
3132 4324 3194 4377 et
3231 4316 3463 4377 semini
3510 4325 3640 4393 tuo,
3673 4326 3736 4379 et
3777 4317 3956 4379 bene-

2471 4413 2761 4475 dicentur
2791 4413 2858 4474 in
2888 4421 2951 4475 te
2979 4423 3043 4475 et
3072 4412 3138 4475 in
3171 4414 3415 4476 semine
3445 4421 3554 4476 tuo
3583 4424 3831 4477 cunetae
3861 4415 3957 4475 tri-

2471 4512 2590 4574 bus
2623 4520 2824 4574 terrae.
2858 4511 3006 4585 Quae
3034 4512 3260 4593 utique
3291 4512 3653 4595 promissio,
3681 4514 3762 4577 de
3787 4512 3955 4577 Chri-

2469 4618 2566 4673 sto
2596 4610 2958 4691 exponitur.
2988 4610 3188 4686 Unde,
3219 4611 3392 4692 quod
3427 4619 3576 4675 tunc
3605 4612 3686 4674 de
3717 4610 3952 4675 coelesti

2468 4708 2674 4790 patria
2703 4716 2766 4769 et
2795 4708 2874 4771 de
2903 4708 3192 4788 ingressu
3224 4710 3290 4771 in
3319 4729 3482 4786 eam,
3506 4709 3948 4773 revelationem

2470 4806 2783 4883 habuerit,
2817 4814 3066 4869 constat
3103 4826 3182 4869 ex
3223 4826 3321 4884 eo,
3354 4808 3524 4889 quod
3574 4817 3724 4871 tunc
3766 4809 3843 4871 ad
3889 4826 3950 4869 se

2470 4904 3115 4986 reversus,·protinus
3165 4906 3323 4967 dixit
3357 4922 3371 4967 ε
3404 4904 3600 4979 Quam
3653 4905 3950 4969 terribilis
4007 4919 4164 4964 asan.
4254 4924 4255 4957 ;

2469 5012 2566 5065 est
2604 5002 2781 5064 locus
2821 5002 2974 5065 iste!
3007 5004 3142 5066 Non
3179 5012 3275 5066 cst
3313 5004 3418 5067 hic
3458 5004 3656 5079 aliud,
3689 5004 3814 5065 nisi
3852 5005 3951 5066 do-

2471 5120 2613 5162 mus
2643 5099 2747 5163 Dei
2779 5109 2840 5163 et
2873 5108 3057 5182 porta
3085 5101 3256 5164 coeli.
3291 5105 3377 5164 Et
3401 5105 3584 5163 dedit
3623 5104 3733 5163 illi
3757 5104 3950 5163 scien-

2471 5200 2634 5260 tiam
2677 5209 3075 5270 sanctorum,
3109 5200 3172 5261 id
3222 5208 3318 5262 est
3367 5199 3708 5262 salutarem
3755 5200 3949 5262 seien—

2469 5296 2620 5358 tiam
2649 5295 3016 5360 divinorum
3041 5313 3056 5360 ε
3080 5316 3224 5379 quae
3253 5297 3440 5360 datur
3463 5297 3736 5373 SanctiS‚
3769 5306 3832 5361 et
3858 5304 3948 5360 est
