4284 6267
841 506 961 571 350
1446 524 1798 572 manuario
1841 524 1904 570 m
1946 522 2086 571 car.
2132 522 2201 569 111
2241 520 2482 569 clm-nc}
2522 520 2924 570 camlconuu.
2972 542 3051 553 —
3077 519 3231 569 ἈιιΤ.
3276 520 3341 569 tx

841 705 937 757 est
973 715 1112 759 eam
1152 695 1350 758 Filius
1391 696 1562 778 ejus,
1595 696 1770 759 Tunc
1808 712 2066 777 quoque
2103 702 2166 756 et
2207 694 2344 776 ipsa
2372 694 2417 755 A
2452 693 2883 757 consolaretur
2909 712 3165 774 gregem
3205 713 3391 756 suum
3433 693 3735 776 pusillum
3763 712 3941 756 ama-

844 793 1073 856 Filium
1115 793 1420 870 exoravit,
1455 803 1526 856 ut
1572 793 1804 857 rediret
1841 793 1918 855 ad
1959 808 2108 854 suos
2156 791 2345 854 disci·
2453 791 2704 855 rissime
2754 792 3103 855 desolatum
3158 810 3171 853 :
3222 792 3390 873 quod
3438 799 3501 854 et
3545 790 3741 853 Filius
3788 792 3943 854 ado—

842 892 1030 974 pulos
1059 900 1253 976 atque
1281 892 1532 975 discipu
1548 893 1663 967 laS,
1701 890 2050 974 praesertim
2082 891 2160 953 ad
2192 890 2344 970 Mag·
2452 891 2688 953 randus
2724 898 2850 953 tam
2889 890 3220 953 celerrime
3260 889 3409 971 egit,
3457 898 3527 952 ut
3576 890 3639 951 in
3678 890 3797 953 hoc
3833 910 3943 953 ca-

841 990 1158 1069 dalenam,
1191 998 1255 1053 et
1283 1009 1397 1053 sua
1439 989 1902 1070 gloriosissima
1938 988 2342 1071 apparitione
2452 1007 2621 1072 preae
2662 988 2745 1050 sit
2788 988 3175 1052 assimilatus
3214 997 3278 1051 et
3316 988 3608 1051 hinnulo.

1981 1406 2629 1493 ARTICULUS
2694 1407 2817 1493 lx

911 1688 1270 1737 nummulo
1312 1686 1588 1734 CAPITULI
1629 1685 1831 1731 ’mlt'ru
1875 1686 1889 1731 2
1937 1684 2001 1730 m
2044 1683 2306 1730 anwno
2346 1682 2493 1743 ΠΕΟ,
2536 1682 2669 1729 ΕΤΟ.
2698 1684 2715 1747 3
2762 1684 2839 1729 DE
2878 1685 3104 1732 spoNso
3145 1687 3219 1733 m·
3263 1688 3495 1736 SPONSA
3538 1688 3861 1735 GRNERALI.

811 1980 816 1984 '
975 1974 1314 2037 CCLESIA
1345 1972 1410 2035 in
1444 1972 1580 2035 fine
1617 1967 2032 2053 praecedentis
2071 1962 2336 2047 capituli
2375 1962 2422 2024 B
2448 1966 2699 2030 dulcem
2730 1968 2870 2049 ejus
2909 1971 3331 2052 praesentiam,
3364 1973 3632 2037 celerem
3662 1974 3937 2039 subven—

995 2073 1176 2149 dixit,
1209 2073 1565 2147 Revertere,
1593 2068 1859 2152 cupiens
1886 2064 2235 2147 gratiosum
2265 2080 2339 2125 ac
2447 2065 2710 2144 tionem,
2744 2068 2959 2149 optavi
2988 2077 3051 2131 et
3081 2070 3431 2152 postulavi3
3461 2081 3522 2133 et
3549 2093 3677 2135 non
3708 2076 3939 2136 inveni

842 2173 1094 2237 dulcem
1128 2171 1398 2235 reditum
1431 2168 1650 2252 sponsi
1688 2185 1702 2230 ε
1737 2186 1866 2249 quo
1897 2166 2207 2239 tardante,
2240 2162 2338 2245 ip·-
2447 2172 2575 2227 tam
2612 2165 2741 2229 cito
2782 2174 2849 2228 ut
2876 2167 3240 2249 concupivi.
3264 2168 3583 2233 Interdum
3634 2191 3933 2255 namque,

845 2293 914 2335 sa
963 2271 1117 2335 fecit
1163 2271 1334 2354 quod
1387 2270 1452 2332 in
1512 2267 1769 2331 exordio
1825 2265 2019 2347 hujus
2067 2261 2334 2346 capituli
2449 2271 2519 2324 ut
2565 2270 2802 2326 tactum
2850 2273 2947 2327 est
2993 2267 3371 2348 praecedenti
3422 2268 3725 2351 capitulo,
3782 2271 3935 2334 sub·—

669 2381 698 2436 1
845 2371 1169 2453 loquitur:
1203 2374 1283 2431 In
1326 2371 1554 2430 lectulo
1593 2387 1727 2428 meo
1757 2385 1878 2443 per
1915 2374 2122 2425 noctes
2168 2384 2337 2443 quae-
2448 2360 2641 2423 trahit
2688 2381 2755 2425 se
2812 2364 2889 2425 ad
2940 2372 3188 2447 tempus
3246 2374 3505 2448 propter
3558 2387 3779 2431 causas
3838 2368 3934 2432 ibi

842 2471 972 2529 sivi
1011 2490 1198 2549 quem
1235 2470 1461 2545 diliyit
1499 2468 1726 2527 anima
1773 2484 1934 2525 mea.
1985 2462 2053 2524 ln
2093 2460 2331 2525 lectulo
2447 2469 2798 2541 praetactas,
2847 2473 2911 2525 et
2956 2472 3025 2525 ut
3074 2482 3322 2546 sponsae
3371 2484 3501 2529 suae
3550 2466 3924 2532 fidelitatem

845 2585 1121 2649 namque
1179 2566 1380 2647 magis
1437 2565 1710 2629 sentitur
1757 2572 1947 2644 atque
2003 2560 2335 2624 molestius
2444 2560 2825 2641 experiatur,
2861 2570 2923 2624 et
2962 2561 3101 2645 ipsa
3141 2581 3254 2646 per
3287 2563 3729 2629 tribulationes
3769 2586 3937 2631 coro·

843 2665 1151 2729 toleratur
1197 2664 1415 2748 sponsi
1464 2662 1772 2727 absentia.
1822 2662 1890 2724 ln
1941 2668 2070 2723 toto
2115 2669 2326 2723 autem
2446 2660 2584 2721 nari
2620 2659 2959 2740 gloriosius
3002 2670 3336 2739 mereatur,
3371 2682 3615 2746 suoque
3644 2674 3928 2750 tempore

842 2765 962 2827 hoc
992 2763 1492 2827 librostractatur
1531 2762 1610 2825 de
1648 2758 1967 2843 spirituali
2006 2758 2332 2822 connubio
2445 2759 2816 2822 exaudiatur
2872 2758 3223 2842 perfectius
3258 2780 3272 2823 :
3308 2763 3479 2843 quia,
3534 2773 3604 2827 ut
3656 2784 3929 2847 sponsus

840 2882 914 2927 ac
953 2862 1172 2925 divino
1214 2880 1449 2938 amore,
1492 2860 1675 2943 quasi
1723 2858 1844 2921 sub
1894 2856 2332 2920 similitudini·
2445 2856 2511 2919 in
2544 2857 2885 2937 Evangelio
2913 2858 3217 2941 loquitur,
3242 2860 3501 2942 Oportet
3528 2882 3779 2946 semper
3806 2884 3934 2929 ora·
3986 2884 4221 2934 ιιωω.

843 2960 962 3024 bus
991 2960 1263 3024 carnalis
1302 2958 1587 3041 conjugii
1615 2977 1689 3021 ac
1729 2956 2043 3020 sensualis
2081 2954 2332 3019 dilecti-
2444 2974 2534 3033 re,
2568 2965 2631 3020 et
2668 2976 2797 3021 non
2846 2957 3147 3023 deficere.
3195 2959 3271 3022 Et
3318 2980 3537 3023 rursus
3587 2962 3872 3027 affirmat
3908 2986 3925 3032 t
3964 2952 4001 2990 ¹·

842 3059 1007 3123 onis.
1038 3059 1215 3122 Unde
1257 3058 1516 3141 quidam
1559 3055 1978 3131 obtenebrati,
2022 3061 2330 3137 putarunt
2444 3056 2611 3119 Beati
2669 3057 2783 3138 qui
2835 3058 3343 3140 persecutionem
3403 3061 3734 3142 patiuntur
3787 3083 3931 3146 pro·
3994 3084 4217 3136 uum„

841 3158 1241 3222 Salomonem
1285 3156 1461 3239 loqui
1504 3156 1582 3219 ad
1626 3156 1904 3218 litteram
1949 3155 2027 3217 de
2069 3173 2137 3217 se
2186 3153 2326 3236 ipso
2364 3156 2408 3220 C
2447 3162 2586 3235 pter
2625 3155 2959 3235 justitiam,
3010 3156 3313 3237 quoniam
3361 3157 3645 3239 ipsorum
3690 3170 3787 3223 est
3838 3181 3931 3225 re-
3962 3150 4027 3191 ¹⁰·

841 3265 905 3319 et
930 3256 1202 3339 conjuge
1231 3256 1371 3337 ejus
1411 3253 1552 3317 filia
1589 3253 1934 3317 Pharaonis
1969 3272 1983 3317 :
2017 3252 2191 3334 quod
2225 3270 2330 3314 ne·
2442 3270 2635 3333 gnum
2681 3254 3010 3318 coelorum.
3480 3304 3487 3311 .

841 3373 1160 3437 quaquam
1181 3353 1567 3436 putandum,
1607 3370 1724 3416 nec
1753 3352 1965 3415 littera
1994 3358 2323 3425 consonat,
2520 3354 2832 3430 Sumam,
2877 3354 2942 3415 id
2989 3361 3106 3430 est,
3154 3353 3235 3417 ab
3284 3354 3405 3417 ista
3453 3355 3811 3420 orationum
3868 3366 3929 3421 et
4066 3364 4103 3417 2

846 3453 975 3517 imo
1020 3454 1085 3515 in
1128 3452 1348 3515 multis
1393 3452 1542 3515 inde
1584 3451 1926 3515 discordat.
2440 3450 2928 3514 meditationum
2970 3471 3252 3515 mearum
3297 3454 3515 3535 quiete
3557 3455 3635 3517 ad
3677 3463 3929 3540 tempus

922 3553 1138 3633 ltaque
1189 3550 1469 3615 Ecclesia
1518 3549 1897 3615 universalis
1948 3548 2012 3611 in
2075 3546 2335 3610 tribula·
2441 3549 2722 3625 cessab0,
2758 3548 2917 3613 etin
2949 3550 3251 3633 operibus
3288 3552 3707 3616 exterioribus
3746 3554 3929 3619 bonis

843 3651 1127 3715 tionibus
1157 3660 1218 3714 et
1251 3649 1804 3733 persecutionibus
1832 3647 2199 3724 constituta,
2224 3654 2334 3709 aut
2440 3666 2543 3711 me
2570 3648 2917 3731 occupabo,
2950 3658 3015 3712 et
3044 3668 3157 3731 per
3184 3650 3450 3732 Jejunia,
3484 3652 3927 3731 abstinentiaS‚

843 3750 1049 3812 solitis
1084 3749 1428 3830 gratiarum
1478 3746 1838 3811 affluentiis
1882 3746 2206 3822 destituta,
2242 3752 2333 3807 at-
2441 3746 2811 3829 disciplinas
2836 3755 2898 3810 et
2926 3748 3287 3812 consimilia
3316 3750 3707 3832 poenitentiae
3737 3770 3929 3835 opera

841 3867 968 3930 que
1014 3848 1079 3910 in
1129 3848 1422 3931 pluribus
1470 3845 1844 3921 deformata,
1899 3852 2213 3909 testatur:
2250 3846 2333 3905 In
2442 3864 2716 3928 quaeram
2762 3846 3103 3927 dilectum3
3146 3858 3207 3909 et
3248 3850 3533 3909 circuibo
3574 3850 3931 3921 civitatem.

845 3952 1070 4008 lectulo
1103 3968 1258 4017 meo,
1283 3946 1347 4008 id
1379 3954 1476 4008 est
1507 3944 1572 4007 in
1603 3944 1820 4026 quiete
1847 3942 2331 4007 meditationum
2442 3944 2507 4007 id
2534 3952 2652 4021 est,
2680 3946 3237 4026 congregationem
3270 3954 3460 4010 totam
3497 3946 3791 4011 fidelium
3821 3969 3933 4011 un-

843 4053 906 4108 et
935 4045 1296 4107 orationum
1333 4062 1640 4117 mearum,
1676 4050 1738 4105 et
1777 4042 1844 4104 in
1885 4042 2335 4107 exercitatione
2440 4043 2635 4125 dique
2681 4042 3021 4123 diligenter
3076 4044 3491 4109 considerabo
3546 4066 3561 4110 :
3612 4047 3786 4127 quod
3838 4056 3933 4110 est

843 4142 1094 4205 interna
1139 4140 1544 4205 conscientiae
1591 4159 1769 4218 meae,
1814 4162 1936 4219 per
1983 4152 2216 4213 noctes,
2269 4141 2333 4203 id
2444 4141 2862 4224 spiritualiter
2908 4143 3202 4220 circuire,
3248 4152 3313 4205 et
3358 4164 3395 4206 a
3446 4144 3571 4207 Deo
3618 4144 3926 4227 incipere,

844 4249 962 4318 est,
994 4240 1388 4323 temporibus
1427 4239 1882 4301 adversitatum
1924 4247 2115 4323 atque
2145 4240 2211 4302 in
2243 4260 2336 4303 re·
2443 4249 2635 4321 atque
2662 4240 2743 4302 ad
2772 4240 2995 4323 ,ipsum
3040 4240 3266 4320 redire,
3302 4241 3469 4306 sicut
3510 4242 3573 4304 in
3604 4251 3787 4306 motu
3817 4242 3935 4306 cir-

569 4370 725 4413 um„
739 4370 819 4415 m
844 4341 1035 4421 gione
1064 4357 1139 4403 ac
1175 4337 1434 4402 umbra*
1466 4338 1708 4415 mortiS,
1740 4345 1804 4400 et
1841 4339 1908 4401 in
1949 4339 2335 4403 obscuritate
2366 4342 2415 4404 D
2445 4339 2642 4403 culari
2702 4338 2781 4402 ad
2840 4348 3148 4422 punctum
3216 4342 3602 4422 egressionis
3663 4343 3928 4405 reditur.

550 4433 814 4548 mxu..
847 4438 1179 4521 praesentis
1219 4437 1481 4512 notitiae,
1519 4455 1660 4518 quae
1707 4445 1803 4499 est
1849 4456 1962 4520 per
2003 4436 2335 4519 speculum
2445 4439 2682 4520 Nempe
2720 4437 3004 4501 Ecclesia
3050 4446 3351 4520 tanquam
3401 4440 3505 4521 pia
3542 4458 3617 4503 ac
3658 4440 3932 4503 sollicita

553 4561 621 4604 η.
705 4530 716 4541 “
847 4546 908 4601 et
937 4536 1226 4616 aenigma,
1261 4537 1534 4617 quaesivi
1561 4554 1866 4619 sponsum
1896 4556 2083 4615 quem
2111 4536 2335 4613 diliyit
2444 4544 2668 4613 mater,
2730 4543 2965 4599 statum
3022 4556 3283 4600 suorum
3341 4539 3704 4602 considerat
3764 4539 3935 4602 filio-

845 4637 1074 4696 am‘ma
1121 4655 1284 4696 mea.
1324 4632 1622 4707 Quamvis
1670 4631 1844 4696 enim
1893 4648 2167 4714 sponsus
2216 4632 2335 4693 iste
2446 4655 2609 4697 rum.
2642 4639 2771 4698 Per
2820 4637 2987 4696 vicos
3030 4643 3091 4695 et
3128 4638 3379 4715 plateas
3415 4658 3705 4716 quoeram
3742 4658 3931 4717 quem

846 4752 1176 4815 nunquam
1207 4732 1527 4814 relinquat
1555 4730 1902 4795 Ecclesiam
1937 4748 2115 4793 suam
2149 4728 2216 4791 in
2246 4738 2336 4793 to-
2442 4735 2667 4811 diliqic
2694 4735 2922 4794 anima
2952 4754 3115 4795 mea.
3140 4734 3255 4796 Per
3294 4735 3468 4797 vicos
3506 4734 3618 4816 qui
3658 4734 3933 4798 strictio-

843 4840 930 4907 to,
971 4850 1088 4894 nec
1134 4839 1443 4913 quantum
1489 4830 1570 4892 ad
1609 4848 1683 4892 ea
1723 4847 1867 4911 quae
1909 4835 2062 4892 sunt
2107 4827 2186 4890 de
2232 4846 2335 4891 ne-
2442 4850 2542 4894 res
2592 4840 2760 4909 sunt,
2812 4839 3083 4913 possunt
3128 4831 3409 4913 religiosi
3465 4831 3763 4913 intelligi,
3819 4832 3930 4915 qui

842 4930 1135 4994 cessitate
1165 4927 1424 5008 salutis3
1475 4928 1820 5010 aliquando
1853 4936 2064 4989 tamen
2095 4926 2331 4990 deserit
2443 4931 2607 4993 ultra
2637 4929 2931 4993 mandata
2963 4929 3349 5013 profitentur
3376 4930 3662 5007 consilia,
3698 4938 3765 4994 et
3794 4931 3933 4993 stri-

840 5046 980 5091 eam
1025 5028 1091 5091 in
1139 5034 1338 5110 parte,
1383 5036 1446 5089 et
1492 5035 1800 5109 quantum
1847 5025 1927 5087 ad
1973 5024 2333 5088 dulcedinis
2443 5028 2704 5092 ctiorem
2738 5029 3067 5092 ambulant
3094 5029 3299 5107 viam3
3334 5048 3447 5111 per
3481 5029 3727 5111 plateas
3762 5048 3927 5105 vero,

841 5145 970 5190 suae
1019 5124 1579 5209 experimentalem
1630 5142 1945 5207 saporem,
1998 5132 2060 5186 et
2115 5124 2330 5205 quoad
2443 5146 2586 5209 quae
2642 5126 2897 5191 latiores
2954 5135 3123 5205 sunt,
3177 5127 3532 5206 saeculareS,
3590 5127 3703 5209 qui
3760 5129 3927 5191 viam

841 5225 977 5300 boc,
1018 5224 1190 5307 quod
1238 5242 1378 5287 eam
1428 5221 1979 5306 persecutionibus
2023 5220 2333 5287 afflictio-
2430 5225 2871 5288 mandatorum
2923 5225 3247 5289 incedunt.
3284 5228 3569 5295 Quoesivi
3604 5229 3826 5299 illum,
3870 5236 3927 5287 et

841 5322 1160 5404 nibusque
1205 5321 1486 5405 exponit.
1523 5324 1805 5393 Quoesivi
1833 5324 2053 5395 illum,
2098 5322 2163 5384 id
2204 5330 2320 5399 est,
2431 5344 2579 5411 non·
2602 5324 2827 5385 inveni
2872 5342 3018 5387 eum
3065 5322 3133 5386 in
3177 5324 3339 5389 vicis
3384 5323 3486 5386 his
3536 5333 3600 5387 et
3648 5323 3917 5407 plateis,
