4284 6267
53 770 122 810 24.

987 515 1342 563 ENARRA'rlo
1384 515 1449 562 m
1490 514 1628 563 CAP.
1667 514 1708 559 V
1749 512 1990 562 CANTICI
2033 513 2438 562 cmnconuu.
2484 535 2565 545 —
2604 516 2746 563 ΛΒΤ.
2793 516 2897 563 xvl

3366 500 3489 565 397.

95 706 261 749 uniat.
291 718 343 755 v,
379 686 475 748 ris
511 685 1004 763 edomationem,
1038 686 1118 749 ad
1152 684 1638 750 crucifixionem
1673 684 1887 749 carnis
1918 685 1969 746 A
1999 692 2169 761 runt,
2204 684 2601 749 amarissime
2630 685 2895 763 deflent,
2920 694 3221 769 tanquam
3254 694 3485 750 morta-

379 794 451 849 et
500 785 804 850 vitiorum
853 785 1643 869 concupiscentiarumque
1684 785 1824 866 ejus
1869 801 1882 844 :

75 901 346 953 colmam.
381 884 555 950 sicut
583 884 874 947 hortatus
901 892 999 947 est
1027 881 1671 957 PauluS‚Mortificate
1698 901 1891 944 mem-

55 967 95 1007 ⁵.

63 1291 194 1333 icor.
209 1304 266 1339 nx,
275 1291 351 1333 27.

81 1979 286 2023 woann.
299 1993 351 2029 u,

381 983 502 1047 bra
535 991 744 1046 vestra
783 1002 928 1064 quae
969 991 1118 1046 sunt
1155 1001 1348 1066 super
1385 991 1640 1046 terram.
1675 983 1890 1059 Diyiti

381 1084 517 1144 mei
549 1083 736 1160 pleni
775 1092 930 1143 sunt
973 1085 1248 1160 myrrha
1280 1083 1792 1160 probatissima:
1823 1079 1886 1142 id

383 1188 505 1257 est,
541 1199 656 1263 per
699 1179 1154 1243 discretionem
1201 1188 1264 1243 et
1305 1189 1543 1243 rectam
1592 1178 1890 1241 intentio-

387 1297 562 1353 nem,
597 1298 672 1342 ac
715 1280 864 1343 vitae
911 1297 1070 1342 meae
1113 1278 1670 1353 examinationem,
1703 1276 1890 1341 casti-

385 1378 536 1459 gavi
567 1396 801 1460 corpus
836 1397 1049 1441 meum
1093 1387 1156 1441 et
1195 1377 1261 1438 in
1301 1376 1672 1440 servitutem
1713 1376 1891 1437 rede-

382 1476 473 1555 gi,
507 1494 727 1539 amore
758 1476 1133 1539 imitationis
1163 1475 1396 1539 Christi
1430 1492 1444 1536 :
1479 1476 1663 1556 cujus
1696 1473 1888 1537 etiam

388 1574 631 1637 intuitu
681 1584 748 1637 et
794 1593 1010 1639 amore
1050 1574 1362 1654 abnegavi
1405 1592 1509 1637 me
1547 1574 1783 1655 ipsum,
1825 1578 1890 1633 et

386 1678 674 1735 mentem
703 1692 913 1736 meam
940 1674 1093 1755 jugo
1123 1672 1504 1735 obedientiae
1531 1672 1721 1754 plene
1749 1669 1890 1732 sub-

73 1779 356 1836 Pht‘lt'pp-u.
384 1770 536 1854 jeci,
571 1771 742 1834 sicut
770 1771 908 1854 ipse
935 1780 1197 1854 propter
1226 1789 1329 1833 me
1369 1770 1576 1834 factus
1616 1777 1712 1833 est
1741 1768 1890 1832 obe-

385 1870 574 1933 diens
603 1870 766 1932 Patri
798 1887 1002 1950 usque
1029 1870 1108 1931 ad
1138 1870 1345 1933 crucis
1378 1868 1756 1951 patibulum.
1790 1866 1889 1928 Et·
1925 1868 1972 1930 B
2002 1884 2114 1947 per
2143 1866 2390 1930 invenit
2418 1868 2595 1949 juxta
2623 1878 2863 1947 votum,
2898 1870 3017 1933 hoc
3048 1878 3144 1933 est
3181 1881 3491 1952 quantum

385 1969 564 2031 enim
595 1968 710 2050 qui
738 1988 806 2031 se
834 1967 992 2031 dicit
1022 1968 1364 2049 in-Christo
1394 1986 1666 2044 manere,
1683 1974 1745 2029 et
1776 1963 1885 2046 qui

385 2086 540 2132 vere
568 2066 651 2129 ab
682 2066 822 2148 ipso
851 2064 1250 2128 Christianus
1280 2072 1562 2141 vocatur,
1579 2063 1770 2127 debet
1799 2063 1888 2124 in-

383 2172 517 2228 star
546 2165 726 2229 illius
764 2164 1115 2239 ambulare,
1153 2182 1410 2245 suaeque
1444 2162 1758 2246 passionis
1792 2180 1887 2224 se-

383 2264 500 2346 qui
533 2263 822 2343 vestigia.
850 2263 934 2326 De
964 2262 1284 2345 spirituali
1316 2270 1529 2325 autem
1560 2259 1887 2341 significa-

383 2363 564 2427 tione
605 2362 975 2443 digitorum,
1021 2370 1084 2424 et
1123 2362 1202 2425 de
1244 2360 1488 2443 optima
1527 2360 1784 2441 myrrha
1825 2365 1888 2422 et

381 2461 663 2544 myrrha>
702 2460 1164 2542 designatione,
1200 2460 1442 2522 dictum
1481 2466 1578 2522 est
1615 2457 1887 2521 articulo

383 2558 801 2642 praecedenti.
1029 2554 1033 2558 ’

184 2660 224 2715 6
468 2660 814 2720 Pessulum
845 2659 996 2719 ostii
1036 2659 1162 2718 mei
1193 2658 1428 2737 aperui
1466 2658 1696 2717 dilecto
1729 2674 1885 2726 mec,

387 2755 456 2818 id
487 2762 606 2830 est,
639 2755 884 2818 aditum
923 2755 1133 2818 cordis
1175 2753 1300 2818 mei
1341 2753 1529 2836 plene
1567 2744 1758 2835 atque
1795 2760 1890 2816 to-

385 2854 605 2917 taliter
660 2853 720 2917 ei
778 2854 998 2936 aperui
1047 2870 1061 2915 :
1113 2872 1240 2916 non
1300 2853 1505 2917 solum
1564 2852 1884 2935 repagula,

385 2962 605 3016 vectes
655 2960 720 3015 et
772 2953 957 3029 ostia,
1007 2952 1118 3015 sed
1165 2951 1494 3033 pessulum
1549 2970 1806 3032 quoque
1853 2968 1890 3011 a

1998 782 2104 857 lia,
2138 782 2528 847 incessanter
2557 785 2815 849 solliciti
2846 805 2963 868 pro
3000 786 3209 850 cordis
3248 785 3347 849 sui
3379 806 3486 849 cu-

1998 883 2201 944 stodia
2256 902 2329 946 ac
2385 885 2662 966 puritate
2712 885 2983 948 interna.
3038 885 3111 947 Hi
3160 884 3483 968 pessulum

1998 981 2144 1045 ostii
2179 981 2277 1043 sui
2310 990 2591 1045 reserant
2621 1002 2877 1065 spons0,
2899 1003 3283 1066 omnemque
3312 1002 3487 1047 men-

2000 1079 2080 1141 tis
2110 1080 2352 1142 aditum
2384 1080 2689 1144 claudunt
2720 1081 3019 1145 infernali
3051 1083 3360 1146 adultero.

2077 1180 2166 1237 At
2215 1180 2327 1237 ille
2379 1181 2819 1251 declinaverat
2874 1190 3066 1260 atque
3114 1182 3481 1243 transierat.

1997 1272 2241 1347 Quanto
2286 1276 2631 1358 perfectius
2671 1286 2733 1340 et
2777 1277 3161 1341 virtuosius*
3204 1277 3488 1360 disponit
3541 1294 3701 1367 muas
3720 1294 3783 1337 ιι-

1999 1391 2068 1435 se
2104 1373 2297 1437 homo
2336 1375 2413 1437 ad
2452 1376 2777 1439 caritatem
2819 1383 2883 1438 et
2915 1378 3207 1456 gratiam,
3241 1378 3492 1460 sapien-
3516 1356 3754 1400 ‘mmm‘

2002 1472 2151 1533 tiam
2194 1492 2266 1536 ac
2297 1474 2585 1552 virtutes,
2622 1483 2795 1538 tanto
2834 1474 3089 1557 plenius
3119 1476 3391 1557 desuper
3416 1495 3491 1539 ea

1999 1571 2281 1649 sortitur,
2319 1573 2665 1636 dummodo
2713 1574 2779 1635 in
2821 1573 3237 1655 inquisitione
3275 1575 3492 1658 hujus-

1997 1669 2171 1732 modi
2201 1679 2595 1752 perseveret3
2616 1680 2680 1734 et
2706 1673 2999 1753 quamvis
3029 1674 3492 1756 perseverando

1999 1766 2284 1831 inveniat
2320 1778 2512 1850 atque
2552 1769 2871 1852 proficiat,
2904 1790 3030 1835 non
3074 1781 3285 1836 tamen
3328 1791 3493 1836 sem-

1999 1965 2078 2026 ad
2109 1983 2218 2027 eos
2247 1966 2548 2043 caritatis,
2584 1967 2913 2049 sapientiae
2956 1977 3019 2031 et
3060 1969 3368 2033 virtutum
3397 1969 3493 2033 ef-

2001 2062 2230 2141 fectuS,
2282 2082 2443 2145 quos
2491 2065 2735 2147 appetit
2769 2064 2973 2143 valde,
3018 2076 3236 2149 utpote
3282 2070 3489 2150 quoad

1998 2161 2412 2237 alacritatem,
2474 2162 2994 2241 consolationem,
3058 2174 3337 2247 gustum,
3398 2165 3493 2229 af-

1999 2258 2462 2341 fluentiamque
2504 2259 2897 2324 sensibilem.
2940 2261 3018 2324 Et
3052 2273 3365 2347 quantum
3412 2266 3491 2328 ad

2000 2358 2149 2435 haec,
2168 2358 2402 2421 dicitur
2428 2376 2699 2441 sponsus
2731 2360 3051 2423 declinare
3082 2380 3154 2424 ac
3180 2371 3495 2443 pertrans-

1999 2457 2112 2533 ire,
2148 2465 2211 2520 et
2248 2458 2452 2539 magis
2489 2458 2569 2520 ad
2606 2458 2770 2520 latus
2811 2459 3127 2537 secedere,
3166 2480 3361 2543 quam
3401 2482 3497 2526 re-

1999 2556 2223 2619 cedere
2276 2574 2289 2617 :
2344 2556 2659 2638 siquidem
2724 2576 2799 2619 ex
2857 2575 2983 2621 una
3040 2568 3219 2640 parte
3276 2560 3498 2625 incitat

1998 2654 2279 2716 animam
2327 2655 2404 2716 ad
2446 2655 2880 2735 quaerendum,
2924 2663 2987 2717 et
3024 2675 3101 2719 ex
3144 2657 3269 2720 alia
3317 2670 3497 2741 parte

2001 2752 2224 2815 differt
2253 2771 2325 2815 ac
2356 2752 2668 2835 protrahit
2696 2771 2858 2815 eam.
2884 2753 3041 2817 Hinc
3072 2754 3141 2817 in
3171 2756 3279 2818 tali
3310 2776 3495 2821 even-

2003 2860 2070 2913 tu
2113 2858 2361 2933 oportet
2397 2850 2676 2913 animam
2706 2851 3050 2933 patientem
3095 2873 3373 2933 manere,
3407 2866 3497 2919 at-

2000 2969 2125 3031 que
2166 2950 2231 3013 in
2279 2950 2408 3012 fide
2445 2958 2507 3012 et
2548 2968 2661 3031 spe
2694 2949 2832 3013 sine
2874 2952 3049 3014 omni
3096 2953 3495 3019 haesitatione

385 3051 672 3116 thalamo
720 3050 930 3115 cordis
982 3051 1106 3113 mei
1158 3050 1422 3127 removi,
1463 3066 1592 3112 non
1643 3056 1888 3112 tantum
1927 3047 1972 3111 C
2003 3052 2325 3133 inquirere
2360 3067 2373 3111 :
2410 3050 2497 3111 ita
2524 3057 2597 3111 ut
2624 3048 2813 3128 dicat,
2848 3049 3051 3113 Etiam
3094 3052 3147 3113 si
3186 3054 3495 3117 occiderit
3520 3072 3604 3115 ,ιοῡ
3619 3074 3785 3122 mma.

386 3151 654 3216 vitando
712 3158 972 3233 peccata
1016 3148 1330 3229 graviora,
1385 3148 1495 3211 sed
1553 3148 1746 3211 etiam
1804 3148 1893 3210 le-

387 3250 592 3327 viora,
644 3258 709 3312 et
755 3246 1070 3331 quidquid
1108 3246 1376 3327 gratiam
1413 3244 1629 3309 vultus
1670 3244 1888 3328 sponsi

391 3356 602 3431 potest
629 3344 1548 3418 offendere.Quemadmodum
1577 3344 1751 3407 enim
1781 3363 1894 3407 cae-

389 3447 644 3512 cutiens
686 3446 947 3509 domum
992 3442 1378 3523 ingredienS‚
1420 3460 1548 3504 non
1596 3442 1720 3504 nisi
1763 3462 1894 3505 ma-

391 3565 541 3629 gna,
569 3554 640 3607 ut
678 3562 1031 3620 scamnum,
1067 3541 1380 3623 tripodem
1411 3550 1474 3605 et
1503 3541 1885 3619 consimilia,

393 3646 592 3721 videt,
641 3642 706 3706 in
749 3643 876 3707 alia
917 3658 1064 3705 vero
1102 3640 1352 3704 minora
1395 3639 1730 3722 impingit3
1776 3640 1889 3721 qui

387 3754 610 3809 autem
661 3743 836 3808 visus
891 3739 1186 3804 acumine
1243 3739 1647 3803 mediocriter
1693 3739 1886 3820 viget,

388 3844 591 3907 etiam
635 3860 830 3925 parva
871 3840 1088 3919 videt3
1122 3840 1234 3921 qui
1283 3848 1495 3902 autem
1535 3838 1887 3901 acutissimi

387 3942 577 4006 visus
606 3948 726 4017 est,
749 3939 928 4003 videt
953 3947 1016 4001 et
1045 3936 1336 4014 minima,
1370 3936 1500 4000 imo
1531 3946 1594 3999 et
1621 3944 1886 4015 atomoS,

390 4039 754 4124 praesertim
785 4037 918 4101 sole
954 4035 1331 4117 splendente
1362 4036 1428 4097 in
1461 4035 1656 4099 radiis
1689 4036 1830 4119 ejus
1873 4054 1887 4099 ε

392 4140 494 4203 sic
535 4136 780 4221 pusilli,
816 4134 1179 4217 imperfecti
1218 4144 1280 4198 et
1321 4135 1724 4217 incipienteS,
1761 4154 1895 4199 mo-

2001 3170 2124 3227 me,
2161 3149 2225 3211 in
2270 3148 2409 3230 ipso
2448 3146 2717 3230 sperabo
2752 3164 2766 3209 :
2800 3156 2972 3211 certa
3012 3168 3204 3230 quam
3244 3154 3492 3216 verissi-

1999 3268 2102 3311 me
2138 3250 2307 3311 dicat
2342 3246 2674 3309 Psalmista
2702 3246 2849 3325 De0‚
2886 3247 3152 3329 Sperent
3184 3251 3251 3313 in
3286 3259 3347 3315 te
3379 3253 3492 3334 qui
3536 3268 3773 3321 mem.

2001 3353 2315 3411 noverunt
2356 3363 2588 3408 nomen
2628 3353 2831 3423 tuum,
2869 3348 3174 3428 quoniam
3220 3368 3349 3414 non
3387 3352 3496 3415 de-

2000 3445 2316 3527 reliquisti
2362 3450 2717 3526 quoerentes
2759 3453 2843 3521 te,
2890 3445 3172 3510 Domine.

2078 3547 2328 3605 Anima
2376 3563 2514 3604 mea
2558 3545 2917 3622 liquefacta
2962 3554 3078 3615 est,
3108 3555 3180 3607 ut
3225 3550 3499 3610 dilectus

2003 3647 2248 3704 locutus
2285 3650 2394 3702 est.
2427 3640 2805 3704 Dulcissime
2832 3642 3005 3705 enim
3037 3654 3264 3707 sonant
3294 3646 3358 3708 in
3391 3667 3499 3710 au-

2000 3740 2177 3805 ribus
2212 3739 2370 3803 meis
2399 3740 2540 3821 ejus
2569 3739 2844 3821 eloquia,
2879 3740 3018 3821 ejus
3061 3745 3401 3824 praeconia,
3435 3756 3498 3808 et

2001 3839 2317 3923 quidquid
2361 3846 2606 3921 spectat
2646 3839 2726 3902 ad
2770 3858 2915 3903 eum
2966 3838 3331 3904 inflammat
3370 3863 3493 3907 me.

2007 3940 2311 4009 Quaesivi,
2354 3948 2414 3999 et
2454 3956 2587 3999 non
2627 3938 2853 3999 inveni
2892 3939 3085 3999 illum
3126 3940 3205 4002 ad
3254 3950 3493 4019 votum,

2002 4057 2115 4102 seu
2154 4038 2335 4119 juxta
2375 4035 2763 4098 desiderium
2806 4055 3019 4099 meum
3059 4054 3072 4098 :
3107 4038 3273 4100 sicut
3312 4058 3500 4123 expo-

2004 4137 2195 4199 situm
2238 4143 2355 4198 est.
2408 4134 2659 4204 Vocavi,
2687 4146 2747 4196 et
2784 4154 2914 4195 non
2942 4139 3276 4211 respondit
3306 4141 3491 4201 mihi.

391 4238 542 4301 dice
572 4234 897 4311 illustrati,
923 4251 1052 4297 non
1081 4232 1202 4294 nisi
1235 4232 1528 4296 mortalia
1557 4233 1712 4298 vitia
1741 4252 1893 4315 pon·
1926 4237 1974 4299 D
2003 4234 2209 4298 Semel
2269 4232 2443 4296 enim
2504 4231 2789 4313 loquitur
2852 4231 3038 4310 DeuS,
3092 4244 3154 4297 et
3215 4238 3495 4301 secundo
3547 4256 3631 4300 soa
3644 4270 3787 4310 xxm,

393 4336 628 4399 derant
681 4340 747 4397 et
793 4332 994 4395 vitare
1049 4331 1363 4410 nituntur,
1418 4340 1676 4413 propter
1721 4334 1893 4414 quod

395 4433 774 4514 frequenter
827 4430 1124 4493 incidunt
1172 4429 1237 4490 in
1288 4448 1382 4503 ea,
1434 4430 1739 4510 quoniam
1791 4450 1896 4495 ve·

394 4532 598 4596 nialia
655 4537 804 4593 sunt
849 4528 953 4594 via
999 4548 1074 4592 ac
1118 4528 1455 4609 dispositio
1500 4528 1577 4590 ad
1638 4537 1894 4610 peccata

391 4628 738 4707 mortalia3
771 4626 1186 4710 proficientes
1217 4644 1389 4701 vero,
1425 4617 1790 4690 notabiliter
1820 4628 1894 4689 il-

392 4728 678 4805 lustrati,
711 4724 989 4791 venialia
1024 4743 1304 4807 quoque,
1342 4725 1688 4806 praesertim
1719 4743 1896 4806 gros-

393 4830 595 4903 siora,
625 4824 974 4888 abhorrent
1001 4832 1064 4887 et
1087 4824 1326 4888 evitare
1353 4831 1684 4886 conantur.
1705 4824 1895 4888 Porro

392 4923 694 5011 perfecti,
731 4922 909 4987 radio
938 4920 1100 4985 Solis
1131 4920 1350 4986 aeterni
1393 4920 1716 5001 fulgur-ose
1756 4941 1896 5003 per-

396 5024 558 5101 fusi,
590 5023 784 5088 etiam
811 5021 1081 5085 minima
1109 5020 1386 5085 venialia
1412 5029 1596 5083 acute
1625 5039 1896 5103 perpen-

391 5126 583 5198 dunt,
617 5123 1027 5188 vehementer
1056 5121 1470 5195 detestantur,
1495 5126 1558 5181 et
1585 5138 1731 5182 cum
1759 5120 1896 5201 jugi

394 5220 694 5287 custodia
723 5239 796 5283 ac
833 5216 1344 5284 consideratione
1372 5217 1630 5280 assidua
1660 5217 1895 5282 divinae

394 5318 760 5407 praesentiae
796 5316 1090 5398 effugere
1125 5324 1450 5396 satagunt3
1479 5334 1623 5397 quae
1654 5316 1898 5379 incide-

2005 4335 2066 4396 id
2119 4333 2331 4414 ipsum
2382 4350 2510 4394 non
2560 4329 2836 4412 repetit:
2883 4332 3185 4411 quoniam
3229 4334 3294 4397 in
3331 4334 3495 4398 Scri·
3525 4320 3591 4362 ¹⁴·

2003 4429 2210 4514 pturis
2237 4430 2345 4491 dat
2376 4426 2776 4511 sapientialia
2815 4428 3217 4507 documenta,
3249 4451 3327 4495 ex
3360 4433 3498 4516 qui-

2004 4531 2122 4593 bus
2176 4536 2444 4612 possunt
2490 4526 2635 4590 elici
2685 4536 2749 4589 et
2794 4526 3017 4591 haberi
3066 4548 3367 4613 responsa
3414 4533 3495 4595 ad

2005 4629 2220 4693 omnia
2252 4648 2266 4692 :
2314 4627 2456 4690 ideo
2495 4644 2622 4689 non
2653 4632 2903 4707 oportet
2950 4635 3018 4688 ut
3061 4628 3330 4708 singulis
3368 4630 3497 4692 sin-

2003 4726 2273 4808 gillatim
2328 4724 2727 4807 respondeat.
2784 4722 2970 4787 Juxta
3015 4723 3188 4789 hunc
3236 4728 3491 4791 modum

2005 4833 2262 4889 sanctus
2295 4823 2410 4887 Job
2440 4822 2724 4903 loquitur
2755 4822 2877 4885 Deo
2912 4840 2927 4883 :
2961 4822 3176 4886 Clamo
3206 4824 3284 4886 ad
3314 4834 3397 4903 te,
3432 4833 3498 4888 et
3550 4842 3667 4887 ma.
3690 4858 3789 4897 m,

2005 4943 2132 4988 non
2166 4922 2425 4987 exaudis
2455 4939 2588 5000 me3
2622 4928 2742 4999 st0,
2775 4927 2839 4983 et
2879 4939 3008 4984 non
3053 4922 3317 5003 respicis
3354 4944 3493 5005 me3
3523 4906 3591 4957 ²⁰·
3612 4908 3679 4952 ²¹·

2006 5030 2287 5084 mutatus
2314 5039 2381 5082 es
2413 5018 2571 5081 mihi
2604 5020 2669 5081 in
2701 5018 3045 5093 crudelem,
3071 5029 3133 5081 et
3165 5020 3229 5083 in
3261 5020 3497 5084 duritia

2006 5139 2233 5183 manus
2276 5128 2398 5181 tuae
2440 5118 2798 5180 adversaris
2842 5117 3024 5178 mihi.

2085 5222 2488 5280 Invenerunt
2511 5236 2609 5277 me
2635 5218 2919 5276 custodes
2947 5216 3064 5295 qui
3090 5217 3497 5281 circumeunt
3639 5235 3674 5291 7

2005 5317 2370 5387 civitatem,·
2388 5324 2841 5392 percusserunt
2876 5334 2998 5383 me,
3029 5324 3089 5377 et
3118 5319 3498 5377 vulnerave-
