4284 6267
847 452 966 522 308

1457 476 1809 523 ΕΝΑΒΒΑΤῙΟ
1852 475 1916 522 ΙΝ
1958 475 2098 522 ΟΑΡ.
2143 476 2165 520 1
2207 474 2446 521 CANTIGI
2487 475 2891 523 CAN'rlcontm.
2938 497 3019 507 —-·
3060 478 3201 525 ΛΒΤ.
3247 478 3315 523 111

845 647 1033 723 endo,
1067 649 1417 729 purgando,
1450 668 1523 711 ac
1556 648 1828 713 fovendo
1864 648 1930 710 in
1963 648 2169 725 boniS‚
2203 666 2337 727 gra·
2365 646 2416 708 A
2443 649 2646 710 cerari
2685 670 2698 713 :
2741 649 2854 731 qui
2893 649 2995 712 vel
3034 650 3285 732 operari
3326 648 3565 713 omittit
3614 648 3783 730 quod
3828 648 3941 710 do-

846 744 1078 807 tiarum
1111 764 1367 827 quoque
1401 746 1778 809 charismata
1813 747 2213 829 impetrando
2243 746 2334 808 eis

845 862 882 905 a
921 843 1208 907 Domin0.
1245 845 1316 905 Hi
1359 844 1558 907 instar
1588 846 1736 908 colli
1777 845 2112 926 eriguntur
2152 845 2217 907 in
2248 845 2336 906 al-

847 949 980 1004 tum
1019 942 1446 1006 ecclesiastica
1487 944 1794 1024 dignitate
1832 953 2024 1026 atque
2063 943 2337 1026 praelati-

845 1058 920 1101 ca
955 1049 1302 1122 potestate3
1336 1050 1400 1104 et
1439 1042 1789 1124 spiritualis
1829 1042 2133 1105 alimonia
2169 1062 2206 1104 a
2238 1061 2335 1103 ca-

843 1138 978 1220 pite
1005 1138 1254 1202 Christo
1283 1140 1696 1217 descendam,
1732 1159 1846 1222 per
1877 1140 2048 1222 ipsos
2097 1140 2164 1201 in
2194 1158 2335 1222 gre-

841 1253 950 1316 ges
999 1236 1157 1319 ipsis
1209 1238 1484 1301 creditos
1532 1238 1876 1302 derivatur.
1927 1240 2055 1301 Hoc
2093 1239 2332 1302 collum

841 1343 1102 1397 ornatur
1140 1343 1204 1398 et
1241 1335 1631 1398 assimilatur
1670 1336 2039 1399 monilibus.
2076 1337 2330 1401 Monilia

843 1451 1140 1515 namque,
1183 1442 1333 1496 sunt
1375 1442 1746 1497 ornamenta
1787 1436 1865 1496 ad
1905 1435 2330 1497 claudendum

840 1539 1060 1613 peetus
1110 1530 1402 1610 formata,
1452 1541 1727 1613 suntque
1775 1533 2098 1613 virginum
2149 1534 2328 1612 signa

838 1631 1384 1713 desponsatarum.
1418 1632 1496 1692 Et
1545 1632 1776 1694 dicitur
1818 1632 2077 1709 monile,
2112 1652 2150 1694 a
2198 1651 2330 1694 mo-

837 1731 1047 1793 nendo
1067 1750 1080 1793 :
1100 1730 1250 1811 quia
1274 1732 1427 1793 dum
1454 1730 1681 1812 puellae
1712 1732 2111 1813 desponsatae
2139 1749 2329 1813 appo-

2442 755 2563 824 cet‚
2610 756 2718 810 aut
2763 750 2991 812 docere
3039 749 3305 829 negligit
3357 748 3525 830 quod
3579 767 3615 810 a
3663 746 3938 809 subditis

2444 846 2577 907 suis
2607 846 2769 909 Deus
2801 847 3089 929 requirit.
3126 848 3383 929 Nempe,
3420 854 3491 908 ut
3517 846 3607 908 ait
3635 845 3934 921 IsidoruS,

2444 951 2573 1005 tam
2618 944 2748 1008 vita
2788 964 2984 1026 quam
3023 945 3310 1009 doctrina
3354 944 3699 1007 clarescere
3746 942 3939 1005 debet

2444 1040 2511 1102 in
2556 1061 2630 1104 eo
2683 1042 2794 1124 qui
2843 1043 3143 1125 praesidet
3192 1064 3206 1107 ε
3256 1042 3410 1124 quia
3458 1042 3749 1105 doctrina
3795 1039 3937 1102 sine

2440 1140 2571 1203 vita
2620 1139 2829 1204 efficit
2876 1150 3303 1221 arrogantem,
3344 1150 3407 1203 et
3457 1140 3590 1205 vita
3636 1140 3774 1201 sine
3823 1140 3937 1201 do-

2441 1238 2647 1300 ctrina
2690 1238 3007 1302 inutilem.
3052 1240 3325 1303 Pastoris
3375 1257 3583 1301 sermo
3627 1236 3932 1320 operibus

2440 1345 2534 1399 est
2566 1336 3033 1413 firmanduS,ut
3062 1339 3231 1419 quod
3263 1337 3525 1400 instruit
3555 1336 3933 1413 verb0‚con·

2440 1435 2658 1498 firmet
2700 1436 2991 1518 exemplo
3027 1456 3040 1500 :
3076 1436 3520 1518 turpissimum
3560 1442 3675 1511 est,
3712 1453 3933 1515 quem-

2440 1533 2611 1615 piam
2652 1535 3006 1597 doctrinam
3048 1554 3227 1597 suam
3268 1534 3544 1617 propriis
3591 1531 3931 1615 reprobare

2437 1632 2761 1714 operibuS.

2517 1730 2597 1793 At
2624 1750 2771 1795 vero
2803 1750 2917 1813 per
2946 1732 3259 1796 cervicem
3296 1751 3407 1794 seu
3441 1728 3933 1810 collum,Orige-

838 1828 1032 1905 nitur,
1057 1848 1197 1892 eam
1225 1830 1532 1906 hortatur,
1567 1849 1648 1892 ne
1681 1830 1947 1891 alterum
1976 1838 2321 1892 amatorem
2363 1826 2410 1888 B
2440 1847 2551 1891 nes
2580 1829 2881 1909 intelligit
2920 1832 3205 1893 membra
3244 1829 3543 1893 Ecclesiae
3581 1829 3743 1891 bene
3782 1827 3933 1889 sub-

835 1926 1149 2003 admittat,
1184 1928 1294 1990 sed
1326 1945 1440 1989 suo
1475 1927 1670 1990 fidem
1700 1946 1934 2010 sponso
1964 1936 2320 1991 conservet.

834 2021 1037 2097 Quum
1094 2025 1310 2107 itaque
1357 2025 1511 2088 boni
1572 2025 1814 2107 praelati
1875 2025 2137 2089 solliciti
2194 2026 2324 2088 sint

833 2130 898 2185 et
954 2122 1242 2187 laborent
1289 2124 1687 2187 subditorum
1747 2142 2006 2187 suorum
2066 2134 2323 2207 pectora

2432 1928 2615 2008 jecta,
2633 1936 2695 1991 et
2714 1928 3089 1991 obedientiae
3112 1928 3340 1990 dedita.
3355 1927 3720 1992 Cervicibus
3750 1926 3926 1989 enim

2433 2044 2626 2088 onera
2671 2025 3016 2089 deferenda
3064 2027 3271 2090 solent
3319 2026 3566 2108 imponi
3608 2044 3622 2087 τ
3662 2033 3924 2108 propter

2432 2124 2623 2203 quod,
2672 2123 2940 2187 rebelles
2999 2132 3063 2187 et
3119 2122 3561 2186 inobedientes
3617 2124 3919 2186 dicuntur

2431 2241 2570 2284 esse
2620 2223 2793 2285 durae
2840 2222 3131 2299 cerviciS‚
3164 2230 3229 2285 et
3276 2222 3441 2285 eollo
3491 2222 3657 2284 male
3704 2229 3915 2284 erecto
3998 2236 4141 2279 asoa.

2430 2320 2745 2383 incedere.
2798 2320 2973 2383 Unde
3022 2340 3135 2403 per
3182 2320 3558 2402 Prophetam
3607 2320 3917 2383 Dominus
3944 2302 4195 2349 ¹¹¹¹¹’⁹'⁶²‘·

2426 2418 2516 2480 ait
2548 2439 2563 2482 ε
2600 2418 2766 2483 Scivi
2797 2418 2949 2500 quia
2977 2420 3175 2480 durus
3206 2438 3273 2481 es
3308 2428 3397 2495 tu,
3431 2427 3495 2481 ct
3522 2437 3757 2482 nervus
3792 2416 3918 2480 fer-
3948 2434 4193 2485 tant-1115.

2428 2534 2571 2578 reus
2610 2516 2825 2580 cervix
2864 2525 2991 2591 tua,
3036 2525 3099 2579 et
3146 2515 3324 2579 frons
3368 2524 3477 2578 tua
3523 2535 3707 2579 aerea.
3752 2515 3915 2578 Hinc

2428 2614 2505 2675 ad
2552 2614 3002 2677 insinuandum
3052 2616 3221 2696 quod
3266 2633 3379 2696 per
3417 2613 3652 2678 collum
3697 2612 3916 2678 obedi-

2428 2713 2596 2775 entia
2627 2713 3015 2792 designetur,
3036 2713 3339 2776 Jeremias
3366 2712 3676 2793 plurimos
3705 2712 3918 2776 horta-

905 2811 1117 2889 Porro,
1147 2811 1498 2875 secundum
1526 2810 1919 2893 Gregorium,
1958 2813 2024 2875 in
2055 2815 2317 2878 monili·
2427 2809 2631 2887 batur,
2662 2811 2994 2891 ‘Subjieite
3050 2812 3214 2875 colla
3269 2820 3482 2875 vestra
3535 2812 3687 2893 Jugo
3746 2810 3913 2891 regis
3958 2829 4191 2877 amm-1.

827 2908 946 2971 bus
979 2928 1134 2972 auro
1164 2927 1431 2990 gemmae
1469 2911 1908 2992 imponuntur.
1944 2912 2059 2974 Per
2086 2932 2313 2976 aurum
2426 2908 2799 2991 Babylonis:
2826 2919 3065 2989 quanto
3095 2909 3295 2990 magis
3327 2908 3725 2990 subjicienda
3764 2916 3915 2970 sunt
3943 2894 4010 2935 ¹²·
4260 2898 4262 2931 ³

827 3008 1160 3090 sapientia,
1197 3027 1309 3090 per
1347 3027 1632 3090 gemmas
1676 3010 1959 3073 virtuosa
1999 3018 2060 3073 et
2109 3030 2317 3075 exem·
2351 3008 2393 3071 C
2424 3006 2589 3070 colla
2626 3016 2843 3070 nostra
2876 3009 3029 3089 jugo
3066 3007 3324 3084 Christi,
3357 3007 3651 3084 dicentiS‚
3686 3006 3913 3069 Tollite
3966 3020 4190 3069 Maisan,

824 3106 1028 3189 plaria
1081 3124 1275 3189 opera
1330 3106 1768 3187 designantur.
1830 3107 2034 3181 Quum
2099 3110 2315 3191 itaque
3942 3085 3992 3125 ²⁹

829 2221 1160 2297 adornare,
1211 2230 1400 2303 atque
1449 2240 1486 2283 a
1536 2222 1747 2304 pravis
1801 2240 1875 2284 ea
1922 2223 2322 2302 cogitationi-

830 2318 949 2381 bus
980 2319 1295 2395 claudere,
1330 2327 1642 2400 quatenus
1673 2338 1907 2402 sponso
1939 2339 2098 2402 pura
2135 2329 2199 2384 et
2230 2322 2322 2383 in-

828 2418 1065 2482 violata
1105 2416 1542 2493 exhibeantur,
1581 2437 1700 2480 nec
1741 2418 2169 2482 adulterinum
2212 2422 2321 2482 ad·

827 2516 1102 2598 spiciant
1140 2516 1536 2580 seductorem
1582 2517 1935 2594 diabolum,
1981 2537 2190 2600 neque
2240 2520 2318 2582 ad

826 2615 1108 2696 aliquem
1139 2613 1517 2677 sensualiter
1547 2614 1956 2679 afficiantur:
1985 2626 2154 2680 recte
2184 2637 2320 2680 mo—

827 2711 1068 2775 nilibus
1109 2720 1558 2794 comparantur
1598 2713 1722 2795 ipsi
1767 2713 2032 2797 praelati.

570 4307 708 4364 Apoe.
729 4324 787 4363 ιιι,

527 4372 594 4417 18.

530 5091 780 5146 domnam,

519 5156 658 5199 ¹547.

2421 3106 2646 3186 jugum
2690 3124 2901 3168 meum
2953 3124 3145 3188 super
3186 3108 3339 3168 vos?
3379 3104 3577 3186 Hujus
3625 3104 3775 3168 colli
3820 3122 3915 3167 or·
3994 3114 4007 3126 ·

823 3206 1118 3288 praelatos
1147 3212 1435 3287 oporteat
1471 3223 1585 3287 per
1613 3205 1994 3288 sapientiam
2024 3208 2307 3287 rutilare,
2423 3212 2741 3278 namenta,
2771 3212 2921 3266 sunt
2950 3212 3183 3266 sanctae
3210 3203 3587 3267 obedientiae
3618 3211 3913 3285 praestan-

825 3303 1124 3367 virtuosis
1163 3322 1419 3384 quoque
1450 3311 1512 3365 et
1549 3305 2020 3387 exemplaribus
2061 3307 2311 3370 actibus

821 3401 1167 3478 abundare,
1201 3410 1480 3481 congrue
1521 3402 1788 3465 monilia
1829 3414 2305 3486 nuncupantur.

820 3499 1076 3563 Certum
1105 3508 1200 3562 est
1239 3499 1452 3577 etiam,
1478 3518 1593 3582 per
1630 3520 1855 3564 aurum
1897 3520 2081 3584 posse
2122 3504 2311 3567 intel-

821 3597 934 3677 ligi
971 3598 1298 3662 caritatem
1337 3615 1351 3659 :
1383 3617 1525 3679 quae
1563 3600 1654 3661 sic
1695 3600 1935 3662 eminet
1973 3600 2140 3663 inter
2185 3602 2311 3665 vir—

821 3706 1009 3775 tuteS‚
1034 3697 1199 3760 sieut
1235 3716 1460 3759 aurum
1505 3695 1671 3759 inter
1713 3697 1991 3760 metalla.
2024 3699 2100 3761 Et
2143 3700 2309 3763 sicut

817 3815 1044 3858 aurum
1101 3794 1294 3857 habet
1342 3793 1473 3857 vim
1522 3794 1896 3857 laetificandi
1958 3797 2307 3879 inspicien—

822 3902 970 3971 tem,
995 3893 1446 3974 tristitiamque
1477 3892 1761 3975 depellit,
1799 3894 1889 3957 sic
1921 3898 2151 3959 caritas
2184 3920 2309 3962 ma·

817 3992 987 4055 xime
1020 3991 1174 4055 facit
1201 3999 1478 4054 mentem
1509 3990 1576 4052 in
1608 4010 1840 4073 sponso
1873 4013 2061 4077 super
2091 4000 2307 4060 omnia

818 4110 965 4155 earo
1011 4090 1307 4170 gaudere,
1349 4097 1412 4152 et
1461 4090 1598 4171 ejus
1649 4090 2027 4155 beatitudini
2077 4094 2307 4161 intime

2422 3302 2667 3365 tissima
2696 3322 2910 3385 opera.
2934 3302 3111 3365 Unde
3140 3321 3342 3384 quum
3373 3302 3633 3384 quidam
3664 3310 3913 3365 sancto-

2422 3422 2560 3465 rum
2609 3403 2860 3465 Patrum
2908 3402 3173 3466 vidisset
3220 3402 3289 3463 in
3341 3402 3572 3484 spiritu
3622 3402 3909 3465 diversos

2420 3499 2676 3562 ordines
2720 3499 3225 3563 ministrantium
3263 3500 3411 3576 Deo,
3447 3500 3619 3581 ipsos
3660 3500 3911 3582 religio-

2421 3617 2522 3661 sos
2571 3598 2691 3661 sub
2737 3598 3101 3662 obedientia
3142 3598 3431 3662 viventes
3477 3598 3639 3661 vidit
3681 3617 3907 3662 aureos

2420 3706 2678 3779 torques
2721 3706 2995 3778 portare.
3728 3684 3733 3687 ’

2500 3800 2902 3859 Maroenalas
2950 3817 3182 3857 aureas
3219 3797 3538 3873 faciemus
3583 3798 3724 3865 tibi,
3770 3818 3908 3857 ver-

2419 3898 2761 3957 miculatas
2781 3904 3065 3970 arqenw.
3100 3893 3371 3957 Muraena
3398 3895 3498 3975 (ut
3528 3894 3785 3975 legitur)
3814 3895 3909 3978 pi-

2418 3995 2541 4057 scis
2580 4003 2696 4068 est,
2733 3994 2797 4054 in
2839 3992 3153 4055 foramine
3192 4011 3307 4055 suo
3344 3993 3654 4056 exsistens
3701 3993 3907 4057 eircu-

2418 4092 2583 4155 latus
2630 4101 2693 4154 et
2734 4090 3149 4170 conglobatus
3184 4108 3197 4152 :
3230 4091 3381 4172 quia
3424 4090 3577 4152 dum
3630 4093 3899 4174 capitur,

818 4188 1336 4269 congaudere.De
1367 4206 1492 4269 qua
1522 4188 1590 4249 in
1621 4188 2000 4272 Apocalypsi
2031 4193 2301 4275 legitur:
2338 4201 2387 4262 D
2418 4192 2681 4253 caudam
2730 4190 2825 4254 ori
2866 4208 2980 4252 suo
3028 4190 3321 4272 imponit,
3366 4197 3429 4251 et
3470 4190 3779 4252 circulum
3826 4193 3905 4255 de

818 4287 1063 4351 Suadeo
1102 4286 1218 4348 tibi
1252 4304 1461 4349 emere
1505 4306 1730 4349 aurum
1767 4287 2036 4368 ignitum
2080 4293 2308 4374 proba-

816 4393 973 4447 tum.
1007 4386 1122 4448 Per
1155 4402 1438 4466 gemmas
1482 4404 1654 4462 vero,
1689 4387 2152 4467 pretiosissima
2195 4392 2304 4456 illa

813 4491 1059 4565 septem
1115 4485 1285 4548 dona
1341 4482 1612 4566 Spiritus
1662 4484 1875 4548 Sancti
1934 4499 2298 4554 sumuntur.

811 4582 1142 4645 Praelatum
1192 4590 1402 4646 autem
1463 4590 1713 4664 oportet
1771 4602 1900 4665 prae
1948 4587 2178 4650 ceteris
2234 4590 2301 4651 in

811 4681 1072 4745 caritate
1135 4680 1406 4759 fervere,
1466 4700 1539 4743 ac
1598 4682 1960 4764 septenario
2024 4684 2300 4765 Spiritus

811 4780 1024 4843 Sancti
1064 4780 1331 4863 fulgere.
1363 4780 1623 4862 Propter
1660 4781 1833 4861 quod
1870 4781 2156 4846 Christus
2195 4786 2303 4850 be—

807 4879 1167 4943 atissimum
1197 4880 1447 4942 Petrum
1479 4879 1930 4941 constituturus
1965 4883 2297 4962 praelatum

809 4979 1003 5043 totius
1046 4978 1363 5056 Ecclesiae,
1405 4986 1498 5041 ter
1548 4978 1905 5040 sciscitatus
1957 4989 2052 5042 est
2094 5001 2237 5045 eum
2278 5004 2293 5049 ε

809 5078 1008 5155 Petre,
1059 5096 1232 5140 amas
1279 5096 1382 5139 me
1441 5077 1584 5158 plus
1636 5076 1780 5139 his?
1829 5078 1988 5140 Hine
2049 5081 2297 5160 praelati

808 5176 1108 5239 dicuntur
1138 5175 1422 5239 monilia.
1443 5174 1789 5239 Erubescat
1815 5195 1965 5258 ergo
1996 5180 2295 5260 praelatus

782 5275 1044 5353 -vocari,
1079 5275 1191 5359 qui
1237 5294 1366 5339 non
1405 5276 1635 5356 satagit
1674 5275 1775 5337 his
1821 5276 2150 5340 ornatibus
2193 5280 2296 5343 de-

2416 4310 2485 4353 se
2524 4290 2714 4371 facit3
2756 4298 2818 4353 et
2864 4296 3256 4351 sustentatur
3307 4306 3435 4351 non
3485 4290 3897 4368 comedendo,

2415 4390 2524 4452 sed
2573 4390 2903 4451 humorem
2953 4387 3234 4467 sugendo
3270 4386 3397 4449 :ad
3442 4386 3624 4468 cujus
3676 4388 3903 4451 simili-

2417 4488 2702 4550 tudinem
2745 4486 2918 4548 fiunt
2954 4484 3345 4560 muraenulae,
3381 4484 3445 4546 id
3483 4493 3581 4548 est
3619 4486 3897 4566 inaureS,

2415 4606 2556 4669 quae
2595 4586 2845 4648 aurium
2884 4592 3034 4647 sunt
3063 4590 3345 4647 ornatus,
3378 4582 3715 4664 Gregorius
3747 4606 3899 4651 vero

2412 4686 2587 4760 dicit,
2624 4684 2791 4767 quod
2826 4702 2935 4764 per
2973 4680 3358 4744 muraenulas
3399 4682 3665 4745 monilia
3699 4683 3901 4766 ligan-

2415 4794 2515 4847 tur
2560 4784 2637 4845 ad
2687 4782 2947 4846 collum.
3000 4782 3227 4863 Atque,
3282 4789 3352 4842 ut
3399 4780 3599 4863 aliqui
3648 4782 3893 4863 dicunt,

2411 4882 2780 4947 muraenulae
2820 4888 2968 4942 sunt
3004 4888 3377 4943 ornamenta
3404 4898 3481 4941 ex
3514 4878 3649 4941 filis
3686 4885 3897 4948 aureis

2410 4991 2473 5046 et
2524 4980 2839 5061 argenteis
2885 4997 3076 5061 opere
3127 4980 3367 5061 plectili
3420 4980 3606 5059 faeta,
3660 4980 3897 5063 quibus

2408 5088 2714 5146 ornantur
2772 5079 2983 5160 capita
3040 5078 3449 5156 feminarum,
3499 5088 3564 5142 et
3618 5098 3743 5143 orae
3793 5101 3899 5144 ve-

2406 5181 2602 5243 stium
2641 5178 2811 5241 cirea
2849 5196 3078 5239 manus
3116 5184 3178 5239 et
3220 5176 3479 5240 collum.
3513 5177 3743 5258 Sicque
3782 5197 3895 5260 per

2405 5276 2792 5341 muraenulas
2821 5276 3267 5357 intelliguntur
3296 5275 3590 5355 dogmata
3618 5276 3896 5360 Scriptu-

4028 3810 4093 3864 ¹0
