4284 6267
544 850 605 894 Ie.
622 865 678 903 κι,
695 853 735 893 2.

515 1838 763 1891 1Ραν.κνιι,

502 1904 567 1944 17.

535 2037 660 2080 Rom.
677 2051 761 2089 vnn,

499 2101 568 2142 23.

600 2620 667 2676 17

789 449 909 515 220
1562 468 1914 516 mmmm
1958 469 2021 515 m
2063 468 2202 517 cu.
2249 470 2270 515 1
2309 468 2747 517 nccmsus‘m.
2793 490 2875 501 -
2915 471 3056 518 ΑΜ.
3103 472 3126 517 1

792 636 1143 721 perfectior
1177 638 1315 723 ipse
1354 646 1449 702 est
1494 638 1559 701 in
1597 639 1881 703 caritate.
1916 640 2082 717 iden,
2121 640 2286 703 sicut
2313 640 2363 703 A
2395 658 2639 703 errores
2671 642 3025 723 praeteritos
3065 650 3130 705 et
3167 661 3462 706 excessus
3495 663 3510 706 ε
3545 662 3620 707 ex
3648 643 3888 726 quibus

794 736 992 798 David
1037 736 1162 800 fuit
1200 737 1478 802 sanctior
1518 738 1876 816 Salomone,
1911 740 1999 802 ita
2028 748 2090 802 et
2123 739 2286 822 sapi-

794 836 1004 899 entior
1034 855 1109 900 eo
1141 836 1284 915 fuit,
1320 836 1643 919 loquendo
1674 840 1752 902 de
1796 839 2110 921 sapientia
2142 858 2285 921 quae

794 943 889 997 est
922 955 1118 998 unum
1161 939 1243 1001 de
1280 947 1523 1019 septem
1557 939 1770 1001 donis,
1808 939 2151 1021 Loquendo
2181 957 2286 1000 au-

792 1042 918 1097 tem
952 1036 1031 1097 de
1070 1036 1386 1118 sapientia
1415 1047 1479 1100 et
1510 1036 1800 1114 scientia,
1836 1046 1905 1100 ut
1937 1047 2085 1100 sunt
2117 1038 2286 1100 dona

789 1132 1008 1213 gratiae
1038 1134 1235 1215 gratis
1263 1136 1447 1213 datae,
1485 1145 1549 1198 et
1588 1137 1666 1198 de
1707 1136 2072 1217 cognitione
2102 1146 2285 1199 natu-

792 1231 1019 1293 ralium
1050 1252 1275 1307 rerum,
1296 1233 1589 1297 Salomon
1624 1235 2132 1318 sapientissimus
2163 1233 2286 1298 fuit

792 1331 856 1392 in
906 1330 1168 1413 populo.
1202 1332 1410 1395 Potuit
1448 1351 1701 1415 quoque
1741 1334 1927 1396 istam
1970 1354 2147 1397 suam
2182 1354 2286 1397 ex-

792 1428 1152 1492 cellentiam
1185 1430 1323 1493 sine
1353 1439 1611 1514 peccato
1653 1433 1975 1495 attendere
2013 1452 2087 1496 ac
2132 1432 2286 1496 fate-

794 1526 870 1602 ri,
895 1528 1237 1591 dummodo
1276 1548 1414 1592 eam
1460 1531 1584 1593 Deo
1628 1530 1939 1607 attribuit,
1976 1530 2284 1612 quoniam

793 1643 869 1686 ex
910 1625 1295 1691 revelatione
1334 1626 1553 1689 divina
1592 1627 1779 1691 scivit
1823 1648 1890 1691 se
1922 1647 2060 1691 eam
2093 1628 2286 1691 habe-

796 1742 883 1786 re.
919 1724 1019 1787 Sic
1070 1744 1346 1808 namque
1390 1735 1453 1789 et
1496 1728 1692 1791 David
1732 1736 1909 1807 grata
1946 1747 2021 1790 ac
2050 1728 2281 1790 humili

2394 737 2844 819 afflictionem,
2873 741 3348 819 contritionem,
3376 741 3702 805 tristitiam
3735 762 3892 808 con-

2395 837 2574 920 cipit,
2609 846 2670 901 et
2702 857 2819 921 pro
2849 839 2981 901 suis
3009 839 3185 904 vitiis
3217 860 3284 904 se
3312 840 3572 923 affligit.

2475 940 2570 999 Eo
2599 942 2771 1018 quod
2813 941 2887 999 in
2927 944 3138 1001 multa
3173 942 3521 1017 sapientia,
3555 946 3756 1002 multa
3796 945 3885 1002 sit
4023 948 4094 1003 {8

2394 1037 2768 1113 indiynatio
2799 1056 2822 1096 .·
2857 1036 2922 1097 id
2972 1045 3089 1115 est,
3123 1046 3364 1119 quanto
3412 1038 3559 1120 quis
3607 1039 3882 1121 amplius

2393 1133 2622 1196 crescit
2652 1134 2718 1195 in
2751 1135 3066 1217 sapientia
3105 1155 3254 1200 vera
3292 1144 3355 1200 et
3388 1136 3671 1215 salutari,
3706 1146 3882 1201 tanto

2396 1230 2538 1312 plus
2570 1242 2791 1295 contra
2819 1234 2980 1297 vitia
3020 1234 3411 1315 indignatur,
3455 1244 3518 1299 et
3547 1237 3639 1299 eis
3671 1237 3883 1318 subja-

2392 1349 2536 1393 cere
2563 1330 2988 1410 abominatur,
3024 1332 3174 1415 quia
3201 1333 3588 1398 vilissimum
3617 1344 3679 1399 et
3713 1356 3884 1399 sum-

2393 1447 2495 1492 me
2541 1430 2837 1493 nocivum
2876 1439 2972 1493 est
3015 1431 3248 1512 subjici
3281 1433 3394 1495 eiS.
3433 1437 3517 1496 Ec
3545 1437 3663 1514 qui
3693 1438 3880 1497 addit

2391 1530 2756 1599 scientiam,
2805 1528 2865 1591 id
2917 1538 3034 1606 est,
3090 1531 3200 1611 qui
3259 1531 3489 1594 crescit
3537 1531 3605 1593 in
3650 1534 3876 1597 morali

2392 1627 2703 1703 doctrina,
2739 1630 2928 1689 addit
2953 1638 3013 1689 et
3040 1632 3322 1691 dolorem
3357 1652 3381 1689 .·
3409 1631 3562 1712 quia
3589 1650 3666 1694 ex
3695 1649 3769 1694 ea
3798 1634 3874 1695 ad

2392 1742 2726 1789 moerorem
2781 1726 2859 1789 de
2905 1727 3036 1788 suis
3086 1727 3361 1809 peccatis
3419 1728 3763 1807 inducitur,
3815 1739 3878 1793 et

792 1832 1008 1887 mente
1036 1824 1196 1887 dixit
1226 1826 1305 1888 ad
1334 1825 1675 1889 Dominum
1702 1847 1717 1891 ε
1752 1826 1983 1889 Fecisti
2014 1846 2117 1889 me
2149 1845 2283 1909 spe-
2320 1825 2365 1885 B
2393 1822 2558 1885 mala
2587 1824 3017 1906 proximorum
3043 1844 3117 1888 ac
3140 1826 3361 1887 mundi
3392 1826 3680 1890 miserias
3705 1846 3881 1909 agno-

793 1922 1089 1987 ctabilem
1143 1942 1273 2006 prae
1324 1924 1622 1988 omnibus
1674 1924 2067 1988 hominibus.
2118 1925 2285 2007 Apo-

794 2022 993 2085 stolus
1027 2041 1283 2104 quoque
1313 2041 1328 2085 ε
1363 2022 1485 2086 Νοε
1514 2023 1663 2106 ipsi,
1700 2023 1931 2105 inquit,
1965 2023 2282 2105 primitias

793 2120 1064 2203 Spiritus
1096 2121 1426 2185 habenteS.

870 2223 957 2281 Ec
988 2240 1163 2281 mens
1202 2241 1339 2281 mea
1366 2226 1793 2299 contemplata
1823 2231 1913 2282 est
1941 2226 2150 2282 multa
2185 2242 2288 2281 sa-

782 2322 1041 2398 pienter
1078 2319 1156 2381 de
1194 2319 1319 2382 Deo
1358 2327 1421 2383 et
1462 2319 1791 2397 creaturiS,
1824 2327 1888 2383 et
1923 2321 2002 2383 de
2049 2318 2284 2381 Christi

791 2417 1133 2500 mysteriiS,
1183 2427 1243 2479 et
1290 2421 1502 2479 didici
1544 2440 1568 2479 .·
1602 2419 1757 2501 quia
1804 2439 1880 2482 ex
1932 2418 2148 2481 infusa
2197 2438 2286 2480 sa-

792 2516 1037 2599 pientia
1089 2516 1385 2599 profecit,
1440 2525 1503 2580 et
1559 2518 1889 2581 scientiam
1940 2516 2284 2600 acquisivit

792 2615 1122 2696 maj0rem.
1154 2618 1446 2696 Dedique
1491 2636 1598 2677 cor
1645 2638 1879 2687 meum,
1922 2615 1983 2678 id
2024 2625 2143 2693 est,
2189 2616 2285 2678 in-

792 2714 1116 2776 tellectum
1149 2714 1455 2796 applicui,
1486 2714 1767 2795 rogando
1794 2714 1993 2777 Deum
2033 2732 2150 2797 pro
2189 2734 2286 2777 sa-

791 2812 1036 2895 pientia
1064 2810 1483 2890 infundenda,
1506 2813 1610 2876 vel
1642 2812 2087 2892 investigando
2118 2830 2286 2894 quae-

790 2911 935 2973 dam
982 2909 1219 2991 ignota,
1270 2921 1341 2972 ut
1378 2913 1607 2972 scirem
1649 2912 2097 2989 prudenciam,
2140 2930 2284 2992 quae

2395 1922 2648 1997 scendO,
2695 1930 2885 2003 auget
2916 1922 3042 1986 sibi
3083 1923 3366 1987 dolorem
3405 1933 3468 1987 et
3497 1927 3880 2008 compassio-

2395 2038 2565 2097 nem,
2607 2018 2833 2082 fletum
2865 2029 3058 2102 atque
3099 2022 3444 2084 tristitiam.
3479 2024 3731 2100 lterum,
3763 2024 3880 2099 Qui

2392 2118 2569 2180 addit
2609 2118 2962 2196 scientiam,
2998 2120 3174 2182 addit
3218 2129 3282 2183 et
3322 2122 3630 2199 dolorem,
3669 2124 3730 2185 id
3761 2132 3876 2199 est,

2394 2216 2864 2280 damnationem
2899 2216 3024 2280 sibi
3059 2219 3350 2299 adauget,
3386 2220 3510 2281 nisi
3546 2220 3725 2302 juxta
3762 2221 3882 2285 sci-

2393 2315 2628 2377 entiam
2669 2335 2849 2377 suam
2881 2316 3076 2393 vivat,
3112 2316 3278 2380 sicut
3317 2318 3384 2380 in
3422 2318 3768 2400 Evangelio
3799 2320 3884 2383 lo-

2395 2414 2614 2495 quitur
2641 2413 2931 2478 Christus
2973 2432 2988 2476 :
3033 2415 3265 2478 Servus
3307 2416 3416 2497 qui
3451 2419 3746 2497 cognovit
3783 2438 3885 2483 vo-
3910 2436 4170 2485 Lamum

2395 2512 2698 2575 luntatem
2731 2513 2975 2575 domini
3008 2513 3210 2589 sui,ct
3241 2534 3367 2577 non
3399 2518 3800 2598 praeparavit,
3820 2527 3884 2581 et

2395 2631 2521 2674 non
2556 2610 2707 2673 fecit
2747 2612 3094 2674 secundum
3128 2613 3521 2677 voluntatem
3562 2615 3722 2696 ejuS,
3756 2616 3886 2697 pla·

2393 2710 2489 2791 gis
2520 2708 2851 2791 vapulabit
2880 2710 3121 2773 multis.
3148 2711 3450 2775 Praeterea
3483 2712 3794 2794 sapientia
3823 2721 3886 2777 et

2393 2808 2660 2872 scientia
2708 2808 3060 2888 acquisitae‚
3097 2808 3468 2892 frequenter
3505 2809 3742 2875 inflant
3781 2814 3885 2876 ha·

2393 2909 2648 2973 bentem
2684 2928 2698 2973 ε
2741 2908 2964 2988 sicque
3010 2908 3254 2971 faciunt
3300 2928 3447 2972 eum
3490 2929 3760 2993 pronum
3805 2914 3885 2975 ad

788 3016 887 3071 est
917 3015 1086 3071 recta
1118 3008 1277 3071 ratio
1312 3008 1666 3089 agibilium,
1702 3017 1765 3071 et
1806 3009 1990 3072 docet
2030 3009 2184 3089 quid
2220 3017 2283 3071 et
2318 3006 2362 3069 C
2395 3008 2854 3089 indignandum
2906 3007 3029 3085 his,
3069 3008 3180 3089 qui
3229 3007 3416 3070 aliter
3454 3018 3650 3088 agunt
3690 3029 3882 3091 quam

788 3106 1065 3190 qualiter
1085 3106 1169 3169 sit
1196 3108 1703 3189 agendum,quid
1738 3107 1893 3171 item
1926 3107 2277 3181 vitandum,

788 3218 979 3286 atque
1014 3208 1381 3267 doctrinam
1420 3206 1750 3283 moralem,
1784 3226 1898 3269 seu
1935 3206 2096 3287 legis
2125 3206 2284 3269 divi-

790 3323 889 3367 nae
938 3304 1252 3381 notitiam,
1285 3326 1654 3385 erroresque
1690 3314 1749 3365 ec
1798 3306 2175 3377 stultitiam,
2218 3304 2284 3366 id

791 3411 908 3479 est,
942 3421 1187 3465 errores
1234 3402 1485 3466 veritati
1535 3404 1913 3481 contrariOS,
1964 3411 2027 3466 et
2075 3402 2282 3465 stulti·

792 3502 943 3564 tiam
977 3502 1307 3583 sapientiae
1344 3504 1725 3585 oppositam,
1768 3504 1943 3567 volui
1986 3503 2172 3580 scire,
2204 3503 2282 3564 ad

793 3604 1120 3667 vitandum
1172 3610 1235 3665 et
1283 3602 1749 3684 reprobandum
1814 3621 1943 3680 ροε,
1996 3602 2104 3685 qui
2159 3601 2281 3664 nisi

790 3710 1378 3781 agnoscantur,non
1411 3701 1752 3765 evitantur.
1777 3702 2010 3763 Eadem
2046 3708 2278 3778 tamen,

792 3800 1140 3863 secundum
1183 3798 1660 3881 Philosophum,
1694 3809 1791 3862 cst
1830 3799 2098 3862 scientia
2138 3816 2285 3863 con-

793 3899 1153 3961 trariorum.
1186 3900 1273 3960 Ec
1300 3900 1541 3975 aqnovi
1583 3917 1697 3980 per
1724 3898 2184 3980 experientiam
2217 3897 2282 3959 in

791 4016 894 4060 me
924 3996 1083 4078 ipso,
1108 3999 1278 4075 quod
1308 3998 1377 4057 in
1408 3996 1510 4056 his
1540 4016 1786 4076 quoque
1812 4006 1965 4057 esset
1996 3998 2201 4067 labor,
2225 4006 2284 4057 et

792 4096 1055 4172 afflictio
1081 4095 1377 4171 spiritus,
1410 4093 1823 4156 Laboriosum
1851 4094 2022 4156 enim
2066 4101 2162 4156 est
2197 4093 2284 4155 ita

2393 3107 2516 3169 sibi
2557 3106 2784 3189 placet.
2821 3106 2979 3179 Quia
3020 3107 3160 3170 vult
3197 3107 3479 3189 reputari
3516 3116 3580 3170 et
3616 3109 3884 3172 honora-

2393 3207 2469 3281 ri,
2504 3206 2744 3269 idcirco
2788 3205 3158 3286 indignatur
3191 3206 3306 3283 eiS,
3342 3225 3379 3268 a
3420 3206 3655 3289 quibus
3703 3218 3883 3291 putat

2393 3325 2460 3368 sc
2499 3304 2681 3387 parvi
2733 3304 2951 3386 pendi.
2984 3304 3162 3366 Unde
3201 3322 3278 3367 ex
3325 3304 3760 3385 indignatione
3808 3327 3880 3371 ac

2395 3402 2791 3485 impatientia
2839 3402 3112 3466 incurrit
3165 3401 3474 3481 dolorem,
3527 3404 3591 3466 id
3640 3413 3738 3467 est.
3789 3404 3881 3467 af-

2395 3499 2747 3565 flictionem
2801 3500 3192 3578 interiorem,
3228 3510 3291 3564 et
3337 3502 3715 3566 anxietatem
3755 3505 3880 3567 dis-

2394 3599 2892 3682 plicentiamque
2925 3600 3311 3663 turbantem.
3335 3598 3575 3673 Quibus
3604 3603 3876 3667 miseriis

2393 3705 2657 3775 careret,
2691 3698 2741 3759 si
2776 3705 2942 3760 esset
2983 3696 3248 3759 humilis
3277 3717 3350 3761 ac
3390 3698 3660 3782 patienS,
3695 3708 3760 3763 et
3789 3721 3878 3763 sa-

2393 3796 2700 3879 pientiam
2730 3813 2873 3877 quae
2901 3796 3138 3859 donum
3167 3803 3284 3871 est,
3304 3797 3688 3877 possideret:
3709 3799 3880 3880 quia,

2396 3904 2464 3957 ut
2488 3893 2812 3977 apostolus
2847 3892 3116 3957 Iacobus
3157 3900 3442 3969 testatur,
3477 3893 3623 3968 Quae
3661 3897 3878 3960 desur-
3942 3916 4152 3961 meam.

2393 4013 2533 4056 sum
2563 4000 2660 4055 est
2685 3992 3018 4075 sapientia,
3041 3991 3316 4074 primum
3357 3994 3616 4075 quidem
3651 3996 3880 4076 pudica
3911 3983 3975 4023 ¹⁷·

2393 4100 2508 4167 est,
2544 4090 2776 4154 deinde
2803 4088 3078 4173 pacifica
3103 4098 3168 4152 et
3196 4091 3500 4153 modesta.
3535 4091 3874 4171 Postrem0,

793 4193 1049 4256 studere
1077 4200 1268 4273 atque
1300 4190 1635 4274 proficere,
1656 4193 1810 4274 quia
1838 4192 1939 4272 (ut
1971 4191 2284 4254 aitPhilo-
2314 4194 2364 4256 D
2395 4191 2458 4252 in
2492 4190 2696 4253 multa
2736 4189 3070 4272 sapientia,
3108 4188 3312 4251 multa
3343 4199 3439 4253 est
3469 4190 3823 4273 indignatio
3860 4211 3875 4255 :

794 4291 1061 4372 sophus)
1090 4308 1193 4351 ars
1223 4297 1285 4352 et
1316 4289 1517 4353 virtus
1556 4297 1706 4352 sunt
1746 4290 1915 4353 circa
1953 4287 2279 4352 difficilia.

795 4389 909 4451 Per
941 4387 1059 4450 hoc
1090 4406 1367 4469 quoque,
1403 4388 1570 4469 quod
1603 4387 1793 4451 homo
1834 4387 2111 4469 acquirit
2141 4406 2287 4469 pru-

796 4486 1075 4550 dentiam
1116 4495 1180 4549 et
1209 4486 1585 4563 doctrinam,
1618 4485 1905 4566 agnoscit
1944 4485 2043 4547 sui
2084 4484 2285 4568 ipsius

2392 4288 2696 4370 quoniam
2752 4288 2854 4350 his
2913 4286 3024 4369 qui
3085 4287 3357 4350 multum
3414 4290 3646 4352 eruditi
3706 4301 3875 4369 sunt,

2393 4386 2556 4448 Deus
2603 4384 2979 4465 gravissime
3026 4382 3412 4464 indignatur,
3465 4386 3516 4448 si
3578 4405 3770 4468 prave
3817 4396 3882 4449 et

2394 4483 2916 4565 inexemplariter
2946 4490 3422 4546 conversentur.
