4284 6267
836 457 953 522 126
1491 474 1842 524 mammo
1886 473 1948 521 m
1989 473 2127 522 cn.
2175 473 2282 522 xix
2323 475 2805 524 rnovsnmonmr.
2851 495 2930 506 ——
2971 477 3113 525 Amr.
3159 476 3266 526 m

830 645 1186 710 cabiliores.
1202 646 1347 711 Ideo
1375 647 1555 728 juxta
1583 645 2020 710 diversitatem
2052 645 2330 728 comple·
2360 646 2409 708 A
2439 647 2774 725 ritualiter,
2809 647 2908 710 vir
2936 648 3295 712 amicabilis
3323 650 3401 712 ad
3431 648 3819 726 societatem,
3855 649 3925 711 id

829 745 1391 819 xionum,diversis
1418 745 1653 808 diversi
1686 744 2097 810 conveniunt.
2118 746 2210 808 Ad
2234 764 2330 807 ve-
2438 753 2533 807 est
2558 746 2948 828 quicumque
2971 747 3230 827 gentilis
3253 766 3610 824 conversus,
3629 747 3694 810 in
3720 747 3930 810 Eccle-

831 862 964 905 ram
1008 851 1217 906 autem
1253 843 1603 907 amicitiam
1636 853 1700 907 et
1740 843 2106 906 societatem
2136 844 2330 906 hone·
2438 843 2534 905 sia
2562 842 2834 924 pacifice
2865 845 3111 922 vivenS,
3145 847 3347 928 magis
3377 847 3620 910 amicus
3647 854 3711 909 et
3739 866 3928 910 carus

828 950 990 1004 stam
1007 942 1237 1018 (Tullio
1262 945 1671 1016 contestante)
1685 941 1748 1005 id
1776 941 2057 1024 pertinet,
2076 949 2145 1004 ut
2172 960 2326 1003 unus
2437 949 2534 1004 est
2574 942 2844 1022 Christo,
2877 952 3069 1026 atque
3106 944 3424 1027 Apostolis
3459 964 3535 1008 ex
3565 944 3928 1008 Judaeorum

828 1041 909 1103 ab
946 1042 1075 1105 alio
1116 1041 1209 1103 nil
1252 1050 1439 1124 turpe
1477 1051 1588 1103 aut
1629 1041 1932 1104 indecens
1973 1048 2171 1121 roget,
2208 1059 2325 1103 nec
2438 1041 2743 1123 progenie
2773 1042 2961 1120 natiS,
2996 1062 3188 1126 quam
3220 1043 3438 1120 frater,
3477 1043 3538 1106 id
3567 1053 3664 1106 est
3697 1043 3928 1106 infido-

829 1139 989 1203 alter
1019 1148 1280 1223 propter
1310 1141 1581 1204 alterum
1616 1140 1739 1202 tale
1769 1139 1922 1223 quid
1960 1137 2172 1202 faciat.
2193 1138 2326 1221 Spi-
2440 1140 2522 1202 lis
2553 1140 2807 1204 Judaeus
2841 1160 2917 1204 ex
2952 1143 3173 1206 eadem
3212 1142 3411 1225 stirpe
3445 1143 3836 1225 progenitus.

1914 1570 2561 1657 ARTICULUS
2635 1571 2842 1656 XIX
2961 1619 2970 1629 ·

1105 1849 1485 1897 DEGLARATIo
1528 1839 1815 1895 CAPITULI‘
1850 1845 2208 1893 Nomnncmt
2254 1846 2267 1890 :
2313 1846 2538 1892 Menon
2580 1846 2689 1893 EST
2729 1847 2970 1894 PAUPER
3011 1847 3110 1902 0111
3153 1847 3458 1910 AHBULAT,
3503 1849 3634 1894 Ere.

986 2135 1257 2196 ELIOR
1298 2141 1387 2192 est
1416 2151 1671 2210 pauper
1715 2130 1779 2192 in
1826 2125 2316 2209 temporalibus,
2358 2121 2404 2183 B
2433 2134 2567 2188 rate
2609 2145 2676 2189 se
2707 2125 2898 2190 habet
2932 2126 2997 2189 in
3039 2127 3246 2206 factiS,
3280 2128 3430 2210 quia
3471 2129 3735 2196 affectio
3771 2133 3918 2197 talis

1011 2235 1129 2312 qut·
1166 2234 1458 2292 ambulat
1492 2233 1562 2291 in
1605 2230 2023 2306 simplicitate
2060 2247 2184 2287 sua
2222 2243 2322 2289 co-
2431 2225 2740 2288 rationem
2792 2237 3081 2291 excaecat.
3132 2228 3370 2294 Idcirco
3417 2229 3704 2294 hortatur
3752 2232 3918 2315 Apo-

827 2333 1140 2408 lumbina,
1176 2331 1316 2393 sine
1356 2329 1524 2405 dolo,
1552 2327 1961 2390 simulatione
2001 2333 2064 2387 et
2105 2325 2322 2404 singu·
2432 2325 2671 2388 stolus:
2705 2325 2930 2389 Omnia
2971 2328 3270 2391 decenter
3313 2336 3377 2390 et
3419 2331 3766 2393 secundum
3817 2351 3910 2395 or-
3971 2351 4244 2402 icarum,

827 2431 1077 2494 laritate
1107 2430 1393 2492 serviens
1424 2428 1571 2502 Deo,
1608 2446 1805 2506 quam
1842 2427 2021 2485 dives
2059 2423 2126 2485 in
2172 2431 2324 2485 tem·
2433 2423 2647 2486 dinem
2688 2423 2852 2487 fiant
2900 2425 2967 2488 in
3008 2425 3214 2489 vobis,
3247 2426 3424 2490 Unde
3468 2437 3530 2491 et
3573 2428 3811 2494 Seneca
3849 2431 3917 2493 in
3946 2417 4029 2460 ⁴⁰·

546 2835 610 2879 Ic.
628 2850 677 2879 ιν

826 2529 1176 2613 poralibuS,
1232 2539 1527 2607 torquens
1577 2527 1749 2586 labia
1790 2544 1937 2594 sua,
1980 2523 2044 2586 id
2094 2530 2191 2584 est
2246 2541 2322 2585 ex

826 2629 1100 2692 elatione
1158 2647 1270 2690 seu
1329 2625 1599 2689 aliorum
1659 2630 2059 2705 contemptu,
2121 2619 2323 2684 defle—

826 2738 1003 2792 ctens
1055 2734 1120 2789 et
1164 2725 1547 2790 contrahens
1598 2742 1693 2785 ea.
1726 2722 1909 2784 Juxta
1955 2721 2125 2802 quod
2170 2719 2323 2782 scri-

679 2850 735 2887 ιιι,
783 2835 1005 2911 -ptum
1063 2833 1161 2889 est
1212 2843 1225 2888 :
1285 2822 1605 2904 Numquid
1671 2820 1833 2901 elegi
1893 2828 2320 2901 contorquere

825 2925 1007 3007 quasi
1049 2922 1363 2988 circulum
1400 2927 1593 3002 caput
1632 2937 1841 2996 suum,
1877 2927 1937 2981 et
1970 2936 2224 2980 saccum
2257 2925 2319 2979 et

822 3024 1103 3087 cinerem
1134 3021 1453 3083 sternere?
1486 3017 1927 3100 spiritualiter,
1961 3016 2190 3079 melior
2223 3024 2319 3078 est

822 3141 1085 3206 pauper,
1121 3121 1186 3183 id
1230 3127 1326 3182 est
1365 3117 1561 3181 idiota
1596 3125 1661 3180 et
1702 3115 1949 3180 modice
1998 3114 2311 3191 erudi'tuS,

822 3221 1159 3285 ambulans
1212 3219 1277 3280 in
1336 3215 1764 3298 simplicitate,
1819 3215 1882 3277 id
1933 3223 2031 3277 est
2085 3214 2314 3277 vivens

2433 2523 2564 2585 suis
2593 2522 2951 2586 Proverbiis
2979 2542 2992 2586 ε
3028 2525 3198 2588 Nihil
3231 2526 3496 2590 rationis
3523 2537 3641 2604 est,
3675 2528 3786 2591 ubi
3823 2549 3920 2593 se-

2430 2622 2557 2684 mel
2605 2620 2882 2686 affectus
2929 2623 3240 2687 adductus
3287 2634 3404 2689 est.
3440 2625 3712 2710 Cyrillus
3761 2647 3922 2710 quo-

2430 2739 2556 2801 que
2585 2720 2793 2802 primo
2824 2721 3303 2786 proverbiorum
3336 2743 3596 2788 suorum
3627 2725 3829 2790 libro:
3850 2727 3916 2789 ln

2429 2819 2752 2897 omnibuS,
2780 2819 3013 2902 inquit,
3047 2821 3336 2884 ordinata
3363 2822 3673 2902 gravitate
3704 2843 3922 2907 proce·

2430 2919 2530 2980 de.
2567 2917 2658 2980 An
2702 2917 2956 3000 ignoras
2996 2920 3168 3001 quod
3205 2921 3480 3003 perditio
3519 2922 3848 2988 derivetur
3883 2945 3922 2986 a

2432 3017 2592 3099 pede
2629 3018 2792 3081 cito?
2839 3017 3124 3082 Mortalia
3169 3038 3443 3102 namque
3491 3031 3719 3085 cuncta
3769 3031 3919 3086 sunt

2429 3115 2619 3196 plena
2647 3114 2971 3196 periculiS.
3005 3115 3181 3178 Unde
3213 3116 3453 3199 ubique
3488 3126 3740 3200 oportet
3767 3139 3914 3183 cum

2427 3213 2736 3294 gravitate
2782 3215 3146 3296 procedere,
3191 3223 3260 3277 ut
3309 3217 3516 3297 possis
3564 3217 3710 3282 dato
3758 3220 3918 3300 pede

823 3321 1172 3384 secundum
1222 3336 1295 3380 ea
1343 3333 1484 3396 quae
1536 3313 1715 3376 novit
1762 3331 1901 3376 esse
1945 3313 2190 3394 agenda
2241 3332 2315 3376 ac
2355 3309 2400 3373 C
2428 3330 2578 3388 uno,
2613 3311 2724 3374 ubi
2775 3312 3191 3394 porrigendus
3233 3312 3317 3375 sit
3369 3313 3528 3377 alter
3577 3316 3919 3381 salubriter

823 3418 1141 3493 evitanda,
1175 3433 1366 3497 quam
1401 3414 1601 3489 diveS,
1628 3412 1690 3475 id
1723 3420 1819 3475 est
1850 3411 2220 3492 ingeniosus
2251 3419 2316 3474 et

823 3515 1171 3601 plurimum
1204 3511 1513 3588 erudituS‚
1548 3518 1848 3591 torquens
1883 3508 2051 3572 labia
2089 3529 2224 3586 sua,
2252 3509 2315 3572 id

825 3624 922 3680 est
962 3615 1041 3678 ad
1085 3609 1541 3695 proferendum
1585 3627 1767 3686 vana,
1804 3615 2316 3691 praesumptuosa

828 3715 961 3777 sive
989 3710 1307 3786 haeretica,
1328 3727 1401 3772 ea
1431 3709 1839 3789 detorquens
1867 3709 1951 3768 Et
1982 3707 2321 3786 insipiem.

828 3813 996 3875 Talis
1034 3809 1269 3873 etenim
1321 3807 1489 3870 dono
1528 3804 1856 3886 sapientiae
1894 3813 2085 3880 caret,
2122 3813 2187 3867 et
2223 3813 2320 3868 est

828 3909 1113 3973 mortalis
1144 3906 1386 3989 peccati
1420 3902 1691 3966 stultitia
1727 3902 2071 3966 involutuS.

920 4009 1038 4071 Ubi
1065 4027 1193 4068 non
1222 4014 1311 4065 est
1337 4004 1611 4064 scientia
1642 4004 1903 4071 animoe,
1924 4001 1987 4064 id
2029 4010 2126 4065 cst
2171 4021 2318 4065 vera

828 4117 891 4172 et
921 4103 1271 4189 spiritualis
1304 4100 1591 4177 scientia,
1624 4119 1769 4182 quae
1806 4108 1901 4162 est
1931 4100 2316 4179 donum,vel

828 4205 1056 4270 notitia
1085 4207 1569 4286 praeceptorum,
1594 4207 1656 4262 et
1683 4217 1901 4262 eorum
1932 4218 2077 4281 quae
2106 4219 2321 4264 neces-

829 4304 995 4368 saria
1024 4309 1174 4366 sunt
1209 4301 1289 4363 ad
1328 4299 1629 4378 salutem3
1681 4319 1809 4360 non
1839 4309 1927 4360 est
1958 4302 2219 4371 bonum,
2252 4299 2314 4362 id

828 4411 925 4467 est
973 4400 1215 4484 aliquid
1263 4397 1692 4476 meritorium3
1744 4417 1861 4461 nec
1911 4404 2120 4480 potest
2170 4399 2317 4478 quis

2427 3409 2782 3492 providere.
2816 3411 3265 3475 Verumtamen
3303 3413 3384 3476 ad
3426 3413 3732 3478 virtutum
3776 3423 3917 3499 spe'-

2427 3518 2554 3572 ctat
2612 3507 3093 3591 perfectionem,
3145 3510 3396 3590 agiliter
3441 3521 3504 3575 et
3561 3511 3909 3595 ferventer,

2425 3609 2716 3690 expedite
2745 3617 2934 3691 atque
2958 3607 3262 3672 velociter
3285 3628 3360 3673 ea
3389 3630 3533 3692 quae
3567 3611 3734 3675 bona
3763 3624 3914 3678 sunt

2427 3708 2748 3790 prosequi,
2793 3709 2958 3772 sicut
3007 3717 3068 3771 et
3116 3706 3286 3772 infra
3335 3709 3606 3774 habetur
3637 3712 3912 3777 :Vidisti
3953 3733 4231 3782 Procax-1.

2426 3806 2750 3870 hominem
2801 3806 3084 3870 velocem
3135 3806 3200 3868 in
3251 3826 3443 3891 opere
3489 3812 3644 3872 suo?
3687 3810 3912 3874 Coram
3942 3797 4012 3839 ²⁹·

2427 3905 2682 3986 regibus
2711 3903 2922 3968 stabit.
2959 3904 3322 3968 Aristoteles
3353 3925 3609 3988 quoque
3642 3909 3708 3972 in
3743 3909 3914 3971 Ethi-

2426 4004 2518 4067 cis
2551 4005 2641 4067 ait
2676 4023 2690 4066 :
2722 4004 2981 4086 Oportet
3009 4022 3260 4068 morose
3291 4005 3638 4083 consiliari,
3664 4016 3728 4070 et
3759 4026 3912 4072 con·

2427 4102 2635 4165 siliata
2690 4103 2992 4166 velociter
3059 4103 3384 4185 prosequi.
3443 4103 3564 4168 Sed
3630 4106 3764 4170 haec
3823 4109 3903 4172 de

2426 4201 2715 4264 ordinata
2753 4209 2816 4264 et
2851 4200 3214 4283 sapientiali
3255 4202 3591 4266 velocitate
3631 4214 3781 4267 sunt
3815 4207 3913 4268 in-

2427 4298 2792 4380 telligenda.

2535 4399 2841 4460 Stultitia
2900 4399 3184 4460 hominis
3239 4403 3608 4478 supplantat
3661 4421 3914 4480 yressus

828 4503 1043 4567 vivere
1085 4501 1387 4576 virtuose,
1421 4495 1545 4558 nisi
1588 4497 1747 4560 sciat
1792 4498 1873 4559 ad
1913 4515 2055 4578 quae
2105 4504 2318 4560 tenea-
2349 4501 2400 4562 D
2425 4498 2618 4575 ejus:
2655 4496 2720 4560 id
2760 4505 2877 4573 est,
2916 4495 3289 4579 insipientia
3325 4499 3560 4576 cordiS,
3596 4500 3918 4566 inordina-

828 4610 933 4665 tur
967 4621 981 4666 :
1010 4600 1136 4662 imo
1168 4616 1285 4660 nec
1323 4603 1531 4679 potest
1559 4603 1859 4678 appetere
1898 4594 2163 4674 bonum,
2189 4596 2316 4659 nisi

826 4701 1045 4782 aliquo
1102 4697 1291 4761 modo
1347 4694 1697 4776 cognitum,
1741 4713 1941 4775 quum
1990 4693 2314 4775 objectum

828 4795 1175 4865 voluntatis
1224 4794 1307 4857 sit
1354 4793 1594 4856 bonum
1643 4792 2062 4868 intellectum,
2110 4793 2176 4855 id
2224 4802 2321 4856 est

828 4893 1347 4962 intellectualiter
1384 4891 1855 4975 apprehensum
1901 4910 2012 4953 seu
2064 4899 2311 4955 notum.

825 4997 969 5060 Ideo
997 4993 1223 5059 asserit
1243 4990 1633 5072 Augustinus
1668 5010 1681 5053 :
1718 4990 1933 5070 Ignota
1960 4989 2158 5052 amari
2191 5009 2316 5054 non

825 5103 1092 5178 queunt.
1130 5095 1213 5156 Et
1242 5092 1358 5171 qui
1384 5090 1663 5166 festinus
1690 5098 1798 5160 est,
1824 5090 2095 5165 pedibus
2124 5093 2320 5168 offen-

823 5197 927 5256 dit
968 5214 991 5253 :
1045 5192 1110 5254 id
1168 5195 1285 5266 est,
1338 5186 1697 5250 inordinate
1744 5185 2000 5250 fervens
2063 5186 2129 5250 in
2183 5187 2316 5250 suis

825 5289 1193 5366 affectibus,
1223 5285 1356 5370 agit
1385 5284 1877 5368 praecipitanter,
1910 5295 1975 5349 et
2002 5285 2314 5352 immode-

2429 4602 2512 4671 ta,
2546 4595 2774 4659 vitiosa
2819 4603 2884 4658 et
2929 4594 3161 4658 stolida
3197 4614 3390 4678 opera
3433 4599 3600 4679 parit
3633 4618 3648 4662 :
3684 4618 3828 4680 quae
3878 4621 3916 4664 a

2429 4695 2825 4758 daemonibus
2865 4693 3379 4777 supplantantur,
3416 4705 3480 4759 et
3521 4717 3560 4760 a
3606 4699 3914 4780 proximis

2427 4800 2953 4874 contemnuntur3
2983 4803 3042 4853 et
3063 4805 3284 4856 contra
3304 4798 3514 4856 Deum
3542 4798 3750 4873 fervet
3775 4802 3916 4860 ani-

2426 4914 2528 4954 mo
2555 4913 2670 4954 suo
2701 4913 2723 4953 .·
2755 4892 2818 4955 id
2857 4901 2973 4970 est,
3011 4891 3323 4975 insipiens
3373 4901 3438 4955 et
3486 4893 3748 4976 iniquus
3798 4895 3918 4959 im-

2427 4992 2729 5074 pietatem
2757 5010 2936 5053 suam
2979 4991 3046 5053 in
3084 4991 3278 5055 Deum
3319 4999 3663 5074 retorquet,
3695 5004 3810 5058 aut
3847 4995 3914 5058 in

2425 5088 2842 5171 blasphemiae
2882 5087 3073 5152 verba
3111 5089 3493 5171 prorumpit,
3524 5090 3704 5171 juxta
3753 5092 3912 5157 illud

2427 5188 2493 5250 in
2542 5187 2787 5250 Psalmo
2822 5186 3173 5261 :Quoniam
3209 5187 3695 5254 declinaverunt
3735 5189 3803 5252 in
3851 5200 3914 5255 te
3956 5213 4127 5264 Pan.
4151 5217 4224 5259 ιι.

3741 5287 3910 5364 Qnid
3955 5311 4220 5365 Ichana.

2422 5285 2614 5350 mala.
2663 5284 2841 5348 Unde
2887 5285 2956 5346 in
2995 5283 3113 5348 Job
3158 5284 3468 5368 scriptum
3519 5296 3617 5350 est
3673 5305 3688 5350 ε

4065 4416 4103 4471 3
