4284 6267
1010 523 1361 570 malumno
1404 523 1467 568 IN
1510 523 1648 569 GAP.
1695 521 1801 568 XVI
1842 520 2326 569 Pnovnnmonmt.
2375 541 2454 554 —·
2496 525 2638 570 ΛΒΤ.
2685 525 2789 571 xvl

3328 505 3446 573 109

329 690 402 770 gi
448 690 559 771 da3
602 691 718 773 qui
767 693 944 757 solus
986 694 1239 759 videtur
1283 695 1349 756 in
1386 693 1630 778 judicio
1683 711 1845 755 nun·
1876 692 1925 754 Α
1958 702 2074 770 est,
2116 695 2384 758 thronus
2426 696 2613 777 regiS,
2646 704 2708 760 et
2754 697 2890 779 ejus
2937 696 3282 761 auctoritas
3331 715 3444 759 seu

331 809 533 869 quam
579 810 829 871 errare3
864 793 932 854 in
980 794 1166 875 cujus
1214 812 1323 856 ore
1365 801 1463 856 est
1509 791 1841 868 divinatio,

332 888 495 969 quia
528 907 659 952 non
688 891 899 952 solum
941 891 1160 971 dirigit
1198 892 1394 956 verba
1435 901 1497 954 et
1539 891 1706 954 sacta
1744 911 1847 952 su-

336 1004 527 1049 orum
578 986 900 1066 fidelium,
952 990 1063 1052 sed
1111 998 1172 1052 et
1220 990 1457 1052 divinis
1508 989 1846 1071 gentilium

341 1085 670 1148 interdum
738 1088 1020 1150 ostendit
1079 1087 1237 1170 quid
1305 1088 1847 1168 interrogantibus

338 1183 621 1246 debeant
662 1187 1073 1268 respondere,
1123 1195 1192 1248 ut
1238 1187 1445 1270 primo
1490 1187 1728 1266 Regum
1770 1185 1848 1247 de

84 1298 312 1353 magma-
341 1281 587 1345 divinis
617 1283 1083 1347 Philistaeorum
1124 1285 1416 1362 habetur,
1449 1285 1562 1367 qui
1600 1283 1850 1367 aptissi-

72 1364 105 1402 a.
342 1401 449 1444 me
494 1383 969 1465 responderunt
1015 1383 1291 1465 qualiter
1336 1403 1483 1447 arca
1529 1383 1638 1446 Dei
1682 1390 1850 1446 esset

344 1479 755 1544 remittenda.

160 1587 213 1641 Η
424 1582 702 1640 Pondus
729 1589 793 1640 et
818 1590 1057 1642 statera
1074 1581 1347 1658 judicia
1371 1582 1642 1642 Domini
1669 1589 1846 1648 sunt,

344 1676 407 1738 id
440 1683 562 1753 est,
596 1678 725 1741 Deo
767 1687 919 1740 sunt
959 1678 1194 1761 placita
1238 1679 1523 1761 pondera
1560 1679 1751 1760 justa,
1787 1685 1851 1740 et

343 1774 532 1855 justae
570 1783 844 1854 staterae,
880 1796 953 1839 ac
992 1776 1501 1840 mensurationes
1535 1796 1648 1840 seu
1693 1795 1850 1858 pon-

1956 792 2378 874 praesidentia,
2420 814 2533 878 per
2578 796 2889 876 justitiam
2942 796 3293 872 roboratur,
3335 815 3446 857 au-

1959 892 2361 971 thenticatur‚
2393 903 2454 956 et
2494 904 2854 976 perseverat
2899 895 2967 957 in
3011 895 3303 977 posteriS.
3337 894 3445 957 Se·
3470 917 3735 970 ecclam-1.

1956 991 2067 1054 des
2125 992 2298 1053 enim
2359 993 2590 1055 ducum
2653 994 3076 1075 superborum
3134 992 3447 1056 destruxit

1957 1089 2141 1166 Deus,
2191 1099 2260 1152 ut
2311 1090 2376 1152 in
2425 1091 2871 1155 Ecclesiastico
2923 1091 3171 1172 fertur3
3227 1098 3440 1172 atque,

1962 1196 2030 1249 ut
2066 1189 2290 1250 asserit
2329 1189 2743 1270 AugustinuS,
2777 1190 2838 1252 Si
2883 1190 3141 1254 tollatur
3168 1190 3440 1272 justitia,

1958 1284 2109 1366 quid
2155 1293 2303 1348 sunt
2343 1304 2535 1366 regna
2574 1287 2698 1348 nisi
2737 1287 3070 1350 latrocinia
3109 1289 3385 1366 magna?

2056 1387 2362 1445 Voluntas
2413 1405 2662 1463 reyum,
2714 1386 2792 1448 de
2840 1385 3077 1467 quibus
3127 1404 3296 1448 nunc
3345 1385 3443 1446 di·
3571 1401 3638 1456 13

1958 1491 2131 1544 ctum
2161 1491 2280 1560 est,
2317 1492 2468 1545 sunt
2501 1486 2674 1545 labia
2687 1487 2877 1563 justa
2899 1507 2921 1545 .·
2953 1485 3015 1547 id
3043 1493 3162 1563 est,
3195 1485 3308 1566 qui
3338 1503 3449 1546 ve-

1960 1601 2028 1643 ra
2067 1590 2129 1644 et
2159 1582 2328 1663 justa
2369 1581 2740 1663 loquuntur,
2775 1591 3090 1647 testantur
3124 1592 3185 1647 et
3225 1591 3442 1664 agunt,

1956 1681 2148 1762 justis
2196 1680 2450 1761 regibus
2499 1682 2775 1763 placent.
2831 1685 2959 1752 Qui
2995 1691 3192 1754 recta,
3238 1683 3302 1744 id
3351 1690 3449 1744 est

1960 1797 2133 1857 vera,
2163 1778 2353 1860 justa,
2404 1779 2707 1856 salubria,
2743 1783 3030 1860 loquitur
3067 1801 3146 1844 ex
3179 1780 3443 1859 affectu,

346 1873 713 1937 derationes
744 1894 889 1956 quae
921 1874 1092 1938 liunt
1116 1895 1263 1939 cum
1294 1877 1409 1938 eis.
1433 1875 1570 1953 Vel,
1597 1874 1847 1938 Pondus
1886 1883 1931 1944 Β
1957 1879 2287 1955 diriyecur
2313 1898 2349 1940 a
2379 1878 2618 1961 Spiritu
2658 1879 2887 1942 Sancto
2924 1879 2989 1941 in
3020 1880 3190 1942 viam
3223 1880 3447 1942 salutis

346 1981 411 2034 et
457 1980 697 2035 statera
750 1973 993 2054 judicia
1039 1973 1170 2051 Dei,
1223 1974 1527 2056 quoniam
1577 1973 1739 2036 Deus
1782 1973 1845 2034 in

83 2087 313 2142 summ.
346 2089 463 2133 sua
490 2072 809 2153 sapientia
840 2072 1161 2136 ordinavit
1201 2073 1497 2137 universa
1537 2071 1747 2136 facere
1780 2071 1846 2134 in

348 2187 641 2244 numero,
694 2172 979 2253 pondere
1024 2180 1090 2234 et
1148 2191 1467 2234 mensura.
1518 2173 1606 2233 Ec
1652 2192 1847 2250 opera

346 2269 509 2345 eju-5,
546 2289 767 2328 omnes
804 2269 1055 2345 lapides
1099 2272 1348 2340 soeculi,
1378 2269 1441 2332 id
1481 2277 1578 2332 est
1625 2286 1847 2332 omnes

347 2365 557 2442 electi,
590 2365 706 2448 qui
739 2374 1041 2448 tanquam
1072 2367 1315 2450 lapides
1336 2367 1491 2444 vivi,
1518 2375 1844 2450 ponuntur

351 2484 517 2528 nunc
561 2465 631 2527 in
673 2464 957 2528 aedificio
1002 2465 1339 2528 militantis
1392 2466 1693 2529 Ecclesiae
1733 2483 1847 2547 per

352 2562 549 2626 sidem
602 2572 665 2627 et
714 2563 1071 2639 caritatem,
1125 2564 1355 2627 deinde
1414 2563 1481 2627 in
1530 2572 1848 2626 structura

352 2661 652 2724 Ecclesiae
682 2663 1139 2745 triumphantis
1170 2682 1285 2746 per
1317 2662 1685 2726 beatificam
1722 2660 1849 2723 fru-

350 2759 639 2824 itionem.
680 2760 787 2822 lsti
819 2769 969 2822 sunt
1004 2780 1199 2843 opera
1237 2761 1370 2838 Dei,
1405 2761 1557 2843 quia
1591 2781 1705 2844 per
1746 2779 1849 2822 su-

352 2859 787 2940 pernaturalia
817 2861 985 2922 dona
1013 2859 1269 2942 pietatis
1306 2879 1378 2924 ac
1415 2860 1636 2940 gratiae
1677 2859 1842 2941 ejus,

352 2958 793 3038 perducuntur
832 2960 913 3022 ad
943 2959 1085 3036 ista,
1122 2978 1250 3022 non
1285 2959 1532 3024 viribus
1572 2959 1724 3021 suis.
1763 2957 1849 3020 De

1958 1984 2230 2052 aeternae,
2266 1985 2329 2038 et
2358 1995 2471 2058 per
2500 1976 2694 2040 verba
2723 1997 2796 2040 ac
2824 1996 3015 2060 opera
3044 1977 3196 2040 talia
3226 1979 3304 2041 ad
3342 1978 3450 2041 be-

1956 2074 2332 2136 atitudinem
2379 2083 2550 2138 recto
2581 2074 2810 2139 itinere
2848 2077 3254 2158 perducetur.
3289 2077 3449 2140 Con-

1957 2179 2054 2235 tra
2085 2174 2255 2254 quod
2285 2172 2716 2256 aitPropheta
2748 2192 2762 2236 :
2799 2174 2911 2238 Vir
2947 2175 3278 2257 linguosus
3313 2194 3441 2239 non
3489 2207 3550 2250 p,
3554 2221 3736 2260 ‚‚‚‚‚‚‚‚

1955 2270 2266 2352 dirigetur
2294 2271 2361 2333 in
2394 2280 2580 2335 terra.
2613 2273 2954 2355 lmpiorum
2987 2283 3198 2337 autem
3228 2292 3447 2357 perso·
3476 2272 3541 2314 ¹²·

1956 2389 2037 2432 na
2078 2389 2205 2433 non
2244 2370 2539 2451 dirigitur
2578 2371 2686 2444 ita,
2722 2372 2830 2434 sed
2871 2389 3090 2434 eorum
3134 2372 3444 2454 iniquitas

1955 2468 2145 2550 dirigi
2178 2468 2431 2546 dicitur,
2466 2468 2631 2531 sicut
2663 2469 2727 2531 in
2772 2469 3028 2534 Daniele
3067 2471 3148 2534 de
3183 2471 3447 2534 scelera-

1957 2567 2207 2630 tissimo
2235 2568 2546 2630 Antiocho
2575 2576 2671 2631 est
2712 2569 3081 2651 praedictum
3108 2588 3123 2632 ε
3159 2570 3348 2632 Dolus
3381 2569 3444 2632 in
3519 2595 3632 2639 vm..
3653 2609 3738 2648 vm,

1958 2685 2148 2728 manu
2197 2667 2338 2748 ejus
2389 2666 2718 2747 dirigetur.
2753 2704 2830 2712 —
2863 2671 3242 2747 Indiynacio
3277 2673 3450 2746 reqis
3475 2659 3543 2700 ²⁵·
3577 2713 3645 2769 u

1957 2773 2053 2826 est
2071 2767 2349 2825 nuntius
2381 2768 2624 2836 mov-tia,
2651 2765 2715 2827 id
2746 2773 2842 2829 est
2871 2765 3220 2830 insinuatio
3255 2766 3452 2829 inter-

1959 2860 2258 2926 fectionis
2288 2881 2434 2925 mox
2474 2862 2704 2927 luturae
2733 2863 2814 2938 ei,
2854 2872 3074 2927 contra
3113 2884 3302 2947 quem
3340 2884 3449 2927 rex

1958 2961 2329 3044 indignatur
2380 2982 2394 3027 :
2446 2963 2614 3044 quod
2673 2963 3163 3044 intelligendum
3214 2973 3310 3027 est
3365 2965 3444 3027 de

353 3055 587 3135 quibus
620 3057 689 3119 in
722 3057 929 3140 prima
962 3077 1076 3120 sua
1106 3058 1195 3120 ait
1226 3058 1497 3140 epistola
1523 3056 1849 3138 gloriosis-
1884 3067 1927 3130 C
1958 3061 2396 3141 indignatione
2424 3061 2946 3143 praedominante‚
2983 3064 3084 3126 vel
3117 3062 3309 3126 etiam
3350 3062 3450 3144 ju-

85 3169 323 3223 tranans.
351 3155 550 3218 simus
579 3155 918 3238 apostolici
950 3156 1223 3236 agminis
1254 3156 1553 3238 princeps
1581 3176 1595 3220 ε
1627 3156 1703 3219 Et
1735 3174 1846 3221 vos

352 3261 651 3336 tanquam
710 3253 957 3336 lapides
1009 3254 1145 3318 vivi
1202 3253 1841 3336 superaedificamini.

350 3351 801 3416 Verumtamen
833 3353 1095 3434 quidam
1127 3353 1216 3415 ait
1254 3353 1320 3415 in
1358 3353 1617 3417 Hebraeo
1649 3353 1849 3416 habe-

351 3450 423 3526 ri,
455 3449 727 3533 Lapides
771 3451 1032 3528 sacculi,
1066 3460 1129 3514 et
1158 3471 1237 3514 ex
1275 3453 1657 3534 scriptorum
1688 3452 1845 3516 vitio

350 3559 609 3632 propter
637 3551 1127 3614 similitudinem
1158 3550 1664 3634 dictionum,pro
1704 3553 1848 3616 Sac-

349 3648 497 3726 culi,
536 3649 820 3730 positum
866 3649 1115 3712 Saeculi.
1150 3649 1518 3731 Antiquitus
1568 3670 1845 3733 namque

354 3747 845 3828 ponderationes
890 3748 1137 3811 fiebant
1179 3768 1293 3831 per
1322 3748 1567 3831 lapides
1604 3750 1671 3812 in
1711 3771 1845 3814 sac-

353 3847 493 3910 culo
527 3847 896 3924 collocatOS,
932 3848 1099 3910 sicut
1141 3866 1310 3910 nunc
1354 3847 1522 3911 siunt
1562 3867 1675 3930 per
1718 3869 1847 3912 me-

356 3945 503 4007 talla
528 3963 543 4007 :
564 3946 791 4026 sicque
820 3945 1063 4027 lapides
1095 3946 1254 4008 tales
1284 3955 1464 4009 erant
1498 3966 1693 4029 opera
1720 3949 1846 4012 Deo

356 4043 693 4124 placentia,
717 4043 785 4104 in
814 4053 1126 4125 quantum
1156 4062 1269 4125 per
1299 4063 1406 4109 eos
1438 4044 1638 4108 fiebat
1662 4047 1849 4129 justi-

358 4142 441 4204 tia
466 4161 583 4204 seu
613 4141 994 4223 ponderatio
1020 4143 1213 4223 justa.

1956 3169 2073 3238 sta,
2107 3179 2183 3223 ex
2226 3159 2496 3242 alicujus
2535 3159 2712 3240 gravi
2750 3178 3010 3222 excessu
3057 3170 3364 3244 concepta
3410 3181 3449 3224 a

1957 3278 2123 3340 rege.
2179 3261 2377 3341 Reges
2433 3259 2671 3323 etenim
2735 3259 2944 3322 taliter
2999 3259 3436 3342 indignantes,

1954 3361 2140 3441 proni
2192 3367 2340 3421 sunt
2387 3357 2626 3421 dictare
2671 3359 3050 3421 sententiam
3095 3359 3320 3423 mortis
3375 3361 3439 3422 in

1955 3476 2099 3520 eum
2147 3457 2250 3520 cui
2295 3456 2730 3536 indignantur.
2764 3459 2850 3518 Et
2887 3462 2991 3518 vir
3018 3461 3275 3536 sapiens
3296 3463 3446 3536 pla-

1956 3557 2127 3616 cabit
2167 3576 2343 3625 eum,
2387 3554 2452 3616 id
2491 3561 2588 3617 est
2632 3572 2844 3635 regem
2884 3554 3138 3634 iratum,
3186 3556 3292 3638 pie
3343 3577 3446 3620 ex-

1955 3655 2236 3717 cusando
2265 3672 2443 3716 reum
2475 3671 2590 3734 pro
2618 3671 2825 3735 posse,
2851 3661 2961 3717 aut
2989 3653 3440 3719 intercedendo

2003 3771 2073 3816 ΓΟ
2110 3771 2208 3817 ΘΟ.

1955 3773 1998 3836 p
2038 3855 2119 3913 1η
2151 3852 2488 3912 hilaritate
2527 3854 2745 3911 vulcus
2775 3853 2968 3928 reyis,
3005 3853 3139 3913 vita
3173 3871 3196 3914 .·
3225 3852 3290 3915 id
3325 3863 3442 3930 est,
3573 3871 3641 3927 15

1956 3949 2356 4012 subditorum
2389 3967 2502 4012 seu
2541 3968 2793 4012 reorum
2824 3951 3223 4015 conservatio
3255 3952 3321 4014 in
3350 3953 3445 4016 vi-

1958 4058 2041 4126 ta,
2075 4056 2368 4130 speratur
2394 4067 2471 4111 ex
2501 4048 2622 4112 hoc
2658 4049 2830 4130 quod
2865 4068 2974 4112 rex
3002 4050 3268 4114 hilarem
3301 4052 3440 4116 vul-

1956 4156 2091 4210 tum
2128 4147 2221 4210 eis
2266 4147 2579 4227 ostendit3
2617 4157 2678 4208 et
2715 4151 3053 4209 clementia
3081 4151 3220 4227 ejus
3249 4155 3440 4230 quasi

178 4251 241 4307 12
420 4242 902 4302 Abominabiles
924 4243 1067 4318 reqi
1084 4243 1203 4320 qui
1224 4253 1431 4318 ayunt
1452 4245 1671 4322 impie.
1692 4245 1848 4308 Con·
1879 4246 1927 4308 D
1956 4251 2159 4308 imber
2183 4249 2502 4307 serotinus
2531 4267 2554 4306 :
2585 4245 2647 4308 id
2679 4254 2794 4321 est,
2834 4247 3106 4309 multum
3137 4248 3351 4312 suavis
3381 4259 3444 4312 et

358 4345 474 4400 stat
515 4339 691 4420 quod
734 4357 987 4401 summo
1026 4338 1176 4420 Regi
1222 4340 1329 4419 (de
1375 4360 1504 4422 quo
1552 4343 1643 4404 ait
1683 4342 1847 4426 Apo—

95 4449 333 4500 iri-,ma
358 4440 577 4516 stoluS,
612 4439 763 4520 Regi
802 4448 1017 4503 autem
1053 4439 1431 4503 saeculorum
1472 4441 1841 4522 immortali,

358 4537 709 4619 invisibili)
764 4537 1231 4601 abominabiles
1296 4539 1424 4601 sint
1482 4540 1712 4622 iniqui,
1774 4551 1846 4606 ut

358 4637 541 4717 tales3
592 4636 893 4699 similiter
938 4636 1285 4718 unicuique
1331 4638 1462 4718 regi
1499 4639 1692 4721 justo,
1730 4642 1843 4722 qui

356 4736 582 4816 dignus
612 4743 711 4798 est
738 4753 849 4798 rex
880 4735 1091 4799 vocari
1128 4756 1143 4800 t
1178 4755 1284 4799 rex
1312 4738 1554 4820 quippe
1584 4738 1843 4820 iniquus

356 4833 769 4912 voluntatem,
795 4851 924 4897 non
956 4834 1291 4910 rationem,
1318 4853 1613 4916 sequenS‚
1630 4837 1844 4900 verius

354 4939 444 4994 est
480 4940 790 5014 tyrannus
830 4951 1022 5012 quam
1066 4952 1197 4997 rex.
1228 4932 1658 5015 Spiritualiter
1696 4955 1845 5000 vero

356 5048 529 5110 reges
575 5038 943 5107 censentur,
990 5048 1213 5093 omnes
1262 5030 1373 5112 qui
1420 5032 1733 5114 sapientia
1784 5043 1847 5096 et

358 5129 583 5191 virtute
640 5137 872 5209 regunt
930 5147 998 5192 se
1055 5129 1251 5212 ipsoS,
1302 5138 1411 5192 aut
1468 5131 1659 5194 etiam
1721 5132 1845 5194 sibi

358 5226 723 5291 commissos
767 5227 928 5308 :qui
976 5228 1197 5308 utique
1246 5227 1476 5311 impios
1525 5231 1847 5292 detestan-

360 5331 480 5387 tur.
504 5327 829 5396 Quoniam
832 5325 1107 5403 justitia
1124 5330 1435 5404 firmatur
1462 5330 1699 5390 solium
1734 5329 1845 5390 :id

1959 4346 2284 4409 fructuosa
2320 4354 2418 4407 est
2453 4344 2725 4406 subditis
2755 4345 3092 4408 clementia
3126 4347 3290 4428 regis
3330 4367 3442 4412 seu

1954 4443 2266 4527 principis
2309 4443 2424 4519 sui,
2461 4441 2626 4506 sicut
2658 4442 2876 4525 pluvia
2917 4445 3279 4526 vespertina
3322 4456 3448 4511 ter-

1956 4561 2041 4605 rae
2098 4541 2527 4605 nascentibus.
2579 4541 2814 4604 Verum
2871 4541 2993 4604 ista
3051 4543 3131 4606 de
3187 4543 3438 4610 Christo

1956 4641 2306 4722 praesertim
2351 4640 2554 4723 accipi
2601 4648 2866 4722 queunt,
2915 4641 3068 4723 quia
3107 4643 3174 4704 in
3218 4645 3446 4727 adspe-

1956 4749 2061 4802 ctu
2112 4738 2211 4800 sui
2257 4737 2710 4820 jucundissimi
2759 4740 2994 4816 vultuS,
3047 4740 3175 4804 vita
3225 4742 3445 4822 gloriae

1954 4836 2272 4900 aeternalis
2295 4837 2884 4919 consistit.Propter
2911 4839 3078 4918 quod
3110 4849 3248 4902 orat
3277 4841 3472 4903 Psal-·

1956 4935 2145 4998 mista
2179 4954 2192 4997 :
2226 4935 2498 4998 Ostende
2539 4935 2766 4998 faciem
2811 4944 3007 5013 tuam,
3031 4945 3094 4999 et
3129 4937 3287 5002 salvi
3323 4941 3444 5002 eri·
3496 4970 3574 5014 p.,
3597 4985 3728 5024 unx.

1958 5054 2121 5096 muS.
2147 5033 2412 5121 ‚Moyses
2462 5053 2717 5116 quoquc
2751 5053 2765 5100 :
2803 5033 2866 5096 Si
2913 5035 3152 5112 inveni,
3201 5037 3433 5119 inquit,
3468 5035 3666 5139 ⁴⁹22&

1954 5133 2223 5213 gratiam
2271 5132 2337 5194 in
2388 5141 2733 5214 conspectu
2785 5141 2912 5209 tu0‚
2959 5136 3222 5197 ostende
3277 5137 3438 5199 mibi
3468 5128 3694 5211 nausti,

1957 5231 2185 5294 faciem
2231 5238 2428 5292 tuam.
2460 5230 2546 5292 De
2593 5248 2722 5311 quo
2767 5229 3064 5313 princeps
3113 5232 3445 5314 Apostolo-
3517 5297 3534 5340 1
3554 5299 3666 5343 Par
3699 5313 3713 5342 Ι

1954 5348 2099 5392 rum
2132 5327 2387 5407 fatetur,
2409 5328 2564 5410 quia
2591 5327 2657 5391 in
2689 5327 2898 5410 ipsum
2932 5329 3294 5394 desiderant
3321 5353 3444 5396 an·
3471 5363 3539 5407 ις,
