4284 6267
679 881 746 936 13

678 1670 746 1725 u

678 1966 745 2023 15

679 2164 745 2220 17

579 4534 675 4579 Aet.
684 4536 819 4585 xnv.2t
831 4568 842 4578 .

618 4728 767 4773 Ereti.
786 4744 843 4779 xi.

581 4792 647 4834 27.

870 492 991 555 2516

1564 508 1914 556 mannum
1956 508 2021 555 m
2062 508 2202 555 cu.
2250 508 2293 553 X
2335 506 2493 553 mm
2534 506 2890 553 summat.
2937 526 3018 536 —
3057 508 3198 554 ΛΒΤ.
3243 508 3284 553 1

872 688 1087 743 terunt
1116 679 1410 743 resistere
1440 686 1502 742 et
1536 678 1970 742 contradicere
2009 695 2230 742 omnes
2261 677 2364 739 ad·
2395 675 2445 737 Α
2472 675 2714 739 alarum
2749 685 2998 740 tuarum
3035 677 3386 740 exsultabo.
3419 676 3497 739 Et
3533 677 3594 737 in
3636 674 3778 737 luce
3817 672 3954 735 stel-

872 779 1137 845 versarii
1181 778 1399 842 vestri.

953 881 1107 939 Hoec
1145 880 1481 939 venditum
1506 878 1771 954 justum
1812 896 1941 937 non
1987 877 2359 955 dereliquit.

870 976 1025 1039 Nam
1085 976 1269 1039 multi
1318 975 1529 1039 Sancti
1580 974 1841 1037 fuerunt
1887 973 2159 1056 perfidis
2215 993 2366 1036 ven-

868 1074 1007 1151 diti,
1054 1075 1164 1137 sed
1212 1094 1249 1136 a
1292 1072 1614 1155 Sapientia
1662 1091 1911 1135 summa
1957 1090 2359 1154 nequaquam

869 1174 1099 1237 relicti.
1134 1177 1267 1237 Sed
1307 1194 1349 1234 a
1384 1174 1825 1251 peccatoribus
1874 1173 2173 1232 liberavit
2214 1192 2362 1231 eum

870 1290 983 1355 per
1022 1271 1395 1354 patientiam
1438 1279 1502 1333 et
1542 1270 2077 1351 glorificationem
2122 1270 2190 1332 in
2235 1288 2362 1331 coe-

870 1372 951 1433 lis
988 1380 1311 1435 aeternam.
1344 1374 1807 1449 Descenditque
1838 1390 1985 1430 cum
2019 1372 2134 1430 illo
2167 1372 2234 1429 in
2264 1371 2362 1446 fo-

870 1491 1075 1531 veam.
1116 1470 1369 1533 Certum
1406 1478 1503 1531 est
1546 1468 1715 1549 quod
1764 1468 2156 1531 felicissimis
2201 1486 2363 1530 mar-

869 1567 1117 1651 tyribus
1148 1568 1213 1629 in
1248 1566 1423 1630 omni
1471 1585 1691 1630 corum
1725 1567 2013 1629 cruciatu
2050 1566 2362 1629 acerrimo

869 1666 1327 1747 gratiosissime
1374 1665 1643 1728 adstitit.
1691 1667 1901 1726 Donec
1946 1670 2206 1743 afferret
2254 1666 2363 1724 illi

870 1776 1189 1844 sceptrum
1239 1766 1453 1842 reyni,
1485 1764 1547 1827 id
1584 1772 1700 1840 est,
1754 1764 1822 1825 in
1872 1762 2117 1827 coelesti
2159 1763 2360 1843 gloria

871 1870 1225 1925 coronaret.

949 1965 1102 2023 Hoee
1155 1960 1467 2043 sapientia
1500 1963 1821 2038 populum
1852 1962 2137 2037 justum,
2191 1960 2364 2021 vide-

872 2059 1022 2122 licet
1062 2060 1506 2133 christianum,
1552 2060 1851 2118 liberavit
1902 2080 1941 2119 a
1988 2059 2362 2121 nationibus

872 2158 1289 2241 perfidorum.
1332 2158 1648 2220 Reddidit
1687 2157 1847 2218 Deus
1884 2159 2234 2218 mercedem
2274 2160 2364 2217 Za-

870 2260 1095 2317 borum
1126 2255 1499 2319 Sanctorum
1527 2274 1817 2325 suorum,
1852 2254 1913 2316 id
1946 2263 2061 2331 est,
2096 2273 2212 2337 pro
2242 2254 2365 2316 vir-

871 2355 1071 2419 tuosis
1102 2373 1321 2418 eorum
1363 2353 1689 2417 laboribus
1737 2353 2010 2416 contulit
2058 2353 2215 2435 ipsis
2261 2370 2364 2416 co-

870 2452 1304 2535 piosissimum
1358 2451 1712 2534 praemium‚
1745 2452 1937 2514 etiam
1990 2452 2158 2514 ultra
2215 2469 2364 2515 con-

868 2552 1158 2632 dignum,
1208 2570 1325 2613 nec
1374 2550 1581 2613 solum
1632 2551 1695 2612 in
1738 2550 1961 2632 patria,
2008 2552 2115 2613 sed
2168 2550 2362 2612 etiam

869 2649 1282 2725 consolandO,
1344 2647 1888 2730 spiritualiterque
1944 2648 2228 2725 ditando,
2299 2655 2363 2711 et

871 2746 1346 2828 magnificando
1376 2766 1485 2810 eos
1526 2746 1591 2809 in
1627 2747 1749 2809 via.
1789 2750 1871 2809 E't
1910 2749 2184 2807 deduxit
2215 2749 2361 2808 illos

871 2848 942 2907 in
995 2849 1103 2907 via
1150 2848 1469 2914 mirabili,
1522 2844 1585 2907 id
1626 2853 1721 2907 est
1760 2844 1825 2907 in
1874 2846 2359 2908 conversatione

872 2952 1111 3022 sancta,
1135 2941 1439 3027 perfecta,
1461 2942 1739 3020 heroica,
1762 2962 1905 3025 quae
1935 2962 2127 3026 super
2155 2944 2361 3006 homi-

2475 774 2678 837 larum
2710 786 2916 853 nocte,
2960 776 3022 838 id
3053 785 3170 854 est,
3207 784 3490 857 tempore
3527 774 3748 837 mortis
3777 774 3950 845 dirae,

2473 872 2616 937 luce
2668 874 3094 937 miserationis
3145 892 3434 957 supernae
3491 874 3682 937 corda
3736 890 3952 935 eorum

2473 970 2754 1054 perfudit
2791 981 2853 1035 et
2898 972 3264 1050 illustravit,
3299 979 3371 1033 ut
3407 972 3475 1033 in
3525 980 3691 1033 statu
3737 970 3954 1051 gratiae

2472 1079 2536 1134 et
2589 1071 3006 1137 conversione
3052 1072 3132 1134 ad
3187 1072 3382 1133 Deum
3432 1070 3828 1133 discederent
3877 1070 3956 1130 de

2472 1169 2590 1233 hac
2631 1171 2782 1233 vita.

2561 1272 2918 1331 Transtulit
2965 1272 3114 1330 illos
3151 1290 3270 1347 per
3313 1289 3493 1329 mare
3527 1270 3848 1337 Rubrum,
3890 1268 3954 1328 id
4077 1276 4135 1329 18

2470 1377 2586 1445 est,
2605 1388 2720 1450 per
2751 1368 3160 1451 Baptismum,
3185 1385 3378 1449 quem
3409 1365 3804 1447 significavit
3835 1385 3956 1427 ma·

2473 1486 2539 1531 re
2578 1467 2879 1544 Rubrum,
2915 1466 3069 1530 fecit
3113 1467 3192 1529 de
3245 1464 3404 1528 filiis
3448 1465 3557 1529 irae
3600 1464 3774 1527 filios
3816 1464 3958 1526 ado-
3985 1480 4214 1533 spuma.

2473 1566 2708 1648 ptionis
2738 1565 2975 1629 divinae
3003 1584 3075 1628 ac
3107 1572 3337 1628 sanctae
3367 1563 3684 1639 Ecclesiae,
3708 1562 3956 1625 dicente

2471 1664 2772 1746 Apostolo
2807 1681 2821 1725 ε
2857 1663 3102 1746 Eripuit
3141 1681 3256 1725 nos
3283 1663 3365 1726 de
3393 1660 3688 1744 praesenti
3729 1660 3958 1723 saeculo
4026 1677 4162 1719 eatur.
4183 1691 4206 1719 ·.

2473 1781 2770 1844 nequam,
2794 1769 2858 1825 et
2889 1760 3213 1824 transtulit
3240 1761 3306 1823 in
3339 1778 3601 1841 regnum
3631 1758 3772 1821 Filii
3805 1758 3960 1821 dile-
3985 1740 4214 1847 geatam.

2399 1862 2444 1925 B
2472 1861 2701 1924 ctionis
2733 1880 2885 1923 suae.
2917 1859 3095 1922 Unde
3125 1868 3190 1921 et
3228 1860 3366 1941 ipsa
3395 1856 3716 1940 Sapientia
3745 1856 3904 1919 dixit
3938 1873 3953 1917 ε

2471 1959 2602 2021 Nisi
2633 1959 2778 2040 quis
2809 1967 3068 2021 renatus
3099 1956 3293 2020 fuerit
3321 1976 3398 2020 ex
3432 1976 3596 2038 aqua
3623 1964 3684 2017 et
3717 1954 3957 2037 Spiritu
3985 1966 4214 2009 :onan-15.

2473 2056 2721 2133 Sancto,
2741 2074 2866 2119 non
2898 2063 3106 2138 potest
3135 2055 3398 2118 introire
3428 2055 3496 2116 in
3525 2072 3790 2135 regnum
3822 2053 3954 2115 Dei.

2472 2154 2609 2231 Vel,
2642 2155 2756 2217 Per
2802 2173 2976 2217 mare
3017 2153 3322 2229 Rubrum,
3359 2153 3422 2215 id
3465 2162 3560 2216 est
3591 2171 3704 2235 per
3755 2152 3961 2213 imita-

2474 2254 2666 2316 tivam
2715 2253 3050 2317 dominicae
3099 2252 3413 2335 passionis
3457 2250 3956 2321 meditationem,

2471 2371 2614 2434 quae
2657 2352 3109 2433 compendiose
3147 2350 3323 2414 ducit
3360 2351 3438 2412 ad
3481 2350 3773 2430 gloriam.
3805 2349 3962 2411 Rur-

2472 2470 2601 2527 suS,
2636 2451 2750 2513 Per
2779 2468 2953 2513 mare
2981 2450 3286 2525 Rubrum,
3311 2448 3378 2511 id
3406 2457 3503 2511 est
3532 2467 3644 2530 per
3671 2448 3956 2528 martyrii

2473 2548 2766 2631 palmam,
2786 2569 2898 2612 seu
2929 2548 3366 2630 quotidianam
3397 2544 3958 2609 mortificationem

2473 2647 2814 2709 salubrem.
2853 2650 2938 2709 Et
2978 2648 3337 2708 transveoeit
3385 2649 3531 2707 illos
3559 2664 3679 2723 per
3715 2664 3960 2725 aquam

2473 2748 2772 2817 nimiam,
2821 2744 2883 2807 id
2934 2753 3031 2807 est
3088 2764 3201 2827 per
3240 2744 3694 2807 abundantiam
3752 2743 3961 2805 tribu-

2472 2844 2782 2906 lationum
2831 2861 2845 2905 :
2892 2843 3426 2924 quemadmodum
3485 2842 3792 2924 scriptum
3839 2850 3958 2917 est,

2471 2942 2905 3005 Transivimus
2950 2961 3065 3024 per
3109 2942 3319 3023 ignem
3366 2950 3430 3004 et
3475 2960 3746 3022 aquam3
3779 2940 3964 3003 item-
3990 2960 4216 3003 panau.

870 3062 1017 3107 nem
1052 3051 1168 3120 est,
1204 3049 1267 3105 et
1312 3042 1814 3124 supernaturalis
1856 3042 2151 3123 omnin03
2180 3044 2354 3119 item,
2395 3048 2439 3112 C
2469 3060 2615 3123 que,
2659 3041 3081 3105 Elevaverunt
3125 3039 3398 3103 flumina
3438 3039 3674 3103 fluctus
3714 3057 3888 3115 suos,
3924 3058 3963 3100 a
4003 3060 4216 3105 ama.

871 3143 936 3204 ln
969 3140 1069 3205 via
1101 3140 1404 3218 mirabili,
1439 3139 1504 3203 id
1542 3149 1639 3203 est
1680 3140 1745 3202 in
1787 3140 1917 3204 fide
1947 3142 2261 3205 catholica
2298 3149 2360 3204 et

869 3239 1237 3320 evangelica
1274 3238 1434 3319 Iege,
1477 3258 1621 3320 quae
1673 3240 1982 3302 rationem
2043 3249 2363 3303 transcen·

872 3339 1053 3401 dunt.
1096 3340 1183 3399 Et
1229 3339 1365 3414 fuit
1414 3339 1551 3397 illis
1598 3340 1671 3398 in
1722 3342 2073 3400 velamento
2115 3342 2246 3412 die,
2295 3340 2360 3402 id

872 3444 989 3513 est,
1033 3436 1101 3499 in
1139 3435 1461 3518 prosperis
1510 3445 1573 3499 et
1611 3436 1933 3517 jucundiS,
1968 3446 2031 3500 et
2074 3438 2139 3500 in
2185 3440 2358 3501 omni

869 3533 1190 3616 spirituali
1225 3532 1543 3616 profectu,
1576 3533 1689 3615 qui
1728 3534 1863 3597 dies
1902 3543 2165 3598 vocatur
2203 3536 2362 3601 inte-

873 3632 1017 3709 rior,
1041 3631 1445 3696 obumbravit
1474 3632 1566 3694 eis
1599 3651 1711 3714 per
1742 3633 2009 3714 gratiam
2040 3634 2361 3697 bumilita-

872 3732 976 3808 tis,
1012 3751 1093 3795 ne
1130 3730 1617 3809 extollerentur3
1652 3739 1711 3789 et
1747 3733 1821 3791 in
1859 3735 1995 3792 luce
2023 3736 2362 3795 stellarum

870 3840 1073 3901 nocte,
1121 3829 1185 3891 id
1236 3836 1352 3906 est,
1409 3828 1476 3890 in
1530 3828 1813 3891 adversis
1862 3838 1925 3892 et
1972 3831 2237 3912 asperiS,
2289 3852 2361 3894 ac

873 3926 1305 3991 subtractione
1335 3926 1788 3990 consolationis
1820 3927 2107 4005 internae,
2142 3940 2363 3992 contu-

873 4025 949 4087 lit
979 4026 1071 4088 eis
1122 4024 1339 4089 lumen
1368 4026 1686 4106 quoddam
1728 4025 2068 4103 sidereum,
2102 4028 2178 4090 ad
2221 4046 2364 4091 con-

874 4122 1281 4185 siderandum
1321 4122 1489 4202 quod
1530 4122 1594 4184 in
1637 4122 1747 4184 tali
1788 4131 2020 4187 eventu
2053 4125 2364 4206 patientia

2470 3139 2735 3203 vocibus
2779 3158 3087 3221 aquarum
3123 3138 3489 3202 multarum.
3522 3138 3730 3201 Potest
3765 3136 3958 3200 etiam
3986 3122 4028 3163 ⁴·

2468 3258 2581 3321 per
2611 3239 2876 3301 nimiam
2905 3258 3158 3320 aquam,
3193 3236 3582 3301 abundantia
3609 3237 3827 3317 gratiae
3857 3237 3962 3299 de-

2469 3337 2729 3418 signari.
2763 3338 2941 3401 Unde
2969 3337 3060 3399 ait
3091 3336 3376 3399 Salvator
3411 3354 3425 3398 :
3459 3335 3575 3410 Qui
3614 3335 3852 3399 biberit
3882 3354 3962 3397 ex
4009 3350 4152 3394 lm
4167 3362 4212 3394 π.

2468 3455 2632 3517 aqua
2664 3456 2856 3517 quam
2885 3454 3002 3516 ego
3034 3436 3198 3498 dabo
3227 3436 3310 3513 ei,
3331 3454 3456 3497 non
3487 3434 3661 3497 sitiet
3688 3434 3756 3497 in
3785 3443 3961 3497 aeter·
3989 3418 4052 3463 ¹³·
4071 3416 4130 3455 ¹⁴·

2469 3552 2662 3615 num3
2696 3534 2804 3597 sed
2845 3553 3012 3616 aqua
3044 3553 3234 3615 quam
3273 3551 3390 3613 ego
3428 3533 3594 3597 dabo
3623 3534 3708 3609 ei,
3743 3532 3854 3595 fiet
3889 3533 3956 3594 in

2469 3651 2544 3695 eo
2575 3632 2718 3695 fons
2748 3652 2928 3714 aquae
2963 3632 3249 3695 salientis
3294 3632 3359 3693 in
3391 3631 3586 3694 vitam
3627 3640 3950 3694 aeternam.

2467 3734 2776 3793 Inimico-s
2805 3740 3020 3791 autem
3051 3732 3341 3801 illorum,
3373 3730 3618 3793 scilicet
3646 3729 3954 3813 reprobos
4081 3736 4136 3790 19

2469 3839 2532 3893 et
2561 3830 2837 3911 iniqu08‚
2869 3833 3172 3891 demersit
3202 3834 3272 3891 in
3302 3851 3506 3899 mare,
3537 3830 3599 3892 id
3627 3838 3748 3905 est,
3773 3830 3838 3891 in
3869 3828 3958 3893 vi-

2470 3929 2700 3991 tiorum
2753 3947 3009 3992 suorum
3055 3927 3498 4009 inquietudine
3539 3947 3614 3990 ac
3655 3928 3958 3990 amaritu—

2470 4027 2618 4090 dine
2663 4028 2834 4109 ipsos
2872 4026 3218 4089 damnavit.
3260 4025 3444 4108 Impii
3489 4026 3723 4090 etenim
3772 4025 3956 4107 quasi
3987 4038 4208 4083 numa.

2471 4144 2644 4188 mare
2675 4124 2950 4199 fervenS,
2985 4125 3155 4206 quod
3197 4124 3524 4206 quiescere
3555 4142 3684 4187 non
3728 4132 3954 4206 potest,

874 4220 959 4282 sit
1004 4218 1319 4295 habenda,
1361 4238 1433 4281 ac
1476 4218 1692 4281 divina
1731 4220 1935 4301 pictas
1985 4221 2356 4301 invocanda,
2393 4222 2442 4285 D
2473 4230 2542 4285 ut
2591 4222 2655 4284 in
2705 4222 2862 4285 lsaia
2907 4222 3232 4285 asseritur.
3289 4222 3362 4283 Et
3407 4221 3472 4283 in
3523 4220 3958 4286 afflictionum

874 4319 1143 4400 ejusque
1185 4316 1536 4380 consolatio
1576 4318 1978 4399 postulanda,
2013 4340 2177 4383 vana
2207 4341 2363 4402 quo-

872 4436 999 4498 que
1028 4416 1380 4480 consolatio
1425 4418 1909 4493 contemnenda,
1945 4437 2025 4481 ne
2057 4420 2363 4501 dejician—

875 4523 1013 4577 tur:
1042 4522 1380 4596 pensantes
1408 4514 1581 4595 quod
1612 4534 1726 4595 per
1754 4514 1986 4577 multas
2016 4516 2364 4583 tribulatio—

874 4633 985 4676 nes
1014 4620 1303 4695 oporteat
1324 4630 1438 4674 nos
1472 4612 1707 4675 intrare
1734 4632 1996 4693 regnum
2026 4615 2358 4699 coelorum3

874 4720 937 4775 et
967 4712 1131 4793 quod
1162 4710 1251 4773 ait
1281 4710 1606 4791 Scriptura
1633 4728 1646 4772 :
1677 4711 1743 4772 ln
1772 4713 1877 4775 die
1907 4712 2245 4792 bonorum,
2283 4736 2361 4781 ne

876 4810 1210 4873 immemor
1268 4808 1355 4869 sis
1399 4808 1710 4871 malorum
1735 4828 1750 4889 3
1802 4817 1865 4873 et
1910 4810 1975 4871 in
2023 4812 2125 4874 die
2171 4815 2363 4880 malo-

846 4929 1039 4985 .rum,
1064 4926 1145 4970 ne
1182 4906 1517 4970 immemor
1554 4906 1641 4968 sis
1680 4906 2015 4971 bonorum.
2039 4909 2355 4993 AmpliuS,

870 5007 1008 5069 Fuit
1038 5005 1167 5067 illis
1208 5004 1274 5066 in
1303 5004 1660 5068 velamento
1691 5004 1815 5081 die,
1852 5006 1915 5067 id
1947 5015 2063 5085 est,
2108 5007 2171 5069 in
2219 5010 2360 5073 luce

869 5104 1016 5166 vitae
1044 5101 1375 5185 praesentis
1406 5120 1514 5164 eos
1545 5101 1817 5183 benigne
1846 5105 2158 5185 protexit:
2182 5106 2362 5187 juxta

2470 4320 2988 4401 gravissimarum
3030 4320 3528 4403 profunditatem
3569 4320 3714 4383 illos
3755 4322 3964 4404 proje-

2471 4419 2580 4483 cit.
2613 4421 2700 4481 Et
2727 4421 2808 4479 ab
2837 4421 3192 4479 altitudine
3220 4419 3585 4495 inferorum
3621 4422 3851 4480 eduxit
3881 4423 3962 4479 il-

2474 4523 2588 4588 loS,
2623 4517 2686 4579 id
2719 4526 2834 4593 est,
2867 4517 3101 4579 electos
3133 4516 3368 4598 eripuit
3407 4517 3484 4579 de
3525 4526 3833 4599 potestate
3865 4518 3960 4579 in-

2473 4616 2812 4679 fernalium
2864 4614 3290 4690 tenebrarum,
3336 4634 3374 4676 a
3415 4614 3570 4695 jugo
3615 4616 3878 4697 peccati,
3919 4636 3956 4677 a

2470 4722 2636 4777 statu
2666 4714 3132 4777 damnationis:
3158 4713 3225 4774 in
3255 4732 3382 4794 quo
3411 4715 3796 4795 quandoque
3826 4713 3956 4777 fue-

2470 4820 2639 4888 runt,
2675 4812 2841 4874 sicut
2869 4811 2958 4873 ait
2985 4811 3324 4893 Apostolus
3353 4828 3366 4872 :
3401 4811 3662 4874 Fuimus
3690 4812 3860 4875 enim
3891 4820 3953 4875 et
4015 4830 4186 4873 mum

2469 4928 2584 4975 nos
2617 4911 2961 4991 aliquando
2993 4909 3390 4991 insipienteS,
3414 4909 3707 4987 odibiles,
3739 4909 3955 4974 odien-

2471 5017 2562 5071 tes
2608 5008 2904 5070 invicem.

2547 5110 2698 5168 Ideo
2714 5107 2892 5183 justi
2923 5109 3212 5166 tulerunt
3239 5107 3445 5183 spolia
3477 5108 3852 5185 impiorum,
3887 5104 3952 5167 id

599 5220 817 5274 P=.1.x.5.
868 5203 1039 5283 quod
1071 5200 1381 5282 scriptum
1422 5206 1540 5277 est,
1573 5200 1869 5282 Protegar
1899 5202 1965 5263 in
1997 5203 2359 5268 velamento
2463 5212 2582 5281 est,
2631 5213 2990 5287 peccatores
3035 5204 3478 5268 abstraxerunt
3526 5205 3949 5281 daemonibuS,

590 5320 839 5371 pamas.
868 5299 1114 5363 alarum
1166 5306 1455 5377 tuarum3
1504 5306 1566 5359 et
1608 5318 1843 5377 rursuS,
1883 5300 1949 5362 ln
1997 5302 2360 5367 velamento
2467 5311 2533 5366 et
2571 5311 3021 5369 converterunt
3059 5321 3169 5366 eos
3201 5303 3280 5365 ad
3307 5302 3650 5379 Christum,
3683 5304 3950 5385 gratiam
