4284 6267
1111 530 1463 579 amum-no
1505 530 1572 578 m
1605 528 1750 579 mr.
1795 530 1862 578 11
1903 531 2340 581 accmsmsm.
2386 552 2467 564 —-
2506 534 2648 581 Aur.
2694 534 2760 580 11
3356 516 3475 579 267

373 722 446 766 re
485 712 549 766 et
589 703 876 787 adimple
911 721 926 766 ε
962 704 1136 786 quia,
1177 712 1247 766 ut
1295 702 1360 764 in
1411 700 1754 783 Evangelio
1791 701 1880 765 ait
1908 698 1957 761 A
1991 699 2403 767 infernalium
2442 703 2841 767 miseriarum
2878 714 3027 767 sunt
3062 704 3482 785 augmentati-

43 814 334 867 λοι-κακὼ
371 803 691 881 Christus,
726 803 918 867 Venit
964 822 1111 882 nox,
1153 803 1409 884 quando
1455 821 1642 866 nemo
1673 808 1878 884 potest

63 914 334 991 ynam.
373 903 655 984 operari.
689 902 868 967 Unde
905 910 970 965 et
1008 902 1146 984 ipse
1187 900 1351 965 idem
1392 918 1406 962 :
1448 900 1740 981 Vigilate,
1783 901 1880 962 in-

45 980 198 1025 ³³'³⁶'
372 1001 516 1083 quit
562 1002 858 1081 (nescitis
904 1000 1074 1065 enim
1128 1000 1384 1082 quando
1425 1000 1730 1063 Dominus
1772 1018 1879 1062 ve-

372 1100 505 1162 niat
543 1118 558 1162 :
606 1119 770 1177 sero,
815 1118 900 1163 an
944 1099 1152 1163 media
1185 1107 1390 1173 nocte,
1423 1118 1506 1161 an
1552 1098 1706 1179 galli
1735 1118 1878 1162 can-

369 1201 488 1279 tu),
537 1218 643 1274 ne,
698 1218 898 1280 quum
956 1196 1202 1261 venerit
1254 1206 1537 1280 repente,
1592 1198 1876 1261 inveniat

369 1316 482 1361 vos
512 1297 932 1361 dormientes.
965 1296 1108 1360 ldeo
1140 1296 1553 1378 subjungitur
1589 1316 1602 1358 :

449 1399 624 1467 Quia
657 1416 772 1457 nec
797 1416 979 1474 opuS,
1011 1416 1127 1456 nec
1151 1397 1347 1466 rati0,
1379 1416 1495 1456 nec
1521 1398 1873 1473 sapientia,

367 1518 483 1558 nec
527 1498 830 1566 scientia,
861 1504 1056 1556 erunt
1101 1497 1281 1573 apud
1329 1496 1600 1573 infero&
1628 1514 1752 1574 quo
1803 1504 1872 1555 tu

357 1614 696 1673 properas,
731 1594 1000 1657 Albinus
1043 1601 1107 1655 et
1149 1593 1257 1655 alii
1305 1593 1589 1673 quidam,
1625 1611 1739 1675 per
1777 1593 1872 1654 in-

369 1692 540 1757 feros
582 1692 955 1772 intelligunt
993 1698 1285 1770 mortem,
1320 1692 1386 1754 in
1427 1710 1552 1773 qua
1592 1690 1712 1753 ista
1742 1710 1869 1754 non

367 1801 540 1869 sunt,
575 1792 688 1854 sed
725 1792 1207 1874 suspenduntur
1241 1809 1370 1873 prae
1411 1789 1612 1852 nimia
1646 1790 1868 1853 mortis

1990 820 2089 877 va,
2115 803 2395 866 damnati
2430 810 2692 885 possunt
2722 804 3145 881 considerare,
3179 805 3483 868 imo-con-

1991 900 2313 982 siderant3
2364 921 2492 965 non
2540 911 2754 966 autem
2801 922 2876 967 ea
2928 922 3071 985 quae
3119 903 3482 969 alleviativa

1991 1008 2138 1062 sunt
2186 1009 2670 1064 tormentorum.
2720 1000 2899 1064 Unde
2948 1021 3139 1084 super
3177 1001 3484 1085 Apocaly-

1989 1098 2157 1179 psim
2190 1098 2409 1162 scribit
2433 1098 2935 1181 AlbertuS,quod
2965 1101 3247 1163 damna-ti
3270 1101 3480 1164 acrius

1989 1196 2377 1278 affliguntur
2422 1197 2487 1259 in
2532 1206 2767 1275 mente,
2799 1200 2948 1261 dum
2996 1200 3330 1263 attendunt
3360 1200 3479 1263 mi-

1987 1296 2217 1359 seriam
2250 1315 2426 1359 suam
2458 1296 2841 1359 aeternaliter
2870 1298 3260 1375 duraturam,
3282 1318 3471 1380 quam

1986 1394 2067 1456 ab
2099 1393 2247 1475 igne
2272 1402 2565 1458 tartareo.
2600 1430 2677 1440 —-
2708 1395 2897 1459 Porro
2938 1395 3229 1460 Salomon
3272 1398 3477 1461 inten-

1985 1493 2176 1556 debat
2219 1493 2533 1557 instruere
2580 1493 2647 1555 in
2695 1493 2795 1555 his
2843 1494 3049 1573 libris,
3094 1514 3219 1559 non
3268 1496 3475 1559 solum

1981 1592 2250 1667 ludaeos,
2284 1593 2392 1655 sed
2438 1600 2501 1655 et
2543 1592 2875 1656 universos
2918 1592 3166 1657 fideles.
3211 1595 3470 1673 ldcireo,

1983 1692 2153 1773 quod
2200 1691 2308 1766 ait,
2351 1690 2483 1766 Quo
2531 1700 2594 1754 tu
2639 1710 2965 1774 properaS,
3014 1693 3173 1756 dixit
3214 1693 3476 1757 commi-

1983 1790 2217 1864 nando,
2258 1789 2360 1852 vel
2390 1789 2759 1868 advisando‚
2795 1790 2894 1853 vel
2926 1792 3286 1855 asserendo.
3320 1792 3471 1854 Nam

61 1908 150 1950 Ρ..
177 1923 242 1959 τι,
266 1914 322 1979 ε..
365 1890 688 1971 angustia,
723 1890 901 1971 juxta
933 1888 1092 1952 illud
1127 1906 1142 1951 t
1177 1887 1485 1963 Quoniam
1520 1907 1648 1951 non
1678 1897 1775 1951 est
1805 1889 1866 1950 in
1908 1890 1952 1951 B
1981 1896 2045 1950 et
2093 1888 2359 1951 verbum
2421 1889 2588 1951 istud
2647 1890 2853 1971 potuit
2903 1890 3179 1971 dirigere
3225 1891 3303 1953 ad
3355 1890 3476 1953 ini-

365 1986 574 2053 morte
613 1990 727 2071 qui
769 2006 1014 2053 memor
1052 1986 1138 2050 sit
1175 1988 1292 2050 tui.
1323 2023 1404 2033 —-
1435 1987 1584 2065 Alii,
1622 2006 1736 2070 per
1775 1987 1871 2049 in-

367 2088 540 2152 feros
576 2088 949 2169 intelligunt
976 2086 1244 2149 limbum
1272 2096 1522 2169 patrum
1552 2086 1742 2167 :quia
1773 2086 1870 2149 Sa-

363 2188 584 2251 lomon
632 2186 1014 2269 loquebatur
1050 2186 1280 2249 Judaeis
1321 2205 1436 2268 pro
1477 2195 1760 2267 tempore
1799 2186 1870 2248 il—

363 2287 448 2362 lo,
467 2305 600 2368 quo
631 2286 787 2369 justi
818 2285 1082 2349 omnino
1113 2281 1868 2367 purgati,descenderunt

364 2387 430 2449 in
481 2385 760 2449 limbum
805 2384 986 2448 illum
1034 2404 1146 2447 seu
1189 2383 1456 2447 Abrahae
1503 2383 1713 2447 sinum
1750 2402 1764 2446 ε
1801 2384 1866 2445 in

360 2504 492 2567 quo
537 2484 742 2547 limbo
789 2502 916 2547 non
959 2492 1140 2546 erant
1184 2502 1367 2566 opuS,
1403 2482 1587 2559 ratio,
1623 2482 1868 2565 sapien-

361 2581 472 2659 tia,
507 2590 619 2645 aut
649 2582 918 2645 scientia
946 2582 1025 2644 ad
1067 2582 1584 2664 promerendum,
1619 2582 1727 2644 sed
1759 2581 1866 2645 be-

361 2702 444 2745 ne
473 2682 552 2745 ad
595 2680 744 2743 alia.
777 2681 854 2743 Et
895 2700 1012 2764 pro
1049 2688 1335 2763 tempore
1369 2680 1512 2757 ist0,
1550 2699 1663 2763 per
1701 2680 1866 2743 inl'e-

355 2798 464 2843 ros
497 2779 873 2861 intelligunt
912 2779 1375 2862 purgatorium,
1410 2778 1474 2840 in
1515 2797 1641 2859 quo
1672 2778 1862 2841 etiam

357 2879 616 2942 nullum
668 2878 934 2942 istorum
985 2879 1062 2941 ad
1115 2878 1604 2961 promerendum
1656 2878 1863 2940 consi-

357 2978 494 3039 stit.
529 2976 684 3039 Nam
721 2975 1019 3040 Salomon
1051 2974 1340 3057 loquitur
1366 2976 1558 3057 justo,
1592 2975 1703 3057 qui
1733 2994 1860 3039 non

1979 2004 2203 2067 quum,
2249 1987 2376 2050 imo
2420 1988 2495 2049 ad
2542 1987 2893 2068 quemlibet
2934 1988 3284 2066 hominem,
3322 1989 3474 2071 quia

1979 2095 2044 2148 et
2080 2085 2417 2149 venialiter
2454 2086 2797 2169 peccand0‚
2832 2095 3129 2169 properat
3165 2088 3355 2151 homo
3393 2090 3472 2151 ad

1979 2183 2305 2247 infernum
2353 2184 2749 2267 dispositive.
2796 2186 2932 2263 Vel,
2978 2187 3146 2267 quod
3189 2186 3298 2263 ait,
3339 2186 3472 2262 Quo

1979 2292 2044 2345 tu
2089 2301 2413 2365 properaS,
2446 2282 2931 2365 intelligendum
2973 2292 3069 2347 est
3104 2286 3223 2349 snb
3254 2287 3472 2349 condi-

1978 2383 2153 2445 tione
2197 2380 2530 2464 implicita‚
2580 2390 2822 2465 utpote,
2872 2382 2997 2445 nisi
3042 2385 3339 2447 emendes
3382 2393 3464 2461 te,

1977 2498 2085 2542 seu
2131 2479 2451 2543 obedieris
2494 2481 2642 2543 Deo.

2073 2582 2246 2639 Verli
2284 2600 2383 2639 me
2420 2582 2509 2640 ad
2546 2582 2737 2641 aliud
2779 2578 3332 2657 considerandum,
3376 2582 3470 2645 vi·
3606 2594 3668 2649 11

1974 2677 2229 2755 delicet,
2281 2697 2363 2741 an
2405 2677 2698 2742 homines
2741 2678 2987 2742 viribus
3037 2678 3171 2741 suis
3222 2680 3469 2761 possint

1974 2776 2244 2858 implere
2293 2778 2461 2858 quod
2520 2777 2764 2853 monui,
2815 2777 3059 2853 dicem,
3108 2776 3465 2851 Quodcum-

1974 2894 2096 2958 que
2139 2882 2347 2956 potcst
2390 2893 2617 2938 manus
2664 2884 2791 2951 tua,
2826 2875 3137 2938 instanter
3177 2895 3461 2959 operare.

1977 2979 2056 3037 Εἰ.
2090 2975 2233 3033 vidi
2258 2976 2375 3034 sub
2401 2978 2551 3043 sole,
2575 2971 2636 3035 id
2668 2983 2786 3051 est,
2821 2975 2947 3037 Deo
2976 2974 3336 3038 illustrante
3366 2994 3466 3041 co-

74 3096 328 3141 καίηται»
353 3084 664 3159 properat
710 3074 1006 3140 inferno*
1047 3077 1514 3138 damnatorum.
1565 3074 1706 3136 Haec
1752 3094 1862 3137 au-
1897 3070 1940 3133 C
1969 3072 2186 3153 gnovi,
2231 3092 2345 3133 nec·
2384 3075 2697 3133 velocium
2739 3094 2865 3133 esse
2905 3094 3193 3145 cursum,
3238 3076 3300 3138 id
3342 3084 3459 3151 est,

45 3172 148 3202 '¹¹¹¹
356 3185 487 3238 tem
520 3176 651 3238 duo
691 3174 832 3239 loca
869 3175 1218 3239 creduntur
1258 3192 1397 3237 esse
1436 3173 1498 3235 in
1545 3174 1858 3254 superiori

355 3282 538 3357 parte
562 3272 821 3351 inferni,
838 3280 900 3336 et
927 3272 1312 3353 quandoque
1333 3270 1570 3334 inferni
1603 3271 1859 3334 nomine

353 3373 800 3453 designantur,
825 3371 991 3433 sicut
1020 3378 1084 3433 et
1113 3368 1350 3431 limbus
1381 3388 1746 3451 puerorum.
1779 3406 1860 3417 —

355 3472 552 3536 Porro
596 3472 888 3534 doctores
933 3488 1124 3551 super
1167 3476 1463 3549 quartum
1508 3467 1859 3532 Sententia-

353 3590 500 3633 rum
537 3569 968 3634 communiter
1003 3566 1443 3630 auctoritatem
1477 3567 1660 3629 istam
1701 3569 1856 3632 alle-

347 3677 508 3750 gant
543 3670 625 3731 de.
654 3666 947 3731 inferiori
990 3666 1407 3749 reproborum
1449 3665 1703 3731 inferno
1738 3686 1753 3730 :
1789 3668 1852 3731 in

351 3788 482 3849 quo
516 3785 646 3830 non
689 3775 786 3830 est
823 3785 1008 3849 opus,
1047 3766 1111 3827 id
1151 3775 1245 3829 est
1284 3765 1499 3847 aliqua
1531 3766 1856 3829 meritoria

349 3867 543 3943 acti0,
581 3884 698 3928 nec
726 3864 912 3941 ratio,
947 3865 1009 3927 id
1041 3873 1136 3927 est
1169 3884 1320 3927 usus
1359 3865 1623 3928 rationis
1655 3867 1732 3929 ad
1762 3866 1854 3927 di-

349 3965 782 4028 scernendum
832 3962 1196 4039 salubriter,
1250 3981 1366 4027 nec
1416 3964 1728 4046 sapientia
1774 3966 1850 4027 ad

347 4062 918 4144 contemplandum
980 4060 1223 4139 divina,
1283 4080 1397 4124 nec
1455 4061 1720 4125 scientia
1773 4064 1852 4126 ad

345 4161 889 4227 considerandum
946 4160 1474 4243 poenitentialiter
1532 4161 1849 4243 propriam

1971 3171 2222 3235 veloces
2260 3179 2325 3233 et
2363 3170 2641 3234 fervidos
2682 3172 2749 3233 in
2790 3173 3036 3235 actibus
3076 3174 3283 3250 bonis,
3328 3174 3462 3238 suis

1967 3270 2217 3334 viribus
2266 3289 2391 3333 non
2445 3289 2631 3353 posse
2679 3270 2847 3336 bona
2887 3271 3213 3336 meritoria
3251 3292 3458 3354 agere,

1971 3369 2058 3431 ita
2087 3369 2257 3450 quod
2290 3388 2535 3447 cursuS,
2574 3369 2635 3432 id
2676 3380 2771 3433 est
2810 3372 3103 3454 expedita
3139 3372 3306 3436 actio
3336 3373 3462 3435 vir-

1967 3476 2172 3545 tuosa,
2206 3475 2269 3531 et
2302 3469 2700 3532 conversatio
2742 3468 3007 3545 fervida,
3042 3490 3169 3552 qua
3210 3490 3337 3535 non
3366 3490 3461 3535 so-

1969 3566 2098 3628 lum
2129 3574 2305 3643 eunt,
2324 3567 2432 3629 sed
2464 3566 2653 3629 etiam
2685 3576 2952 3630 currunt
2977 3570 3053 3631 ad
3087 3568 3460 3634 beatificum

1968 3663 2191 3741 finem,
2228 3683 2353 3728 non
2386 3673 2483 3728 est
2510 3684 2752 3743 eorum,
2789 3666 2853 3729 id
2889 3674 3006 3742 est,
3042 3666 3197 3751 ipsis
3226 3669 3461 3733 adscri-

1966 3764 2174 3827 benda
2221 3782 2347 3827 non
2398 3773 2494 3827 est
2544 3764 3004 3848 principaliter,
3056 3768 3165 3830 sed
3215 3768 3339 3831 Deo
3396 3776 3459 3833 et

1965 3864 2104 3943 ejus
2135 3862 2411 3944 gratioso
2442 3864 2701 3940 auxilio,
2736 3865 2903 3928 sicut
2938 3866 3027 3927 ait
3063 3866 3403 3949 Apostolus
3438 3886 3452 3930 ε

1963 3961 2176 4024 Gratia
2204 3961 2314 4024 Dei
2344 3981 2484 4024 sum
2527 3962 2589 4025 id
2619 3963 2793 4045 quod
2832 3982 2994 4026 sum.
3028 3964 3267 4028 Rursus
3305 3984 3459 4047 quo·
3526 3993 3747 4047 tcomv.

1964 4079 2088 4142 que
2126 4078 2325 4141 quum
2371 4060 2654 4139 dixisset,
2696 4062 2842 4124 Plus
2880 4062 3179 4126 omnibus
3220 4064 3459 4128 labora·
3488 4059 3703 4164 mima

1963 4160 2062 4239 vi3
2113 4177 2261 4222 mox
2316 4160 2562 4222 addidit
2614 4176 2628 4222 ε
2684 4161 2819 4224 Non
2875 4171 3085 4224 autem
3145 4180 3285 4243 ego,
3346 4165 3456 4227 sed
3708 4153 3719 4165 ’

343 4258 1154 4341 conditionem.Sapientia
1186 4276 1440 4339 quoque
1471 4266 1533 4320 et
1562 4259 1850 4337 scientia,
1883 4260 1932 4322 D
1962 4257 2169 4338 gratia
2216 4258 2323 4320 Dei
2374 4277 2645 4321 mecum.
2696 4258 2875 4323 Unde
2923 4260 3209 4325 Salvator
3252 4280 3266 4324 :
3308 4262 3457 4326 Sine
3508 4290 3748 4343 mmm,

343 4368 416 4422 ut
447 4366 602 4421 sunt
643 4357 832 4434 dona,
870 4374 1274 4439 nequaquam
1311 4363 1460 4417 sunt
1497 4355 1564 4417 in
1593 4357 1854 4420 damna-

344 4458 452 4533 tis,
489 4457 662 4519 sicut
693 4474 810 4518 nec
839 4454 1092 4518 caritas,
1124 4455 1352 4535 Atque,
1390 4462 1459 4516 ut
1488 4454 1687 4536 aliqui
1717 4455 1855 4538 opi-

343 4563 608 4630 nantur,
646 4552 807 4616 ratio
839 4572 915 4615 ex
945 4552 1351 4615 vehementia
1388 4552 1851 4635 suppliciorum

345 4652 636 4716 totaliter
660 4648 1037 4714 absorbetur
1068 4649 1134 4712 in
1166 4648 1311 4728 illis,
1332 4649 1677 4733 praesertim
1708 4661 1850 4734 post

345 4750 518 4813 diem
568 4747 821 4832 judicii.
871 4747 991 4811 Sed
1040 4747 1300 4811 obviare
1353 4749 1623 4826 videtur,
1679 4752 1848 4831 quod

46 4870 314 4923 name-1.
343 4849 530 4913 dives
597 4846 789 4929 epulo
851 4846 1099 4930 positus
1157 4846 1223 4908 in
1294 4846 1569 4922 interm,
1629 4849 1852 4932 depre-

343 4956 526 5013 catus
575 4953 674 5010 est
725 4944 1069 5021 Abraham,
1123 4952 1194 5007 ut
1233 4945 1508 5009 mitteret
1547 4946 1846 5011 Lazarum

341 5046 408 5109 in
464 5047 726 5109 domum
789 5043 1162 5127 patrissui.
1197 5043 1524 5107 Daemones
1567 5063 1843 5127 quoque,

339 5143 642 5227 quamvis
691 5142 996 5221 damnati,
1048 5143 1233 5205 valde
1289 5142 1507 5223 vigent
1553 5143 1848 5208 acumine

339 5241 738 5305 intellectus».
773 5240 1050 5304 Thomas
1079 5250 1288 5304 autem
1324 5260 1517 5324 super
1546 5251 1844 5323 quartum

333 5347 632 5415 testatur,
666 5338 838 5421 quod
873 5356 950 5400 ea
985 5354 1128 5419 quse
1167 5346 1403 5418 augent
1440 5338 1748 5419 dolorem,
1779 5348 1845 5404 et

1964 4374 2088 4433 me,
2142 4355 2375 4438 inquit,
2428 4356 2591 4419 nihil
2652 4359 2915 4441 potestis
2974 4359 3203 4424 facere.
3256 4361 3329 4424 Et
3389 4361 3455 4423 in
3484 4356 3525 4395 ⁵·

1962 4452 2117 4517 Osee
2162 4472 2176 4517 :
2218 4454 2492 4519 Perditio
2534 4464 2643 4518 tua
2684 4475 2761 4520 ex
2805 4465 2896 4539 te3
2930 4458 2993 4520 in
3040 4479 3143 4522 me
3185 4468 3458 4523 tantum·
3484 4486 3747 4539 omma,

1963 4553 2153 4617 modo
2192 4553 2498 4617 auxilium
2545 4562 2745 4617 tuum.
2776 4554 2853 4617 Et.
2886 4558 3065 4638 Juxta
3101 4558 3457 4623 hunc‘sen-

1963 4670 2102 4713 sum
2149 4651 2563 4734 subjungitur
2597 4669 2611 4714 τ

1997 4752 2153 4813 ·Nec
2171 4752 2447 4829 fortium
2468 4754 2703 4813 bellum
2724 4774 2747 4813 .·
2769 4752 2830 4815 id
2862 4761 2971 4829 est,
2992 4754 3351 4817 resistentia
3381 4775 3452 4820 ac

1963 4848 2327 4932 triumphus
2366 4869 2691 4914 servorum
2733 4860 2795 4915 et
2826 4852 3099 4915 militum
3140 4853 3273 4930 Dei,
3306 4872 3455 4918 eon-

1963 4954 2060 5008 tra
2102 4947 2463 5011 invisibiles
2511 4948 2722 5012 hostes
2772 4950 3201 5032 vitiorumque
3248 4952 3451 5015 aciem

1959 5045 2412 5127 praeliantium‚
2466 5064 2593 5109 non
2642 5048 2820 5130 ipsis,
2872 5050 2981 5111 sed
3029 5049 3153 5113 Deo
3202 5057 3266 5114 et
3312 5052 3452 5132 ejus

1959 5142 2066 5225 pio
2097 5144 2406 5221 subsidio,
2434 5153 2583 5207 sunt
2610 5146 3035 5209 adscribendi.
3054 5148 3165 5211 Cui
3198 5149 3287 5212 ait
3316 5150 3451 5213 Pro·

1958 5240 2153 5324 pheta
2180 5260 2195 5306 :
2229 5242 2295 5303 ln
2328 5251 2390 5304 te
2419 5244 2655 5326 eripiar
2682 5264 2719 5306 a
2748 5245 3116 5323 tentatione,
3136 5256 3197 5310 et
3229 5248 3295 5310 in
3325 5249 3450 5312 Deo
3476 5272 3742 5324 munao.

1955 5357 2098 5404 meo
2141 5341 2571 5421 transgrediar
2610 5361 2889 5406 murum.
2932 5343 3063 5409 lmo
3104 5354 3165 5409 et
3205 5346 3267 5409 in
3310 5364 3450 5411 cor-
