4284 6267
813 476 932 540 292
2188 489 2525 539 rnooemtm

928 663 1106 727 Unde
1143 663 1397 727 elicitur
1428 682 1535 727 eos
1574 683 1838 741 errasse,
1873 664 1984 745 qui
2017 663 2255 726 librum
2296 662 2489 725 istum
2525 664 2908 745 putaverunt
2947 663 3026 726 ad
3063 661 3345 726 litteram
3383 671 3446 725 et
3486 659 3899 725 historialiter

807 773 1252 853 exponendum
1284 773 1362 835 de
1400 772 1732 836 Salomone
1762 781 1824 835 et
1849 791 2083 855 sponsa
2111 771 2313 855 ipsius
2346 770 2482 832 filia
2512 771 2877 846 Pharaonis,
2912 770 3247 852 allegorice
3289 780 3499 833 autem
3532 770 3609 833 de
3647 769 3897 832 Christo

806 887 997 961 atque
1025 880 1326 943 Ecclesia.
1359 880 1463 944 Sic
1493 880 1664 943 enim
1695 880 1959 943 materia
1987 881 2181 963 hujus
2213 878 2359 941 libri
2390 886 2559 943 essct
2588 878 2759 956 vilis,
2792 878 3089 956 carnalis,
3123 880 3507 962 permodica,
3555 896 3680 940 non
3712 877 3899 960 spiri-

807 985 1017 1063 tualiS,
1069 987 1358 1069 mystica,
1408 987 1950 1070 praestantissima,
1998 996 2059 1049 et
2106 986 2426 1065 coelestis;
2468 1006 2585 1049 nec
2630 995 2796 1049 esset
2845 986 3007 1049 liber
3055 986 3485 1069 propheticuS‚
3532 986 3641 1047 sed
3688 986 3899 1067 potius

806 1094 1184 1158 amatorium
1218 1096 1536 1177 quoddam
1568 1113 1826 1158 carmen
1861 1112 1875 1156 :
1910 1114 2108 1176 quum
2141 1102 2354 1157 tamen
2395 1093 2559 1156 liber
2590 1094 2709 1156 iste
2747 1095 2832 1157 sit
2860 1093 3438 1175 spiritualissimus,
3472 1111 3546 1155 ac
3584 1094 3662 1154 de
3698 1092 3901 1155 since-

806 1201 1060 1265 rissimo
1102 1210 1377 1265 tractans
1421 1220 1658 1279 amore,
1707 1221 1780 1265 ac
1820 1200 2123 1285 perfectis
2167 1201 2578 1265 conveniens,
2626 1201 2911 1283 Denique
2962 1202 3256 1266 Salomon
3306 1200 3511 1263 filiam
3558 1202 3897 1263 Pharaonis

807 1308 987 1370 duxit
1015 1328 1276 1373 uxorem
1307 1309 1373 1372 in
1403 1310 1677 1391 pueritia
1706 1329 1842 1387 sua,
1874 1317 2217 1391 antequam
2250 1309 2872 1391 quartumdecimum
2904 1310 3113 1389 attigit
3140 1329 3405 1385 annum,
3430 1310 3779 1373 secundum
3807 1310 3901 1371 Jo-

807 1416 1110 1497 sephum3
1145 1416 1296 1494 imo,
1331 1418 1678 1480 secundum
1710 1417 1870 1479 alios
1901 1416 2305 1480 Hebraeorum
2339 1417 2649 1495 doctoreS,
2674 1418 2785 1480 diu
2816 1426 2961 1480 ante
2998 1436 3012 1479 ε
3047 1436 3164 1481 nec
3196 1418 3262 1479 in
3294 1418 3406 1479 illa
3434 1425 3617 1480 aetate
3646 1418 3900 1480 creden-

806 1522 926 1584 dus
956 1530 1052 1586 est
1081 1526 1516 1607 composuisse
1545 1526 1716 1588 hunc
1746 1524 2001 1601 librum,
2021 1526 2130 1588 sed
2162 1533 2381 1607 postea
2410 1524 2539 1586 diu.
2562 1524 2623 1587 Si
2656 1543 2806 1605 ergo
2837 1526 2915 1589 de
2944 1544 3011 1589 se
3040 1534 3103 1588 et
3133 1524 3273 1588 filia
3301 1525 3643 1589 Pharaonis
3673 1524 3791 1587 ista
3819 1525 3897 1587 ad

807 1628 1082 1692 litteram
1122 1632 1559 1714 expressisset,
1595 1632 1822 1696 suisset
1862 1632 2139 1695 narratio
2170 1633 2263 1697 rei
2303 1641 2515 1714 gestae,
2551 1651 2678 1696 non
2711 1633 3086 1697 vaticinium
3129 1631 3513 1711 futurorum,
3549 1651 3755 1714 neque
3793 1634 3899 1695 de-

808 1737 1072 1820 scriptio
1101 1739 1532 1822 spiritualium
1563 1741 1930 1823 nuptiarum
1967 1758 1981 1803 :
2016 1740 2201 1821 cujus
2230 1743 2593 1823 oppositum
2626 1742 2825 1805 sancti
2859 1750 2920 1805 et
2951 1741 3291 1804 illuminati
3321 1741 3626 1817 doctoreS,
3662 1741 3727 1803 in
3759 1741 3899 1821 qui-

808 1843 926 1907 bus
960 1845 1231 1928 Spiritus
1259 1848 1525 1911 Sanctus
1555 1848 1842 1911 habitare
1871 1856 1934 1911 et
1966 1847 2164 1929 loqui,
2190 1856 2253 1910 et
2282 1868 2396 1930 per
2427 1868 2532 1912 eos
2561 1849 2909 1912 Ecclesiam
2940 1848 3289 1913 informare
3314 1848 3529 1930 elegit,
3562 1857 3893 1911 testantur.

926 1953 1249 2031 Praeterea,
1285 1955 1587 2037 quoniam
1627 1976 1817 2039 super
1851 1956 1984 2018 haec
2021 1955 2278 2019 Cantica
2314 1957 2708 2020 canticorum
2750 1966 2840 2020 tot
2881 1966 2945 2019 et
2987 1966 3161 2020 tanta
3201 1977 3237 2020 a
3274 1957 3509 2019 sanctis
3549 1964 3609 2020 et
3651 1958 3900 2038 sapien-

808 2061 1071 2123 tissimis
1119 2062 1275 2125 viris
1324 2064 1685 2147 conscripta
1733 2072 1903 2141 sunt,
1955 2074 2026 2126 ut
2074 2064 2181 2128 vix
2226 2064 2417 2128 alicui
2464 2074 2641 2128 vacet
2692 2064 2901 2145 legere
2948 2065 3288 2146 universa3
3342 2083 3470 2128 non
3520 2064 3780 2127 intendo
3829 2064 3897 2125 in

804 2170 1200 2251 expositione
1234 2180 1358 2234 tam
1391 2172 1764 2235 sententiosi
1795 2171 2140 2235 voluminis
2173 2173 2442 2236 nimium
2475 2173 2823 2250 immorari,
2849 2174 2958 2237 sed
2991 2174 3205 2255 potius
3236 2192 3313 2236 ex
3345 2172 3613 2236 floribus
3646 2172 3896 2234 Patrum

807 2274 1112 2341 flosculos
1142 2281 1448 2361 quosdam
1478 2280 1797 2359 colligere,
1823 2289 1886 2342 et
1915 2299 2056 2361 quae
2085 2280 2420 2344 obscurius
2452 2280 2619 2343 dicta
2655 2290 2819 2357 sunt,
2844 2282 3013 2344 clare
3040 2281 3418 2362 exprimere.
3443 2280 3895 2343 Verumtamen

804 2384 884 2446 ad
924 2386 1405 2468 intelligendum
1445 2389 1735 2465 dicenda,
1779 2408 2036 2451 necesse
2075 2397 2171 2452 est
2204 2389 2498 2471 quaedam
2539 2389 2944 2471 praemittere.
