4284 6267
552 1038 659 1085 Luc.
676 1052 733 1089 vu,
750 1039 818 1079 30.

648 1315 719 1370 27
934 1313 1177 1373 Hostiae
1234 1313 1586 1388 impiorum
1645 1312 2125 1379 abominabiles,
2183 1313 2342 1390 quia
2452 1319 2638 1388 stere‚
2689 1319 2753 1374 et
2799 1313 2940 1393 ejus
2993 1312 3389 1395 propositum
3441 1311 3772 1394 impedire,
3833 1320 3952 1373 aut

844 1415 1207 1487 offeruntur
1234 1430 1317 1469 em
1352 1413 1601 1480 scelere,
1637 1409 1700 1471 id
1730 1418 1827 1472 est
1857 1429 1933 1471 ex
1973 1409 2196 1491 rapina
2233 1417 2343 1470 aut
2452 1407 2847 1470 voluntatem
2877 1408 3080 1490 ipsius
3118 1409 3201 1471 ab
3234 1407 3474 1472 effectu
3513 1407 3800 1472 absolute
3837 1427 3951 1472 vo-

848 1505 1041 1582 furt0,
1102 1515 1212 1570 aut
1266 1509 1558 1571 mercede
1617 1506 2048 1590 prostibulari.
2109 1507 2342 1570 Hostiae
2451 1504 2566 1569 lito
2605 1508 2925 1569 retardare
2959 1525 2972 1568 :
3007 1506 3311 1589 quoniam
3352 1506 3489 1589 ipse
3528 1525 3642 1589 per
3676 1507 3953 1588 Prophe-

846 1624 1120 1686 namque
1166 1606 1398 1687 legales
1444 1625 1571 1669 non
1612 1613 1793 1669 erant
1830 1614 2103 1689 acceptae
2141 1606 2207 1667 in
2248 1625 2337 1682 sc,
2453 1612 2580 1665 tam
2624 1612 2890 1668 testatur
2923 1623 2937 1667 :
2971 1604 3324 1668 Consilium
3369 1624 3581 1668 meum
3625 1605 3836 1681 stabit,
3881 1614 3950 1667 et
3981 1620 4250 1671 amma

846 1704 954 1766 sed
987 1724 1061 1766 ex
1092 1703 1507 1768 offerentium
1540 1705 1671 1768 fide
1699 1714 1765 1768 et
1793 1705 2167 1768 devotione:
2201 1705 2342 1767 ideo
2451 1703 2662 1765 omnis
2708 1703 2998 1766 voluntas
3047 1723 3186 1767 mea
3231 1702 3349 1767 fiet
3362 1723 3379 1784 3
3412 1712 3475 1766 et
3519 1722 3632 1787 per
3680 1704 3872 1766 alium
3925 1725 3944 1768 z

845 1802 1311 1884 displicuerunt
1349 1804 1497 1878 Deo,
1531 1804 1787 1885 quando
1816 1822 1892 1865 ex
1932 1803 2249 1884 injustitia
2279 1811 2342 1866 ct
2378 1801 2423 1862 B
2451 1801 2602 1875 Quis
2631 1801 2863 1864 similis
2893 1803 3041 1878 mei,
3077 1810 3141 1864 et
3171 1802 3317 1883 quis
3349 1802 3686 1864 sustinebit
3713 1805 3848 1864 me‘ss
3881 1810 3954 1865 et
4018 1825 4120 1868 ser.
4145 1839 4244 1870 xm.

649 1910 719 1964 28
847 1900 1005 1964 vitio
1035 1908 1144 1964 aut
1181 1901 1580 1984 turpitudine
1618 1901 2085 1966 offerebantur.
2120 1938 2202 1949 —-
2240 1906 2344 1962 Te-
2451 1900 2597 1982 quis
2620 1910 2717 1964 est
2739 1900 2859 1964 iste
2884 1909 3099 1982 pastor
3128 1901 3235 1981 qui
3264 1901 3516 1964 resistat
3536 1901 3739 1963 vultui
3766 1904 3947 1964 meo?
3985 1891 4054 1938 ¹⁹³
4075 1891 4200 1939 2⁴⁴·

846 2003 963 2060 stis
992 2004 1275 2062 mendax
1297 2003 1561 2079 peribit.
1594 2000 1771 2064 Unde
1814 2001 2053 2066 dictum
2100 2010 2196 2063 est
2239 2022 2344 2063 su·
2451 1999 2594 2062 Ideo
2638 2007 2893 2062 sanctus
2940 1999 3056 2063 Job
3105 1998 3310 2062 fassus
3361 2006 3458 2062 est
3500 2016 3514 2061 ε
3559 1999 3720 2062 Deus
3769 1999 3949 2062 solus
4019 2017 4108 2060 10⁶
4139 2032 4244 2066 mu,

557 2118 815 2165 Pm.x·x.⁵.
850 2119 1010 2183 pra:
1051 2101 1252 2164 Testis
1293 2102 1564 2165 mendax
1614 2121 1742 2164 non
1792 2101 1913 2164 erit
1960 2100 2338 2182 impunitus,
2451 2105 2567 2173 est,
2619 2105 2683 2160 et
2729 2097 3180 2177 cogitationem
3229 2099 3371 2179 ejus
3423 2116 3611 2161 nemo
3660 2106 3950 2162 avertere
3985 2082 4056 2123 ¹³·

848 2201 955 2262 Vir
977 2202 1271 2260 obediens
1300 2204 1594 2280 loquetur
1618 2203 1922 2261 victorias
1943 2199 2050 2261 :id
2077 2207 2188 2274 cst,
2213 2199 2344 2281 ipso
2451 2203 2692 2278 potest3
2733 2205 2796 2259 et
2843 2198 3290 2279 quodcumque
3335 2197 3560 2273 voluit,
3597 2196 3771 2260 fecit.
3814 2198 3951 2260 lmo

846 2296 1015 2361 facto
1065 2300 1353 2366 ostendet
1404 2317 1471 2361 se
1516 2297 1741 2361 fortem
1784 2317 1856 2361 ac
1898 2297 2336 2374 victoriosum,
2453 2312 2620 2376 saepe
2650 2314 2764 2377 per
2792 2313 2866 2358 ea
2904 2314 3046 2376 quae
3075 2295 3367 2358 homines
3404 2303 3600 2376 agunt
3628 2296 3706 2358 ad
3749 2294 3952 2376 impe-

843 2395 1147 2478 dabitque
1186 2396 1330 2458 aliis
1362 2396 1691 2458 materiam
1734 2395 2034 2476 loquendi
2076 2396 2156 2458 de
2185 2396 2339 2474 hoc;
2453 2393 2752 2455 diendum
2788 2393 2851 2455 id
2888 2394 3062 2475 quod
3101 2393 3265 2456 Deus
3299 2394 3599 2470 decrevit,
3629 2393 3786 2457 illud
3818 2413 3954 2456 am-

844 2494 965 2567 vel‚
1000 2495 1078 2556 ad
1113 2495 1361 2557 laudem
1398 2495 1502 2557 Dei
1543 2493 2168 2576 aedificationemque
2199 2512 2344 2576 pro·
2453 2492 2622 2574 plius
2679 2492 3088 2574 adimpletur.
3148 2492 3411 2574 Insuper
3475 2501 3682 2575 potest
3739 2502 3802 2555 ct
3857 2493 3954 2554 ita

844 2591 1019 2668 ximi,
1035 2591 1316 2654 narrabit
1337 2591 1614 2672 qualiter
1635 2590 1989 2654 obediendo
2010 2591 2345 2673 praevaluit
2451 2589 2704 2672 exponi,
2729 2590 2898 2671 quod
2933 2589 3110 2651 nulla
3138 2589 3451 2672 sapientia
3479 2590 3947 2669 haereticorum,

841 2689 1222 2753 adversariis
1255 2709 1385 2752 suae
1416 2690 1663 2764 salutiS,
1699 2697 1762 2751 et
1800 2708 2054 2752 carnem
2096 2709 2170 2752 ac
2201 2709 2343 2752 sen-
2452 2689 2630 2752 nulla
2659 2689 2923 2753 scientia
2953 2689 3503 2772 philosophorum,
3524 2691 3772 2753 nullum
3803 2709 3952 2752 con·

842 2789 1199 2851 sualitatem
1232 2789 1459 2851 rationi
1494 2787 1860 2868 subJe-cerit,
1896 2797 1958 2850 et
1988 2807 2103 2850 suo
2138 2788 2344 2852 domi·
2450 2788 2668 2850 silium
2698 2796 3126 2870 tyrannorum,
3142 2789 3348 2870 potuit
3377 2789 3758 2870 evangelicae
3787 2789 3950 2869 legis

844 2896 1031 2950 natus
1062 2887 1146 2948 sit
1175 2887 1411 2964 animo,
1450 2886 1801 2967 viceritque
1834 2905 1901 2948 se
1933 2886 2165 2968 ipsum.
2199 2885 2335 2962 Vel,
2449 2907 2523 2950 ac
2574 2887 2728 2950 fidei
2780 2887 3113 2950 veritatem
3160 2887 3523 2970 reprobare,
3569 2889 3946 2971 exstirpare,

845 2987 1165 3067 Loquetur
1197 2985 1517 3061 victoriaS,
1555 2985 1618 3047 id
1647 2993 1765 3061 est,
1803 2984 2075 3046 humilia
2102 2992 2165 3046 ct
2195 2984 2344 3048 obe-
2377 2987 2420 3050 C
2451 2993 2555 3048 aut
2592 2987 2733 3066 ejus
2775 2984 3196 3049 diffusionem
3237 3006 3350 3069 per
3392 2988 3701 3049 mundum
3747 2987 3952 3070 impe-

844 3084 1173 3148 dientialia
1228 3083 1405 3146 dabit
1464 3102 1769 3166 responsa
1819 3081 2342 3165 praecipientibus
2452 3087 2608 3160 dire,
2662 3084 2967 3165 quoniam
3020 3085 3179 3147 Deus
3225 3085 3509 3149 decrevit
3559 3105 3696 3149 eam
3747 3086 3948 3149 disse-

846 3183 992 3255 sibi,
1032 3203 1141 3265 per
1183 3203 1327 3265 quae
1369 3183 1751 3245 adversariis
1794 3182 2014 3263 gratiae
2046 3183 2345 3264 praevale-
2453 3183 2696 3245 minare
2735 3191 2798 3244 et
2835 3181 3220 3246 confirmare
3250 3183 3318 3245 in
3358 3185 3620 3247 mundo.

846 3283 963 3345 bit.
998 3282 1319 3363 Loquetur
1347 3299 1601 3362 quoque
1632 3279 1904 3343 libenter
1937 3280 2258 3358 victoriaS,
2279 3281 2342 3344 id
2533 3285 2760 3361 Equus
2787 3290 3072 3360 paratur
3100 3284 3188 3341 ad
3215 3284 3389 3342 diem
3418 3283 3593 3352 belli,
3625 3285 3942 3344 Dominus
4081 3298 4148 3353 31

847 3389 945 3445 est
966 3379 1237 3444 aliorum
1260 3378 1605 3442 electorum
1627 3378 1937 3460 gloriosos
1959 3378 2341 3460 triumphOS,
2454 3389 2672 3441 autem
2720 3383 2991 3440 salutem
3047 3382 3282 3442 tribuet
3312 3401 3335 3440 .·
3367 3380 3430 3443 id
3480 3390 3596 3458 est,
3649 3381 3943 3463 quamvis

852 3479 1087 3560 quibus
1145 3479 1223 3541 de
1274 3478 1533 3555 mundo,
1598 3495 1787 3540 carne
1842 3485 2033 3559 atque
2090 3476 2345 3541 diabolo
2456 3478 2799 3561 pugnaturi
2825 3479 2904 3540 ad
2929 3478 3348 3560 praeliandum
3371 3499 3440 3542 se
3463 3480 3754 3542 muniant
3775 3481 3946 3561 equi-

656 3589 727 3644 29
853 3578 1428 3659 triumphaverunt.
1452 3613 1531 3623 —
1580 3579 1691 3640 Vir
1720 3577 1964 3654 impius·
1990 3579 2348 3654 procaciter
2456 3585 2662 3639 tatura
2690 3585 2755 3639 ct
2782 3585 3126 3653 armatura,
3164 3575 3456 3640 faciendo
3487 3579 3655 3659 quod
3691 3579 3755 3641 in
3789 3580 3946 3663 ipsis

848 3679 1147 3753 obfirmat
1178 3680 1435 3737 vultum
1462 3697 1680 3743 suum,
1712 3673 1776 3736 id
1818 3683 1935 3749 est,
1973 3674 2341 3738 interiorem
2455 3683 2574 3751 est,
2597 3694 2677 3736 ne
2708 3675 3046 3736 videantur
3073 3675 3267 3737 Deum
3302 3683 3582 3754 tentare3
3627 3685 3837 3740 tamen
3870 3699 3946 3742 cx

852 3793 1029 3837 suam
1085 3774 1553 3837 indurationem
1615 3773 2021 3855 impudenter
2067 3773 2347 3836 ostendit
2457 3774 2676 3837 divina
2736 3772 3138 3855 providentia
3185 3781 3247 3835 ct
3293 3774 3760 3856 omnipotentia
3811 3777 3940 3853 Dei,

854 3872 1018 3935 facie
1048 3881 1247 3948 torva,
1284 3881 1348 3934 et
1374 3872 1557 3954 quasi
1590 3889 1657 3933 se
1689 3878 1893 3932 armat
1931 3870 2114 3933 vultu
2148 3869 2344 3934 feroci
2457 3872 2830 3934 conceditur
2879 3870 3028 3933 huic
3077 3879 3186 3933 aut
3235 3871 3328 3933 illi
3380 3872 3668 3936 victoria.
3706 3873 3946 3938 Idcirco

850 3971 928 4032 ad
963 3989 1087 4034 non
1125 3969 1559 4052 recipiendum
1591 3968 2118 4044 exhortationem,
2144 3986 2347 4031 corre-
2457 3970 2524 4032 in
2554 3970 2681 4032 Deo
2711 3969 3152 4052 principaliter
3178 3978 3276 4033 est
3303 3972 3700 4052 sperandum,
3714 3981 3778 4035 et
3805 3973 3948 4054 ejus

588 4085 693 4127 cm
710 4097 822 4137 mu,
854 4068 1160 4151 ptionem,
1194 4067 1735 4131 emollitionemve
1762 4066 2065 4147 aliquam.
2100 4066 2203 4129 Sic
2235 4067 2347 4128 La·
2455 4067 2762 4131 auxilium
2811 4075 2908 4130 est
2957 4068 3322 4150 petendum.
3361 4068 3538 4132 Unde
3583 4069 3651 4131 in
3701 4070 3945 4134 Psalmo

561 4148 601 4198 ²’
622 4150 663 4190 ⁵·
854 4167 979 4236 ban
1008 4166 1383 4230 obfirmavit
1410 4166 1657 4246 vultum
1698 4185 1882 4226 suum
1922 4166 2225 4227 adversus
2250 4164 2348 4226 Ja-
2379 4173 2427 4235 D
2457 4165 2692 4228 dicitur
2728 4182 2741 4227 :
2783 4165 2996 4227 Fallax
3024 4185 3227 4247 equus
3255 4167 3333 4228 ad
3374 4166 3642 4232 salutem
3673 4187 3690 4248 ;
3743 4177 3808 4232 ct
3831 4169 3946 4231 ali·
4017 4195 4100 4237 Px.
4121 4207 4238 4241 mu,

558 4281 822 4337 ineam..
852 4264 993 4341 cob,
1018 4273 1081 4328 et
1109 4263 1253 4326 Saul
1287 4272 1508 4328 contra
1536 4262 1753 4340 David,
1778 4281 1963 4344 quem
2000 4283 2126 4326 non
2160 4263 2348 4326 rectis
2458 4265 2545 4340 bi,
2581 4263 2860 4327 Victoria
2901 4264 2980 4326 dc
3021 4264 3184 4327 coelo
3233 4273 3350 4327 est.
3390 4265 3546 4328 Hinc
3596 4265 3830 4346 legitur
3873 4267 3942 4329 in
3974 4261 4162 4366 samu
4187 4297 4269 4366 m(

852 434 969 501 ¹42

1509 451 1859 498 marmano
1901 451 1966 496 m
2008 449 2149 498 GAP.
2195 450 2304 496 xx!
2346 449 2831 498 Pnovnnmonmt.
2878 470 2959 480 -—
2999 451 3141 498 ART.
3189 452 3296 497 xxl

846 640 950 699 na,
985 629 1048 684 et
1077 622 1396 685 interdum
1436 621 1627 685 etiam
1658 621 2039 704 spiritualia,
2074 620 2342 684 remisso
2371 620 2424 682 A
2455 619 2671 698 mixta,
2705 622 3066 699 emendare,
3089 621 3310 697 vitare,
3335 621 3569 698 delere,
3595 629 3660 684 et
3687 629 3956 684 accusat

842 718 1106 796 affectu,
1146 721 1255 783 sed
1292 720 1593 785 abhorret
1631 718 1946 800 laborem;
1980 722 2098 800 qui
2126 730 2344 781 autem

829 819 1057 896 justus
1102 828 1213 894 est,
1267 821 1502 879 tribuet
1550 837 1622 881 ea
1686 839 1829 900 quae
1876 817 2342 883 rationabiliter

846 917 1251 999 postulantur
1279 916 1361 979 ab
1398 935 1475 980 eo
1505 935 1621 1000 pro
1650 936 1863 1000 posse,
1898 916 2063 980 sicut
2091 915 2182 979 ait
2212 914 2344 978 Sal·-

846 1023 1027 1080 vator
1059 1033 1073 1077 :
1107 1015 1294 1079 Omni
1324 1015 1569 1098 petenti
1608 1024 1671 1078 te
1699 1016 1942 1095 tribue3
1974 1025 2033 1075 ec
2062 1037 2194 1077 non
2220 1036 2344 1076 ces-

844 1115 1009 1174 sabit
1059 1122 1350 1195 tempore
1406 1123 1769 1196 opportuno
1827 1133 1944 1178 sua
1986 1113 2344 1177 communi-

846 1231 989 1274 care
1027 1220 1092 1275 et
1126 1229 1315 1292 agere
1354 1213 1539 1276 bene.

854 4363 1057 4427 oculis
1104 4362 1491 4426 intuebatur.
1537 4363 1665 4433 Qui
1711 4373 1937 4422 autem.
1979 4372 2187 4422 rectus
2232 4373 2343 4433 esc,

853 4463 1123 4539 corriyic
1163 4464 1341 4522 viam
1378 4482 1592 4527 suam,
1637 4459 1700 4522 id
1738 4467 1854 4536 est,
1894 4458 2182 4541 quotidie
2221 4468 2349 4522 stu-

853 4561 960 4624 det
988 4559 1263 4623 venialia
1293 4567 1552 4642 peccata
1584 4557 1768 4622 bonis
1797 4557 2043 4620 actibus
2077 4557 2210 4620 suis
2242 4559 2349 4620 ad-

2451 739 2520 782 se
2560 739 2794 802 ipsum.

2531 819 2682 881 Non
2721 829 2812 880 est
2859 821 3209 898 sapientia,
3259 840 3390 880 non
3435 828 3526 879 est
3558 820 3954 897 prudentia,

2450 936 2581 976 non
2628 927 2718 978 est
2761 920 3106 980 consilium
3152 927 3376 980 contra
3423 920 3778 979 Dominum
3807 938 3828 978 :
3877 917 3950 978 id

2451 1023 2569 1090 est,
2606 1034 2721 1078 nec
2765 1035 2880 1098 per
2919 1016 3352 1096 cognitionem
3400 1014 3786 1092 divinorum,
3825 1033 3952 1077 nec

2451 1131 2565 1194 per
2597 1114 2884 1177 notitiam
2916 1123 3372 1192 creaturarum,
3403 1133 3518 1178 nec
3547 1133 3661 1196 per
3689 1113 3956 1178 investi·

2449 1211 2769 1290 gationem
2806 1213 3140 1293 agibilium
3185 1220 3393 1296 potest
3433 1212 3580 1294 quis
3629 1213 3750 1276 Deo
3791 1213 3953 1275 resi-

4087 829 4160 883 30

2456 4363 2624 4426 libro
2652 4361 3004 4425 Verborum
3034 4362 3314 4426 dierum:
3343 4362 3406 4426 Si
3440 4373 3624 4444 putas
3659 4364 3725 4427 in
3763 4365 3946 4428 mbo.
3977 4388 4044 4428 ,9,

2457 4480 2524 4524 re
2566 4460 2879 4524 exercitus
2923 4459 3090 4524 bella
3139 4460 3507 4540 consistere,
3544 4463 3828 4545 superari
3881 4471 3945 4527 te
3973 4447 4234 4554 &fum-

2457 4557 2648 4622 faciet
2691 4559 3020 4622 Dominus,
