4284 6267
1018 517 1369 570 ENARRA'no
1411 522 1473 568 m
1515 521 1652 570 car.
1700 509 1786 568 κῆ
1828 513 2311 570 rnovnnmonn'u.
2359 541 2440 552 —
2479 517 2622 570 ΛΒΤ.
2669 517 2756 570 xn
3356 502 3430 572 81

178 691 235 746 ¹5
428 691 549 750 Via
581 694 801 763 stulti,
830 703 1001 755 recca
1036 697 1110 757 in
1153 698 1357 756 oculis
1396 696 1562 772 ejus,
1605 694 1669 757 id
1712 701 1829 770 est,
1864 692 1915 754 A
1944 703 2007 756 ta
2038 695 2200 758 illud
2235 713 2249 758 z
2286 695 2698 760 Simulatores
2738 705 2799 759 et
2839 696 3053 760 callidi
3084 706 3432 780 provocant
3493 723 3576 767 100
3593 739 3734 779 nm,

332 789 498 852 actio
537 809 653 853 seu
698 791 937 856 locutio
974 793 1075 856 vel
1117 793 1515 856 conversatio
1556 813 1671 856 sua
1710 793 1833 855 sibi

334 885 501 949 bona
558 887 816 952 videtur
866 907 881 952 :
929 891 1233 971 quoniam
1288 891 1449 954 ratio
1501 891 1641 972 ejus
1692 910 1836 972 pas-

334 985 627 1050 sionibus
682 988 874 1066 victa,
928 999 991 1052 et
1035 989 1211 1052 vitiis
1265 998 1457 1072 atque
1510 990 1835 1053 erroribus

334 1085 694 1162 obscurata,
750 1087 993 1168 judicat
1053 1088 1240 1152 valde
1291 1108 1609 1172 perverse,
1668 1089 1835 1152 sicut

336 1182 711 1247 febricitans
761 1204 1016 1250 omnem
1074 1187 1291 1250 cibum
1351 1188 1597 1269 judicat
1649 1187 1832 1270 quasi

130 1295 240 1337 1-oe
256 1307 307 1346 n.
336 1301 647 1345 amarum.
681 1283 943 1347 Talibus
974 1284 1207 1350 dicitur
1243 1303 1257 1349 :
1292 1286 1399 1350 Vae
1430 1287 1541 1368 qui
1574 1304 1836 1351 conver-

92 1357 143 1399 ¹³‘
335 1381 501 1444 tistis
553 1382 621 1444 in
670 1383 1163 1448 amaritudinem
1210 1385 1547 1467 judicium,
1590 1394 1652 1449 et
1702 1385 1837 1448 fru-

339 1487 507 1544 ctum
553 1481 823 1564 justitiae
865 1483 933 1544 in
978 1483 1395 1546 absinthium.
1444 1483 1617 1560 Quod
1664 1484 1835 1548 enim

338 1579 479 1660 quis
508 1587 703 1658 amat,
740 1580 863 1645 hoc
889 1581 1135 1663 judicat
1169 1584 1429 1646 bonum.
1466 1584 1619 1646 Nam
1659 1603 1836 1646 amor

338 1679 625 1760 privatus
683 1687 747 1742 et
795 1680 1015 1742 odium
1074 1689 1447 1764 pervertunt
1474 1671 1479 1677 ’
1494 1681 1831 1763 judicium.

120 1794 312 1886 stream.
340 1777 577 1841 Idcirco
634 1778 943 1842 Dominus
1002 1789 1389 1862 protestatur
1443 1798 1457 1843 ε
1514 1779 1834 1863 Numquid

340 1975 419 2036 tis
446 1975 716 2053 bonum,
752 1985 815 2039 et
846 1975 1115 2058 diligitis
1146 1977 1431 2039 malum?
1467 1979 1593 2046 Qui
1618 1989 1835 2039 autem

338 2076 595 2151 sapiens
621 2085 737 2142 εει,
770 2076 961 2136 audit
989 2078 1287 2144 consilia,
1314 2074 1376 2138 id
1408 2084 1525 2153 est,
1560 2076 1835 2158 diligen-

342 2180 435 2234 ter
462 2191 539 2235 ea
567 2173 867 2248 advertit,
898 2173 1273 2250 considerat,
1300 2181 1381 2250 et,
1416 2174 1471 2236 si
1502 2175 1840 2256 expedien-

345 2270 429 2333 tia
457 2281 632 2349 sunt,
658 2271 991 2354 adimplet.
1014 2272 1210 2336 Nemo
1240 2290 1391 2352 ergo
1427 2281 1554 2335 tam
1584 2273 1839 2355 sapiens

346 2369 426 2431 sit
472 2370 541 2433 in
590 2370 727 2432 suis
782 2371 1008 2447 oculiS,
1060 2378 1133 2433 ut
1182 2378 1558 2452 aspernetur
1617 2371 1839 2435 audire

344 2467 633 2530 consilia.
668 2468 805 2532 Non
837 2468 1012 2530 enim
1043 2486 1207 2530 unus
1252 2468 1441 2532 homo
1474 2476 1681 2551 potest
1712 2488 1843 2533 om-

348 2566 451 2628 nia
477 2567 919 2646 considerare;
944 2558 1279 2630 nec'homo
1310 2567 1375 2629 in
1420 2567 1677 2650 propria
1704 2587 1844 2631 cau·

346 2685 411 2727 sa
438 2683 694 2747 semper
732 2664 939 2730 bonus
981 2674 1078 2728 est
1116 2666 1332 2747 judex.
1376 2666 1538 2729 Deus
1583 2684 1842 2748 quoque

347 2763 717 2845 frequenter
746 2763 1032 2844 suggerit
1066 2772 1128 2826 et
1168 2765 1407 2828 revelat
1452 2765 1583 2840 uni,
1620 2765 1748 2828 imo
1779 2774 1844 2829 et

344 2861 660 2940 inferiori,
692 2863 868 2944 quod
897 2880 1025 2925 non
1057 2861 1327 2944 inspirat
1355 2863 1561 2938 alteri,
1598 2882 1713 2926 nec
1744 2883 1843 2926 su-

342 2946 613 3045 periori3
645 2970 711 3026 et
750 2959 1004 3025 facilius
1047 2960 1394 3039 invenitur,
1427 2963 1601 3043 quod
1633 2980 1670 3025 a
1700 2963 1840 3045 plu-

345 3060 521 3124 ribus
560 3061 895 3143 quaeritur.

173 3173 231 3229 16
418 3165 675 3223 Fatuus
722 3163 947 3222 statim
994 3161 1249 3222 indicat
1298 3161 1473 3222 iram
1519 3181 1728 3232 suam,
1774 3161 1841 3222 id

344 3267 455 3335 est,
492 3257 655 3322 foris
684 3260 963 3343 erumpit
1004 3276 1119 3341 per
1158 3258 1501 3322 iracundia)
1541 3259 1743 3340 signa,
1778 3267 1839 3321 et

345 3355 675 3420 flammam
716 3377 849 3421 suae
888 3357 1336 3422 commotionis
1378 3365 1679 3439 evaporat
1727 3376 1840 3439 per

343 3457 534 3520 verba
576 3465 643 3520 et
680 3463 899 3536 gestus
943 3457 1269 3534 distortOS,
1321 3474 1450 3519 non
1502 3456 1839 3518 attendens

340 3575 533 3637 quam
570 3555 985 3618 inhonestum
1032 3554 1114 3616 sit
1155 3555 1299 3618 hoc.
1347 3555 1501 3618 Nam
1554 3552 1839 3638 passioni

342 3654 671 3736 subjectus
700 3661 817 3730 est,
854 3671 971 3716 nec
1001 3671 1115 3735 per
1154 3655 1710 3717 mansuetudinem
1746 3673 1842 3717 re-

342 3751 599 3816 frenare
640 3771 709 3816 se
741 3752 966 3815 didicit
1000 3769 1014 3814 :
1049 3751 1291 3816 idcirco
1332 3771 1445 3834 per
1484 3752 1643 3815 iram
1690 3762 1843 3816 tota-

344 3852 489 3914 liter
529 3860 883 3915 excaecatur
930 3851 1071 3933 ejus
1122 3851 1305 3930 ratic,
1358 3859 1620 3934 propter
1669 3852 1839 3932 quod

344 3959 511 4014 recte
552 3950 787 4013 stultus
834 3958 1118 4014 vocatur.
1165 3950 1289 4014 Nec
1330 3949 1603 4013 advertit
1646 3970 1839 4032 quam

342 4050 571 4113 nociva
618 4051 705 4111 sit
744 4048 860 4112 ira.
912 4049 999 4112 De
1048 4067 1175 4130 qua
1222 4049 1311 4111 ait
1357 4049 1777 4131 Hieronymus
1822 4067 1837 4112 t

346 4147 531 4228 Fuge,
567 4167 608 4210 o
638 4147 853 4224 homo,
892 4148 1077 4224 iram,
1118 4167 1261 4230 quae
1291 4157 1383 4211 est
1422 4146 1625 4211 hostis
1664 4156 1843 4210 natu-

342 1884 619 1940 vaetrum
644 1886 744 1940 est
776 1877 941 1941 scire
968 1877 1305 1960 judicium,
1328 1879 1441 1962 qui
1472 1881 1619 1943 odio
1650 1880 1837 1944 habe-
1864 1874 1910 1936 B
1948 1875 2216 1951 Amnon,
2253 1874 2416 1937 nihil
2463 1874 2710 1938 locutus
2755 1884 2850 1937 est
2892 1875 2986 1956 ei3
3035 1877 3143 1939 sed
3185 1877 3438 1959 expleto

1945 793 2103 856 iram
2136 794 2264 857 Dei.
2301 794 2530 876 Sicque
2559 794 2880 876 loquendo
2909 796 2988 858 de
3020 796 3274 872 callido,
3315 798 3436 860 iste
3470 790 3536 832 ¹³·

1944 901 2037 954 est
2084 912 2310 955 sensus
2352 911 2365 955 ε
2414 892 2527 967 Qui
2579 893 2942 956 dissimulat
2991 894 3314 975 injuriam,
3369 895 3434 957 id

1942 999 2059 1066 est,
2096 990 2286 1072 fingit
2318 1010 2385 1054 se
2416 1010 2544 1054 non
2575 992 2901 1055 advertere
2942 1011 3057 1056 nec
3089 1013 3312 1058 curare
3343 993 3439 1056 in-

1941 1089 2175 1170 juriam
2215 1089 2338 1151 sibi
2379 1089 2644 1167 illatam,
2689 1098 3002 1171 quatenus
3057 1099 3274 1172 postea
3321 1093 3439 1154 im-

1943 1189 2197 1269 provise
2223 1187 2481 1268 gravius
2515 1189 2796 1252 vindicet
2822 1207 2984 1266 eam,
3005 1196 3101 1251 est
3127 1189 3429 1253 callidus:

1941 1285 2149 1368 qualis
2179 1287 2500 1369 praecipue
2531 1285 2654 1349 fuit
2680 1286 2856 1363 Joab,
2893 1288 3005 1368 qui
3042 1287 3428 1368 injuriosum

1942 1384 2067 1446 sibi
2107 1393 2408 1467 reputans
2445 1386 2615 1467 quod
2646 1385 2873 1448 Amasa
2915 1384 3103 1449 fieret
3137 1385 3437 1469 princeps
3467 1403 3615 1461 11309.
3630 1416 3732 1458 xm,

1942 1483 2192 1546 militiae
2234 1482 2372 1554 loco
2416 1484 2642 1565 ipsiuS‚
2688 1483 3120 1549 dissimulavit
3171 1502 3239 1547 se
3288 1484 3436 1548 inde
3468 1471 3536 1513 ²⁵·

1945 1581 2182 1658 dolere,
2215 1589 2279 1644 et
2327 1581 2517 1664 paulo
2560 1588 2704 1663 post
2747 1581 3096 1663 proditorie
3143 1582 3436 1645 Amasam
3466 1605 3729 1657 mamm

1946 1677 2145 1760 magis
2186 1688 2516 1742 strenuum
2557 1699 2646 1757 εθ,
2679 1679 2931 1743 occidit.
2968 1681 3136 1743 Talis
3180 1699 3438 1763 quoque

1946 1777 2071 1839 fuit
2097 1786 2161 1841 et
2201 1777 2500 1852 Absalon‚
2535 1779 2645 1860 qui
2693 1777 2928 1842 violata
2957 1797 3070 1840 sua
3109 1798 3319 1842 sorore
3356 1779 3437 1842 ab
3499 1799 3719 1852 mann,

3468 1865 3632 1977 23:2²5:
3663 1866 3731 1918 '³'

1946 1973 2230 2050 biennio,
2293 1974 2504 2055 ipsum
2554 1975 2844 2055 peremit.
2908 1975 3228 2037 Interdum
3288 1994 3440 2040 vero

1944 2073 2258 2155 accipitur
2299 2072 2566 2136 callidus
2611 2092 2726 2155 pro
2768 2081 2978 2136 astuto
3025 2093 3137 2138 seu
3187 2093 3438 2155 sagace.

1948 2172 2201 2254 Sicque,
2234 2169 2350 2246 Qui
2380 2170 2742 2234 dissimulat
2772 2171 3076 2254 injuriam
3108 2193 3310 2252 suam,
3335 2175 3448 2237 ha-

1946 2269 2154 2333 bendo
2184 2289 2252 2333 se
2280 2289 2354 2333 ac
2393 2270 2446 2332 si
2477 2289 2617 2332 eam
2657 2271 2955 2346 nesciret,
2989 2280 3184 2354 atque
3228 2281 3296 2334 ut
3339 2291 3447 2355 pe-

1949 2368 2121 2429 nitus
2152 2387 2292 2431 eam
2323 2369 2758 2446 obliviscatur,
2793 2369 3064 2432 callidus
3101 2378 3217 2445 est,
3253 2372 3320 2434 id
3350 2380 3446 2435 est

1948 2473 2195 2528 astutus
2235 2474 2297 2530 et
2337 2485 2546 2547 sagaX.
2577 2467 2756 2530 Unde
2799 2467 3064 2549 antiqua
3115 2469 3446 2533 translatio

1950 2564 2234 2627 continet
2268 2584 2282 2628 ε
2317 2563 2556 2626 Stultus
2603 2565 2979 2647 pronuntiat
3023 2568 3241 2630 eadem
3290 2568 3449 2632 hora

1952 2663 2111 2725 iram
2159 2681 2377 2742 suam3
2425 2662 2698 2726 occultat
2755 2672 2972 2727 autem
3025 2665 3445 2746 ignominiam

1952 2780 2130 2823 suam
2161 2769 2428 2823 astutus.
2463 2760 2642 2823 Circa
2680 2763 2854 2843 quod
2888 2761 2976 2825 ait
3014 2761 3234 2828 Glossa
3267 2785 3281 2829 ε
3314 2764 3451 2827 Cal-

1952 2861 2119 2923 lidus
2163 2878 2292 2923 non
2331 2858 2470 2924 vult
2506 2860 2824 2924 occultare
2867 2861 3022 2924 iram
3065 2881 3178 2925 seu
3221 2863 3449 2944 injuri-

1948 2978 2045 3021 am
2074 2977 2256 3021 suam
2285 2966 2355 3020 ut
2379 2959 2582 3035 duret,
2603 2959 2714 3022 sed
2741 2967 2814 3021 ut
2843 2960 3106 3024 omnino
3134 2961 3442 3025 deleatur.

1874 3057 1918 3119 C
1952 3057 2059 3118 Est
2098 3057 2270 3120 enim
2312 3065 2536 3119 natura
2577 3057 2708 3135 irae,
2743 3066 2813 3119 ut
2850 3058 3097 3141 prolata
3137 3059 3284 3143 plus
3323 3059 3449 3123 fer-

1948 3163 2112 3233 veat,
2147 3155 2459 3219 occultata
2497 3155 2880 3235 languescat.
2915 3157 3041 3220 Hoc
3073 3159 3257 3222 modo
3291 3158 3438 3221 Saul

1946 3254 2152 3317 adhuc
2195 3253 2423 3329 bonuS‚
2472 3254 2538 3314 in
2583 3253 2902 3336 principio
2947 3255 3125 3334 regni
3169 3249 3270 3318 sui
3315 3257 3444 3320 dis-

1948 3351 2276 3415 simulavit
2305 3371 2372 3415 se
2401 3353 2621 3415 audire
2651 3351 2846 3415 verba
2877 3353 3328 3435 injuriantium
3362 3355 3446 3418 si-
3476 3375 3739 3430 [noma-1.

1949 3451 2014 3514 bi
2050 3471 2063 3516 :
2096 3471 2238 3534 quae
2272 3471 2390 3515 nec
2419 3460 2638 3534 postea
2677 3451 2879 3516 voluit
2906 3451 3256 3530 vindicare,
3290 3454 3436 3516 data
3498 3473 3740 3528 meanis,

1948 3550 2442 3633 opportunitate,
2491 3559 2561 3614 ut
2601 3551 2810 3633 primo
2859 3550 3098 3630 Regum
3142 3551 3438 3615 habetur.
3479 3539 3544 3580 ¹³·

1948 3648 2107 3712 Hinc
2134 3648 2373 3712 Seneca
2413 3649 2696 3731 loquitur
2729 3669 2742 3714 :
2776 3649 2894 3713 Res
2933 3669 3182 3732 magnae
3223 3649 3444 3730 gloriae

1950 3757 2066 3826 est,
2118 3747 2508 3827 indulgendo
2556 3756 2812 3830 peccata
2861 3749 3203 3830 corrigere,
3243 3750 3450 3830 magis

1952 3866 2141 3929 quam
2183 3845 2588 3910 vindicando.

2037 3949 2166 4017 Qui
2205 3949 2374 4027 quod
2419 3947 2598 4006 novit
2642 3948 2954 4024 loquitur,
3001 3944 3065 4007 id
3115 3954 3232 4022 est,
3277 3947 3448 4029 quod
3578 3953 3643 4008 17

1951 4065 2170 4109 verum
2219 4063 2357 4107 esse
2405 4043 2546 4120 scit,
2591 4061 2705 4105 suo
2755 4052 3036 4124 tempore
3085 4043 3329 4125 profert
3377 4065 3450 4109 ac

1950 4151 2306 4218 attestatur,
2341 4143 2842 4218 indemjustitioe
2879 4151 2992 4212 εει,
3023 4141 3088 4202 id
3132 4150 3249 4219 est,
3283 4142 3451 4206 indi-

345 4266 447 4325 rae,
467 4243 817 4310 confundit
841 4245 1547 4327 justitiam,amicitiam
1578 4247 1837 4329 rumpit,
1873 4252 1920 4313 D
1951 4250 2053 4307 cat
2079 4243 2322 4324 justum
2357 4259 2424 4303 se
2457 4257 2617 4316 esse,
2649 4247 2713 4302 et
2749 4238 2955 4321 ipsam
2990 4240 3325 4303 veritatem
3355 4241 3451 4322 ju·

341 4345 750 4410 concordiam
790 4343 1081 4426 dissipat,
1114 4342 1327 4407 aufert
1362 4363 1580 4427 pacem
1626 4355 1839 4428 pecto·
1868 4333 1923 4344 ⁸

343 4445 451 4522 τῖε,
500 4453 566 4507 et
618 4441 785 4506 tollit
841 4441 1143 4524 gaudium
1197 4442 1591 4506 aeternitatis.
1638 4443 1839 4506 Janua

340 4543 635 4625 quaedam
682 4551 781 4606 est
828 4542 924 4605 ira
967 4540 1254 4605 omnium
1303 4540 1608 4604 vitiorum
1657 4559 1671 4603 :
1715 4561 1841 4623 qua

337 4643 534 4723 janua
574 4639 815 4718 clausa,
850 4640 1038 4703 datur
1078 4640 1257 4704 cordi
1299 4639 1733 4721 tranquillitas
1778 4645 1841 4702 et

342 4741 525 4822 quies
565 4737 950 4818 virtutibus3
980 4747 1045 4802 et
1081 4757 1210 4821 qua
1248 4747 1485 4821 aperta,
1529 4739 1609 4800 ad
1644 4756 1837 4802 omne

348 4837 597 4902 facinus
630 4837 1000 4901 firmabitur
1034 4839 1308 4900 animus.
1346 4837 1491 4902 ldeo
1523 4845 1689 4901 recte
1718 4837 1842 4900 dis-

348 4937 543 5001 seruit
572 4937 851 5001 Seneca:
884 4936 1281 5000 iracundiam
1309 4936 1423 5019 qui
1456 4937 1678 5014 vincit,
1712 4956 1843 4999 ma-

348 5035 588 5099 ximum
618 5044 879 5118 superat
906 5035 1181 5099 hostem.

424 5137 553 5204 Qui
576 5145 799 5196 autem
824 5136 1201 5196 dissimulat
1229 5135 1559 5213 injuriam
1596 5133 1719 5196 sibi
1750 5133 1843 5196 sa-

346 5241 531 5312 etam,
562 5235 849 5294 callidus
875 5243 989 5295 εει.
1010 5231 1289 5296 Callidus
1319 5231 1744 5297 communiter
1773 5231 1839 5295 in

348 5332 513 5398 malo
550 5331 890 5414 accipitur,
934 5331 1181 5395 scilicet
1222 5349 1340 5415 pro
1382 5337 1661 5409 versuto,
1703 5331 1845 5412 jux-

600 5467 671 5518 T.
704 5467 757 5518 7.

1952 4341 2143 4405 stitiae
2171 4339 2431 4423 pandit3
2464 4341 2580 4418 qui
2609 4347 2824 4399 autem
2854 4339 3172 4400 mentitur
3201 4339 3267 4401 in
3309 4339 3450 4404 foro

1949 4438 2201 4524 judicii,
2249 4456 2376 4520 quo
2422 4435 2860 4500 testimonium
2914 4435 3230 4519 perhibet,
3279 4441 3451 4500 testis

1948 4551 2037 4602 εει
2064 4535 2878 4621 fraudulenta-§.Similiter
2907 4534 3018 4616 qui
3050 4534 3327 4599 libenter
3358 4536 3451 4601 fa-

1951 4638 2288 4720 ciliterque
2317 4635 2643 4712 mentitur,
2675 4634 2804 4699 cito
2841 4634 2919 4697 ad
2959 4634 3079 4698 hoe
3120 4635 3448 4698 inducitur

1952 4743 2024 4798 ut
2068 4735 2509 4799 testimonium
2557 4732 2840 4818 proferat
2899 4733 3158 4796 salsum.
3203 4770 3288 4780 —
3331 4736 3448 4796 Εει
3575 4745 3643 4802 18

1951 4839 2069 4917 qui
2094 4837 2422 4914 promittit
2459 4852 2527 4896 se
2565 4832 2806 4914 aliquid
2855 4834 3006 4896 dare
3049 4840 3157 4896 aut
3201 4831 3442 4909 facere,

1950 4943 2009 4996 ει
2056 4935 2248 5015 quasi
2279 4934 2506 5011 yladio
2544 4933 2875 5012 pzmyitur
2922 4933 3350 5002 conscientioe,
3380 4931 3446 4993 id

1951 5041 2068 5110 est,
2120 5049 2472 5096 remorsum
2520 5030 2927 5095 conscientiae
2973 5031 3239 5112 patitur,
3291 5029 3445 5092 dum

1951 5132 2124 5214 quod
2156 5129 2470 5213 promisit,
2496 5129 2710 5193 renuit
2737 5127 3123 5212 adimplere;
3156 5127 3257 5190 vel
3288 5129 3444 5211 quia

1952 5229 2249 5314 promisit
2293 5227 2635 5291 indiscrete
2676 5237 2868 5309 atque
2920 5226 3168 5290 illicite.
3215 5225 3446 5301 Quem-

1952 5329 2294 5394 admodum
2333 5327 2527 5405 enim,
2559 5327 2738 5410 juxta
2782 5325 3270 5408 Hieronymum,
3316 5334 3442 5389 tres
3493 5363 3500 5370 ·

3169 5461 3203 5516 6
