4284 6267
548 1581 699 1625 Eccle.
714 1595 755 1633 x,
772 1584 810 1627 4.

544 2266 684 2310 Hebr.
694 2269 808 2320 x,25.

588 4733 605 4752 ⁶
632 4732 809 4776 irrefor-

547 4795 737 4840 motione

848 478 967 547 168

1442 498 1794 545 ENARRATIO
1837 498 1901 544 IN
1942 498 2079 545 cAP.
2126 497 2298 543 xxvn
2338 497 2825 544 Pnovmtmonmt.
2871 516 2952 526 —
2992 498 3133 543 Aur.
3180 496 3348 542 nvn

926 673 1116 734 Sicut
1146 673 1287 732 avis
1316 673 1795 747 transmiqrans
1821 672 1901 729 de
1930 671 2086 729 nido
2112 689 2254 738 sue,
2275 668 2337 729 id
2367 667 2419 728 A
2448 666 2680 729 vantiae
2709 666 3038 746 regulariS,
3073 667 3151 729 ad
3179 668 3394 750 Jugem
3425 665 3774 730 custodiam
3803 684 3948 730 cor·

844 777 963 848 est,
1000 770 1219 831 nidum
1254 789 1441 831 suum
1480 787 1625 832 cum
1656 767 1855 850 pullis
1894 787 2007 830 seu
2034 767 2174 830 ovis
2205 766 2337 829 suis

842 869 935 931 ibi
988 868 1303 932 contentis
1344 867 1607 931 omnino
1650 867 2057 949 relinquens;
2096 869 2192 927 sic
2231 868 2337 926 vir

840 971 958 1049 qui
986 969 1303 1046 relinquit
1338 971 1543 1027 locum
1582 987 1800 1035 suum,
1832 966 1896 1028 id
1941 972 2037 1028 est
2079 981 2337 1044 congre-

838 1065 1159 1147 gationem
1193 1085 1301 1128 seu
1341 1062 1649 1127 familiam
1682 1065 1805 1127 sibi
1835 1064 2338 1140 commissam,et

840 1163 1279 1248 spiritualibus
1312 1183 1423 1225 seu
1462 1163 1824 1225 carnalibus
1857 1161 2016 1224 filiis
2053 1160 2334 1225 debitam

841 1262 1159 1326 subtrahit
1198 1281 1415 1325 curam
1456 1270 1519 1324 et
1561 1261 2035 1341 educationem3
2069 1260 2194 1335 vel,
2226 1259 2337 1323 Lo-

840 1381 986 1425 cum
1038 1381 1245 1437 suum,
1298 1361 1362 1422 id
1411 1369 1505 1423 est
1553 1361 1900 1423 virtuosam
1946 1358 2338 1422 exercitatio-

842 1479 1011 1536 nem,
1048 1459 1111 1522 in
1143 1478 1271 1540 qua
1309 1459 1501 1541 coepit
1540 1458 1877 1541 proficere.
1910 1458 2088 1520 Unde
2127 1457 2196 1518 in
2225 1457 2339 1518 Ec-

843 1558 1135 1621 clesiaste
1178 1557 1447 1620 habetur
1487 1575 1500 1618 ε
1545 1557 1607 1619 Si
1652 1557 1915 1640 spiritus
1960 1564 2336 1639 potestatem

840 1657 1134 1720 habentis
1170 1656 1527 1719 ascenderit
1568 1675 1761 1738 super
1789 1665 1871 1732 te,
1906 1656 2115 1718 locum
2157 1663 2332 1717 tuum

842 1776 923 1819 ne
965 1755 1287 1818 dimiseris
1321 1775 1333 1818 :
1370 1754 1491 1818 hoc
1534 1763 1647 1828 est,
1684 1755 1737 1816 si
1778 1753 2018 1817 diaboli
2071 1753 2334 1816 tentatio

2446 765 2568 827 dis.
2587 766 2844 842 Verum,
2865 773 2936 827 ut
2965 765 3054 828 ait
3079 764 3682 850 ChrysostomuS‚de
3709 763 3948 846 maiori

2447 864 2844 947 perfectione
2877 873 3083 947 potest
3119 865 3467 946 inquirere,
3499 863 3612 946 qui
3650 863 3950 946 implevit

2447 964 2784 1026 minorem.
2827 964 3059 1026 Contra
3105 964 3269 1026 hanc
3319 971 3582 1045 pestem,
3622 962 3820 1024 multa
3871 962 3946 1024 in

2446 1063 2578 1126 suis
2625 1060 2911 1125 homiliis
2957 1062 3180 1124 scribit
3223 1062 3536 1125 Eusebius
3580 1061 3937 1124 EmisenuS.

2443 1160 2602 1235 Quid
2642 1161 2900 1243 prodest
2934 1161 3104 1242 quod
3145 1160 3440 1238 discediS,
3482 1161 3592 1241 qui
3630 1179 3942 1242 quocum-

2444 1279 2571 1342 que
2611 1261 2847 1342 pergiS,
2890 1268 2950 1322 te
2993 1268 3199 1322 tecum
3243 1263 3504 1342 portas?

2551 1362 2878 1436 Unguento
2921 1368 2981 1418 et
3027 1355 3234 1418 variis
3279 1361 3578 1419 odoribus
3634 1356 3935 1420 dulcibus

2443 1460 2800 1518 delectatur
2827 1477 2934 1517 cor
2965 1479 2986 1517 .·
3016 1457 3095 1520 ad
3139 1457 3310 1538 quod
3362 1457 3712 1520 redundant
3762 1455 3938 1518 dele-

2444 1555 2752 1618 ctationes
2811 1574 3113 1618 sensuum
3174 1556 3594 1634 exteriorum3
3641 1565 3701 1615 et
3756 1557 3941 1616 bonis

2445 1656 2646 1714 amici
2673 1656 2963 1714 eon-siliis
2991 1656 3215 1715 anima
3257 1655 3398 1735 ejus
3441 1654 3543 1716 eui
3587 1654 3773 1716 datur
3810 1652 3942 1715 tale

2444 1751 2810 1830 consilium,
2853 1757 3258 1821 dulcoratur,
3299 1752 3362 1813 id
3403 1759 3520 1830 est,
3561 1752 3945 1816 consolatio-

838 1853 1096 1916 irruerit
1126 1871 1317 1935 super
1348 1861 1430 1929 te,
1448 1871 1573 1915 non
1604 1853 1873 1915 desistas
1900 1872 1939 1913 a
1970 1853 2137 1914 bono
2163 1851 2334 1932 quod
2372 1856 2418 1917 B
2449 1868 2589 1912 nem
2621 1858 2682 1912 et
2714 1869 2892 1931 spem
2925 1849 3228 1933 concipit,
3261 1850 3396 1913 sive
3425 1851 3504 1913 de
3541 1849 3707 1912 malo
3738 1849 3943 1911 vitan-

840 1951 1175 2015 inchoasti.
1211 1951 1347 2027 Vel,
1382 1950 1617 2014 Locum
1660 1970 1869 2026 suum,
1903 1950 1969 2012 id
2009 1958 2103 2013 est
2140 1949 2337 2012 socie-

836 2059 1029 2113 tatem
1078 2058 1142 2112 et
1199 2049 1568 2130 religiosum
1618 2058 2027 2125 conventum,
2081 2048 2148 2109 in
2208 2066 2336 2129 quo

837 2149 963 2212 Deo
1004 2148 1244 2213 servire
1287 2147 1547 2230 incepit.
1580 2148 1757 2210 Unde
1794 2148 1872 2210 ad
1914 2148 2208 2210 Hebraeos
2247 2147 2336 2208 ait

836 2246 1177 2329 Apostolus
1230 2264 1243 2308 :
1296 2247 1431 2309 Non
1480 2245 1843 2308 deserentes
1890 2245 2332 2308 collectionem

838 2355 1142 2421 nostram,
1186 2344 1349 2408 sicut
1391 2353 1487 2407 est
1531 2344 1726 2408 moris
1771 2343 2178 2425 quibusdam,
2224 2344 2334 2406 sed

836 2444 1263 2507 consolantes,
1299 2443 1458 2505 Hinc
1500 2441 1737 2505 Seneca
1776 2442 1926 2504 satis
1968 2441 2335 2504 notabiliter

836 2540 958 2605 ait:
980 2541 1259 2603 Primum
1290 2549 1733 2621 argumentum
1765 2541 2133 2622 compositae
2163 2558 2336 2601 men-

834 2641 919 2702 tis
970 2639 1285 2716 existim0,
1348 2657 1535 2722 posse
1592 2657 1805 2702 secum
1865 2638 2215 2700 consistere
2271 2645 2334 2699 et

837 2738 1106 2817 morari;
1140 2737 1288 2818 aegri
1338 2737 1537 2800 animi
1588 2745 1685 2800 est
1726 2736 1845 2799 ista
1891 2737 2173 2818 jactatio,
2207 2735 2335 2798 dis-

837 2855 1111 2914 currere,
1154 2844 1217 2900 et
1246 2836 1527 2900 locorum
1567 2835 1981 2900 varietatibus
2020 2834 2336 2916 inquieta-

838 2935 915 2997 ri.
969 2934 1445 3016 peregrinantes
1496 2934 1773 3017 hospitia
1821 2934 2059 2997 habent
2106 2933 2328 3009 multa,

2444 1948 2547 2024 do,
2597 1948 2732 2012 sive
2774 1949 2852 2011 de
2896 1948 3066 2012 bono
3107 1948 3519 2030 adipiscendo
3557 1965 3571 2010 ε
3612 1967 3724 2031 per
3766 1948 3940 2030 quod

2445 2047 2957 2125 amaritudinem,
2982 2046 3462 2124 desolationem,
3486 2047 3942 2128 tristitiamque

2444 2146 2718 2228 repellit.
2739 2145 2998 2228 Nempe,
3013 2155 3083 2208 ut
3113 2145 3356 2208 Tullius
3389 2154 3787 2229 protestatur,
3803 2145 3940 2209 Non

2443 2244 2712 2320 viribuS,
2759 2263 2887 2308 non
2929 2245 3399 2310 velocitatibuS.
3444 2264 3571 2308 non
3615 2244 3944 2307 celeritate

2443 2360 2777 2424 corporum
2807 2362 2906 2406 res
2931 2361 3175 2423 magnae
3194 2351 3518 2423 geruntur,
3535 2343 3642 2406 sed
3668 2341 3946 2405 consilio

2442 2441 2848 2523 antiquorum
2879 2449 3072 2523 atque
3101 2442 3388 2516 scientia,
3421 2441 3656 2523 quibus
3685 2459 3812 2504 non
3845 2459 3946 2504 or-

2441 2539 2604 2616 bari,
2631 2542 2739 2603 sed
2771 2540 2988 2620 augeri
3017 2539 3178 2603 solet
3207 2539 3754 2613 senectuS.Qualis
3785 2557 3943 2602 vero

2441 2639 2668 2701 debeat
2698 2657 2836 2701 esse
2863 2637 3289 2717 consiliariuS,
3314 2640 3498 2702 docet
3525 2637 3936 2700 Ambrosius:

2441 2736 2632 2814 Talis,
2669 2737 2992 2819 inquienS,
3027 2739 3214 2800 debet
3255 2757 3394 2800 esse
3439 2737 3552 2818 qui
3593 2736 3938 2800 consilium

2441 2835 2570 2912 dat,
2606 2842 2678 2898 ut
2721 2855 2788 2898 se
2836 2835 3046 2918 ipsum
3092 2836 3171 2898 ad
3215 2836 3574 2918 exemplum
3621 2836 3936 2898 bonorum
3975 2861 4216 2910 πιιῃῃε.

2443 2935 2737 2998 exhibeat
2782 2953 3070 3017 operum,
3106 2937 3173 2997 in
3218 2935 3527 3012 doctrina,
3565 2935 3630 2997 in
3683 2934 3943 3016 integri-

834 3032 1148 3098 amicitias
1196 3033 1427 3096 nullas.
1480 3033 1603 3096 Nec
1652 3033 1909 3116 prodest
1956 3032 2161 3109 cibus,
2219 3050 2334 3094 nec
2366 3037 2411 3101 C
2442 3041 2592 3110 tate,
2627 3033 2693 3094 in
2738 3033 3070 3114 gravitate,
3104 3043 3175 3096 ut
3219 3034 3302 3096 sit
3344 3052 3552 3097 sermo
3595 3033 3734 3114 ejus
3783 3034 3941 3096 irre-

836 3131 1090 3214 corpori
1118 3131 1384 3208 accedit,
1418 3131 1531 3213 qui
1568 3131 1781 3194 statim
1824 3139 2117 3213 sumptus
2152 3131 2334 3194 emit-

836 3231 1015 3294 titur.
1069 3230 1235 3293 Nihil
1294 3249 1475 3312 aeque
1524 3230 1859 3293 sanitatem
1919 3230 2212 3311 impedit,
2265 3239 2336 3292 ut

838 3328 1267 3393 remediorum
1311 3328 1533 3392 crebra
1574 3328 1881 3408 mutati03
1927 3347 2055 3393 non
2103 3347 2336 3392 conva-

838 3429 1021 3493 lescit
1060 3429 1299 3511 planta,
1332 3447 1476 3510 quae
1510 3446 1678 3511 saepe
1718 3427 2118 3492 transfertur.
2163 3428 2330 3491 Nihil

838 3537 965 3590 tam
1000 3527 1155 3590 utile
1196 3535 1312 3603 est,
1348 3535 1417 3589 ut
1461 3526 1524 3588 in
1568 3526 1839 3589 transitu
1879 3527 2103 3607 prosit.
2136 3526 2333 3589 Fasti-

838 3626 1072 3690 dientis
1104 3625 1414 3688 stomachi
1444 3634 1560 3703 est,
1598 3627 1781 3707 plura
1809 3626 2164 3704 degustare,
2189 3645 2331 3706 quae

838 3725 950 3788 ubi
990 3724 1167 3787 varia
1207 3732 1271 3788 et
1308 3723 1559 3788 diversa
1598 3731 1765 3801 sunt,
1802 3723 2167 3805 inquinant,
2203 3742 2331 3786 non

836 3824 1039 3886 alunt.

918 3923 1080 3986 Ecce
1107 3942 1182 3986 ex
1222 3920 1321 3984 his
1362 3922 1850 4004 reprehenditur
1889 3920 2332 4002 religiosorum

839 4040 1095 4104 quoque
1126 4019 1509 4083 instabilitas
1540 4020 1901 4102 aliquorum
1938 4039 1951 4082 :
1985 4021 2099 4102 qui
2131 4039 2329 4102 quum

840 4121 907 4183 in
938 4128 1258 4183 conventu
1285 4127 1349 4182 et
1373 4118 1595 4183 ordine
1628 4119 1966 4182 laudabilis
1994 4121 2334 4182 observan-

2442 3132 2898 3215 prehensibilis
2937 3141 3000 3196 et
3043 3133 3337 3210 salubris,
3371 3133 3706 3196 consilium
3753 3133 3934 3210 utile,

2443 3232 2578 3295 vita
2611 3233 2897 3311 honesta,
2918 3232 3359 3315 sententiaque
3388 3234 3639 3297 decora.
3663 3269 3741 3279 —
3759 3234 3942 3294 Ami-

2441 3351 2590 3392 cum
2623 3342 2808 3393 tuum
2850 3342 2913 3392 et
2949 3335 3234 3394 amicum
3258 3335 3475 3412 patris
3505 3335 3607 3393 tui
3635 3352 3714 3392 ne
3741 3333 3944 3393 dimi-

2443 3432 2626 3499 seris,
2653 3439 2714 3490 et
2740 3433 3004 3490 domum
3031 3432 3266 3509 fratris
3299 3433 3399 3492 tui
3431 3451 3512 3492 ne
3543 3432 3943 3508 inqrediarvzs

2445 3531 2519 3588 in
2557 3530 2664 3589 die
2709 3531 3080 3605 afflictionis
3128 3537 3275 3601 tuce,
3319 3547 3400 3590 ne
3447 3538 3558 3590 tua
3604 3529 3944 3610 praesentia

2449 3626 2697 3707 ingerat
2750 3626 2844 3688 illi
2901 3644 3262 3704 moerorem,
3297 3636 3359 3689 et
3407 3646 3489 3690 nc
3531 3627 3806 3692 videaris
3861 3627 3945 3690 ab

2450 3724 2560 3787 illo
2592 3725 2757 3787 velle
2787 3725 3030 3807 aliquid
3063 3725 3352 3789 obtinere
3384 3745 3500 3807 pro
3529 3726 3940 3789 relevamine.

2444 3824 2894 3887 Verumtamen
2958 3845 3034 3888 ex
3090 3824 3451 3888 rationabili
3498 3845 3688 3888 causa
3735 3832 3948 3908 potest

2443 3923 2810 4005 oppositum
2861 3923 3053 3988 fieri:
3100 3925 3449 4006 praesertim
3499 3923 3554 3986 si
3604 3933 3788 4005 cogat
3833 3944 3946 3988 ne-

2443 4023 2729 4099 cessitaS,
2774 4032 2882 4085 aut
2929 4022 2982 4085 si
3022 4023 3170 4104 quis
3213 4023 3491 4104 graviter
3533 4022 3615 4085 sit
3663 4031 3944 4086 tentatus

2444 4129 2553 4183 aut
2596 4120 2937 4198 desolatus,
2979 4121 3082 4184 vel
3131 4121 3550 4202 angustiatus,
3593 4121 3780 4184 debet
3825 4141 3943 4204 pro

839 4219 945 4283 tiae
974 4219 1123 4293 sint,
1146 4238 1222 4282 ex
1250 4219 1521 4300 quadam
1553 4218 1951 4301 phantastica
1980 4219 2334 4301 apprehen·
2363 4223 2414 4287 D
2444 4221 2683 4284 salubri
2731 4222 3032 4299 remedio,
3076 4221 3363 4300 consilio,
3405 4221 3811 4299 relevamine,
3860 4222 3941 4284 ad

840 4317 1043 4394 sione,
1058 4324 1169 4379 aut
1186 4316 1501 4380 diabolica
1521 4316 1842 4393 illusione,
1859 4317 2049 4380 aliam
2070 4318 2332 4380 domum

840 4425 949 4482 aut
980 4415 1352 4495 religionem
1387 4415 1633 4496 ingredi
1666 4415 1954 4498 cupiunt,
1988 4425 2052 4478 et
2081 4436 2332 4499 semper

840 4517 1273 4580 inconstantes
1315 4521 1463 4576 sunt
1502 4515 1714 4591 corde,
1748 4533 1821 4578 ac
1854 4515 2069 4578 animo
2102 4515 2335 4578 fluctu-

838 4623 1051 4696 antes;
1094 4622 1285 4696 atque
1333 4632 1409 4676 ex
1458 4613 1716 4695 propria
1763 4613 2185 4694 impatientia,
2239 4615 2333 4676 in-

842 4712 1237 4798 quietudine,
1283 4710 1771 4775 irrefrenatione
1796 4711 1819 4736 *
1864 4731 1935 4775 ac
1984 4713 2332 4800 pertinacia

836 4813 1050 4898 potius
1076 4811 1640 4892 incitantur,quam
1663 4809 1981 4875 desiderio
2006 4812 2335 4895 perfectio-

836 4915 936 4976 nis
959 4911 1223 4994 maioris
1240 4927 1345 4973 :cu
1349 4909 1453 4991 jus
1476 4909 1738 4973 evidens
1762 4910 2014 4991 signum
2036 4920 2148 4988 est,
2163 4914 2333 4993 quod

836 5013 903 5075 in
946 5030 1023 5075 eo
1057 5028 1185 5093 quo
1228 5008 1511 5071 resident
1555 5007 1714 5087 loco,
1750 5008 1914 5072 male
1960 5029 2028 5073 se
2069 5010 2328 5090 habent,

834 5129 964 5175 non
995 5111 1217 5172 dantes
1248 5127 1316 5170 se
1344 5107 1425 5169 ad
1456 5106 1888 5170 obedientiam
1920 5117 2226 5188 sanctam,
2251 5113 2327 5174 ad

831 5208 1107 5293 propriae
1134 5205 1482 5272 voluntatis
1514 5203 1914 5283 fractionem,
1948 5208 2026 5269 ad
2058 5209 2330 5270 mortifi-

831 5307 1146 5374 cationem
1176 5304 1520 5383 salubrem,
1554 5303 1633 5366 ad
1673 5303 2070 5387 diligentiam
2110 5307 2326 5374 obser-

2443 4321 2793 4404 sapientem
2828 4329 2892 4383 et
2931 4329 3284 4402 expertum,
3329 4321 3408 4382 ad
3445 4320 3704 4384 fidelem
3746 4329 3810 4383 et
3851 4321 3940 4384 fa-

2443 4420 2757 4482 miliarem
2823 4419 3102 4482 amicum
3171 4439 3496 4483 recurrere
3557 4437 3572 4482 t
3635 4421 3938 4501 quemad—

2444 4519 2703 4582 modum
2737 4518 2944 4600 primo
2974 4519 3209 4599 Regum
3245 4526 3556 4596 narratur,
3587 4519 3754 4599 quod
3785 4537 3938 4581 con-

2441 4626 2759 4681 venerunt
2805 4618 2882 4680 ad
2943 4617 3138 4681 David
3198 4635 3419 4680 omnes
3467 4617 3579 4699 qui
3639 4624 3820 4680 erant
3866 4616 3934 4678 in

2443 4717 2737 4797 angustia
2765 4715 3117 4793 constituti,
3137 4723 3200 4779 et
3229 4715 3513 4798 oppressi
3545 4735 3670 4779 aere
3697 4714 3930 4792 alieno,

2445 4821 2508 4875 et
2547 4833 2764 4877 amaro
2807 4814 3046 4877 animo.

2525 4916 2758 4974 Melior
2787 4923 2898 4985 est,
2932 4912 2997 4975 id
3039 4921 3135 4975 est
3173 4913 3250 4975 ad
3283 4913 3780 4976 succurrendum
3811 4913 3937 4975 uti-

2444 5012 2585 5087 lior,
2621 5014 2878 5073 vicinus
2903 5014 3129 5090 juxta,
3171 5033 3367 5092 quam
3407 5014 3620 5090 frater
3661 5011 3936 5075 carnalis

2441 5129 2552 5174 seu
2584 5111 3096 5192 consanguineus
3121 5114 3352 5187 procul
3379 5131 3402 5170 .·
3431 5119 3498 5172 et
3526 5111 3647 5174 hoc
3679 5110 3744 5172 in
3775 5111 3936 5172 casi-

2442 5209 2558 5271 bus
2600 5209 2791 5271 certis
2835 5229 2908 5272 ac
2951 5209 3300 5290 repentinis
3347 5208 3672 5290 periculis.
3719 5209 3934 5272 Melior

2438 5327 2694 5393 quoque
2724 5316 2822 5371 est
2850 5307 3122 5386 vicium,
3159 5307 3224 5371 id
3255 5315 3352 5372 est
3379 5307 3768 5393 quicumque
3794 5326 3932 5394 pro·

4072 3241 4133 3298 10

3979 4637 3995 4680 1
4008 4637 4108 4691 Ray.
4125 4646 4204 4679 nn.
