4284 6267
809 422 890 487 22

1539 442 1890 489 mantnano
1931 442 1996 488 13
2035 442 2179 488 (ΖΔΓ.
2226 443 2267 487 tl
2310 442 2793 487 ΠΟΤΒΠΙΟΒΙΪΙ.
2838 462 2919 470 -
2958 442 3103 486 m.
3144 440 3191 485 tl

521 628 784 671 lasum
811 612 964 673 dum
1011 612 1212 691 legem
1259 613 1484 695 noysis
1525 615 1838 697 corporali
1891 614 2078 677 morti
2121 614 2303 675 addi·
2334 614 2383 675 A
2414 614 2557 675 dem
2590 624 2649 674 et
2690 616 3017 676 caritatem
3058 614 3463 694 requiescunt
3498 612 3563 673 in
3602 611 3897 673 militanti

617 1016 684 1070 ¹9

555 2311 667 2355 Luc.
683 2324 714 2356 Ι.
725 2314 794 2363 373

527 2376 625 2418 Jer-
665 2388 792 2418 xxxa.

530 2440 600 2487 Π,
619 2439 686 2479 27.

531 2986 574 3021 u.
588 2976 628 3025 2,
641 2976 681 3023 ³3
696 2976 796 3029 unt,

537 4080 646 4186 gu.
659 4093 718 4131 m.
733 4082 798 4131 10,

565 4786 677 4817 vern.
702 4775 768 4817 tt.

626 4862 692 4919 2¹

811 710 1122 773 cebamus·
1167 732 1238 774 ac
1285 713 1752 794 lapidabantur.
1795 718 1880 775 Et
1925 718 2014 771 ad
2063 716 2307 792 inferos

811 814 1054 870 muu'w
1111 814 1338 888 ipsias,
1399 812 1462 873 id
1517 822 1638 887 e=t,
1695 814 1978 875 actiones
2045 811 2307 873 nefariae

813 910 1330 991 appropinquant
1373 910 1644 985 inferno,
1675 922 1733 973 et
1779 912 1930 973 illuc
1967 913 2233 973 ducunt.

907 1012 1134 1070 Omnes
1179 1012 1300 1087 qui
1347 1013 1818 1084 inssrmliurdur
1859 1014 1948 1069 ad
1987 1033 2155 1081 eam,
2200 1011 2309 1071 ad-

817 1106 1148 1169 ulterando
1197 1128 1342 1170 cum
1395 1110 1554 1191 ipsa,
1603 1131 1728 1169 mm
1779 1120 2185 1169 reterlesdur
2228 1112 2305 1173 ad

815 1206 1010 1269 Deum
1057 1226 1172 1289 per
1213 1208 1654 1290 pcenitentiam
1699 1228 1912 1271 veram
1949 1228 1964 1269 :
2005 1210 2307 1289 quoniam

815 1303 972 1366 tales
1003 1306 1104 1368 vet
1139 1325 1302 1370 raro.
1335 1316 1444 1367 aut
1485 1326 1802 1388 nunquam
1839 1308 2149 1370 veraciter
2180 1325 2313 1389 poe-

813 1402 1058 1483 nitent3
1090 1404 1190 1466 vel
1223 1412 1350 1467 tam
1381 1404 1566 1487 pauci
1597 1424 1674 1466 ex
1702 1407 1796 1467 eis
1825 1416 2307 1472 convertuntur.

813 1504 984 1585 quod
1016 1504 1490 1585 comparatione
1523 1523 1650 1566 non
1683 1505 2307 1586 redeuntium,quasi

813 1602 978 1664 nulli
1029 1602 1346 1663 videntur.
1379 1604 1511 1663 Nee
1541 1605 2020 1680 apprehendent
2051 1608 2313 1663 sen-zitas

817 1702 988 1771 tine,
1025 1700 1084 1761 id
1135 1710 1228 1760 est
1276 1711 1457 1762 actus
1504 1701 1832 1764 virtutum.
1865 1722 1974 1762 seu
2021 1702 2307 1763 habitum

2416 714 2719 775 Ecclesia.
2752 733 2897 794 qua·
2928 714 3369 793 peregrinatur
3398 713 3465 773 in
3496 722 3657 773 terra
3682 730 3699 789 ;
3730 710 3899 773 dein-

2416 813 2495 873 de
2540 831 2655 893 per
2700 812 2969 892 gloriam
3014 821 3073 871 et
3124 810 3485 872 beatificam
3538 810 3897 871 fruitionem

2416 911 2803 973 aeternaliter
2824 909 3389 972 commorabuntur
3410 910 3477 970 in
3502 909 3779 971 Ecclesia
3802 908 3903 969 tri·

2418 1010 2780 1092 umphanti.
2815 1011 2883 1070 in
2926 1020 3091 1070 terra
3128 1020 3189 1069 et
3228 1010 3485 1088 regione
3512 1009 3797 1069 virorum
3827 1026 3901 1069 ac

2420 1110 2777 1171 Beatorum.
2810 1109 2989 1170 Nunc
3030 1127 3287 1189 queque
3324 1108 3389 1169 in
3431 1116 3597 1168 terra
3630 1106 3725 1167 sui
3768 1124 3903 1167 cor-

2422 1209 2595 1289 poris
2628 1208 2915 1269 habitant
2947 1207 3129 1272 bene.
3160 1207 3315 1288 quia
3352 1206 3513 1268 illud
3550 1204 3779 1266 habent
3812 1223 3903 1265 ra-

2422 1308 2579 1368 tioni
2632 1307 3019 1386 subiectum.
3050 1316 3245 1386 atque
3293 1305 3360 1366 in
3408 1304 3667 1386 spiritus
3714 1302 3904 1365 servi-

2423 1416 2619 1467 tutem
2666 1406 2987 1467 redactum
3024 1423 3039 1465 :
3072 1405 3253 1485 juxta
3288 1423 3479 1485 quem
3524 1422 3777 1464 sensum
3816 1401 3903 1462 ait

3972 1315 3987 1357 l
4012 1315 4128 1357 Cor.
4150 1328 4203 1357 tx.

3984 1380 4059 1419 27.

2420 1504 2731 1567 Salvator.
2768 1504 2933 1566 Beati
2978 1504 3189 1567 mites,
3220 1503 3525 1584 quoniam
3565 1500 3687 1583 ipsi
3728 1500 3907 1561 here—
3932 1512 4210 1559 uariam.

2422 1602 2719 1663 ditabunt
2758 1612 3013 1663 terram.
3054 1602 3145 1662 Ad
3188 1601 3461 1662 litteram
3499 1617 3755 1680 quoque
3799 1615 3909 1679 po-

2425 1701 2617 1782 pulus
2648 1700 2860 1763 lsrael.
2892 1700 3151 1780 quando
3178 1700 3303 1761 Deo
3336 1697 3615 1760 fideliter
3640 1696 3909 1758 deservi-

815 1799 1060 1879 gratiae,
1093 1818 1238 1880 qnae
1273 1808 1366 1860 est
1410 1800 1542 1861 vita
1579 1800 1832 1863 animae.
1867 1801 2046 1875 Hinc,
2081 1820 2309 1863 secun·
2350 1799 2395 1859 B
2426 1800 2537 1864 vit,
2578 1800 2890 1861 habitavit
2940 1800 3007 1859 in
3064 1808 3231 1861 terra
3274 1796 3759 1879 promissionis3
3798 1794 3909 1856 sed

817 1898 970 1959 dum
1001 1896 1478 1979 Philosophum.
1511 1898 1627 1972 Qui
1669 1910 1928 1981 peccant
1971 1919 2047 1961 ex
2087 1899 2309 1961 habitu

821 1996 1078 2069 vitioso,
1123 2004 1269 2056 sunt
1316 1996 1722 2062 incurabiles,
1763 1998 1915 2078 quia
1953 1997 2313 2060 difficulter

821 2095 1006 2157 valde
1051 2104 1354 2156 curantur
1403 2113 1420 2156 ε
1463 2096 1762 2177 quamvis
1801 2096 1884 2158 ab
1919 2097 2315 2179 omnipoten-

821 2194 872 2255 ti
909 2193 1269 2255 animarum
1305 2194 1554 2257 medico
1591 2205 1830 2276 queant
1869 2196 2102 2268 curari,
2142 2197 2311 2278 apud

823 2310 1014 2375 quem
1047 2311 1176 2353 non
1207 2302 1302 2355 est
1335 2292 1757 2375 impossibile,
1791 2294 1920 2357 imo
1949 2314 2161 2375 neque
2188 2295 2315 2355 dif-

827 2392 1020 2466 ficile,
1055 2410 1246 2453 omne
1273 2390 1562 2454 verbum.

919 2489 1186 2563 Quidam
1242 2508 1356 2571 per
1409 2490 1740 2553 mulierem
1799 2492 2072 2554 alienam
2123 2504 2315 2574 atque

823 2598 1214 2663 extraneam,
1259 2590 1338 2650 ad
1385 2588 1660 2651 litteram
1707 2590 2074 2671 intelligunt
2119 2592 2319 2653 idolo-

825 2688 1096 2761 latriam,
1127 2702 1274 2770 quae
1309 2688 1544 2749 alienat
1585 2708 1622 2749 a
1661 2689 1808 2751 Deo,
1843 2689 1960 2751 Sed
1999 2691 2315 2772 expositio

823 2786 945 2849 ista
973 2786 1328 2868 spiritualis
1361 2787 1570 2868 potius
1599 2806 1738 2849 esse
1765 2798 2074 2850 censetur.
2088 2788 2318 2862 Quam-

721 2943 732 2961 ‚
781 2926 794 2961 ;
823 2885 922 2948 vis
939 2886 1110 2947 enim
1139 2884 1492 2948 idololatria
1519 2885 1584 2947 in
1607 2885 1952 2969 Scripturis
1979 2887 2317 2950 fornicatio

2422 1899 2679 1979 qnando
2707 1899 2787 1959 ad
2820 1897 3243 1959 idololatriam
3274 1896 3533 1971 corruit,
3564 1892 3911 1976 expelleba-

2424 2008 2529 2057 tur
2556 1998 2635 2058 de
2662 2016 2751 2064 ea.
2788 1998 2885 2059 vel
2919 1998 2988 2059 in
3016 1997 3385 2058 servitutem
3416 1994 3813 2075 redigebatur
3844 1992 3907 2052 in

2422 2115 2497 2158 ea
2530 2096 2751 2176 :·quod
2782 2106 2913 2157 erat
2946 2096 3129 2176 quasi
3160 2114 3235 2156 ea
3265 2094 3523 2176 privari.
3562 2096 3644 2154 Et
3670 2093 3911 2167 simpli-

2422 2216 2521 2254 ces
2560 2194 2927 2257 columbina
2968 2194 3401 2275 simplicitate,
3446 2192 3909 2271 permanebunt

2424 2297 2494 2353 in
2544 2314 2619 2352 ea
2667 2315 2691 2352 .·
2740 2294 2903 2356 sicut
2954 2294 3035 2354 de
3084 2293 3277 2354 rectis
3320 2293 3449 2371 jam
3496 2290 3735 2353 dictum
3788 2296 3903 2350 est.

2424 2395 2631 2469 Impt'i
2666 2413 2806 2451 vero
2834 2396 2914 2451 de
2942 2402 3113 2450 terra
3143 2395 3501 2468 perdentur
3528 2410 3553 2447 .·
3580 2388 3730 2469 quia
3756 2387 3911 2448 desi-

2426 2501 2585 2552 nunt
2628 2510 2767 2553 esse
2808 2490 3093 2552 membra
3130 2489 3361 2550 Christi
3404 2487 3657 2569 filiique
3702 2485 3913 2548 Eccle-

2426 2590 2559 2665 siae,
2602 2610 2717 2671 per
2762 2588 3283 2663 inobedientiam,
3326 2596 3389 2649 et
3434 2587 3915 2667 incorporantur

2424 2689 2705 2764 diabolo,
2754 2698 2947 2770 atque
2994 2688 3075 2748 de
3123 2697 3289 2748 terra
3348 2686 3539 2766 hujus
3584 2684 3789 2745 exsilii
3836 2683 3916 2744 ad

2424 2788 2667 2851 inferos
2698 2786 3189 2869 pertrahuntur3
3220 2794 3281 2847 et
3316 2785 3631 2847 interdum
3662 2790 3919 2865 propter

2428 2908 2543 2949 sua
2572 2886 3057 2949 interficiuntur
3088 2886 3393 2959 facinora,
3428 2892 3721 2963 terraque
3745 2881 3917 2943 here-

823 2992 886 3046 et
929 2983 1310 3046 adulterium
1363 2984 1707 3065 aliquando
1757 2987 2136 3067 appelletur,
2188 3006 2317 3049 non
2352 2988 2397 3051 C
2428 2986 2647 3049 ditatis
2692 2984 2971 3049 coelestis
3016 2984 3369 3066 privantur.
3414 2985 3496 3044 E!
3532 2983 3649 3061 qui
3696 2981 3921 3059 inique

825 3090 1040 3145 tamen
1079 3084 1156 3144 ad
1193 3082 1464 3145 litteram
1509 3084 1670 3145 solet
1701 3085 1932 3146 mulier
1971 3085 2181 3147 aliena
2210 3094 2319 3146 aut

823 3188 1120 3243 extranea
1151 3182 1552 3263 nuncupari:
1585 3202 1702 3244 nec
1743 3184 2117 3245 idololatriae
2154 3203 2322 3246 com-

823 3278 985 3361 petit
1027 3278 1392 3361 relinquere
1429 3280 1654 3342 ducem
1687 3280 2038 3362 pubertatis
2070 3301 2222 3357 suae,
2256 3282 2319 3343 id

822 3387 919 3439 est
948 3378 1168 3453 Deum,
1195 3387 1260 3439 ut
1293 3378 1414 3460 ipsi
1443 3388 1792 3460 exponunt,
1822 3380 2120 3460 quoniam
2156 3380 2321 3442 Deus

825 3495 1152 3557 nunquam
1217 3476 1338 3538 fuit
1395 3496 1666 3559 sponsus
1709 3487 1817 3538 aut
1871 3479 2000 3539 dux
2059 3478 2322 3542 idolola-

825 3574 985 3637 triae.
1035 3573 1466 3657 Spiritualiter
1507 3594 1658 3638 vero
1699 3584 1904 3657 potest
1955 3596 2066 3659 per
2101 3577 2323 3639 mulie-

827 3692 960 3735 rem
993 3673 1156 3735 hanc
1183 3673 1588 3753 congregatio
1619 3674 2058 3736 haereticorum
2091 3675 2323 3737 intelli-

825 3770 888 3849 gi
925 3789 940 3834 ε
977 3789 1121 3850 quae
1157 3770 1368 3833 mollit
1405 3772 1596 3833 verba
1639 3772 2021 3853 eloquentiae
2059 3792 2211 3849 suae,
2258 3783 2321 3834 et

827 3886 992 3931 vana
1035 3868 1366 3950 promittit,
1403 3877 1592 3950 atque
1631 3870 1908 3932 carnalia
1941 3870 2318 3953 pollicetur3

825 3967 904 4027 ad
936 3984 1128 4047 quam
1159 3967 1270 4048 qui
1313 3966 1650 4042 introierit,
1685 3968 1791 4029 vix
1829 3967 2084 4042 redibit,
2117 3988 2315 4050 quum

826 4064 995 4127 dicat
1021 4064 1356 4147 Apostolus
1383 4083 1398 4127 t
1425 4066 1797 4128 Haereticum
1825 4066 2150 4129 hominem
2179 4080 2319 4151 post

2428 3097 2662 3163 ayunt,
2690 3086 3077 3161 auferentur
3110 3105 3191 3141 ex
3226 3102 3303 3142 ea
3331 3103 3356 3140 .·
3386 3082 3549 3143 sicut
3588 3080 3667 3141 de
3706 3078 3918 3159 impiis

2428 3184 2786 3266 expositum
2824 3192 2943 3243 est.

2512 3283 2729 3362 ltaque
2769 3300 2845 3342 ex
2894 3280 3013 3341 isto
3046 3280 3351 3341 docemur
3393 3274 3693 3358 capitulo,
3729 3292 3917 3355 quam

2434 3379 2755 3443 ferventer
2796 3388 2858 3440 et
2898 3378 3333 3440 indesinenter
3372 3376 3717 3437 debeamus
3755 3391 3921 3453 quae-

2432 3498 2593 3554 rere,
2654 3478 3037 3553 desiderare,
3096 3474 3421 3556 amplecti,
3484 3482 3545 3535 et
3600 3472 3919 3535 custodire

2433 3578 2777 3639 increatam
2811 3574 3199 3657 Sapientiam
3230 3573 3339 3635 Dei
3372 3571 3593 3644 Patris,
3632 3570 3921 3649 Unigeni-

2433 3686 2565 3737 tum
2609 3676 2743 3750 Dei,
2787 3683 2848 3737 et
2891 3674 3059 3736 dona
3104 3673 3331 3754 ipsius,
3380 3671 3572 3732 Nemo
3614 3669 3807 3740 enim,
3850 3676 3919 3728 ut

2430 3776 2519 3837 ait
2562 3774 2955 3846 AmbrosiuS,
2994 3790 3141 3833 cum
3192 3770 3437 3833 desidia
3472 3769 3703 3850 quaerit
3743 3765 3921 3828 Chri-

2430 3880 2625 3948 stum,
2656 3880 2718 3933 et
2765 3869 3227 3952 pretiosissima
3267 3869 3377 3931 Dei
3424 3868 3587 3929 dona
3638 3884 3781 3928 cum
3832 3864 3923 3925 af-

2434 3970 2603 4032 fectu
2664 3969 2983 4049 condigno
3042 3974 3189 4029 sunt
3238 3965 3631 4047 exquirenda
3686 3982 3758 4026 ac
3810 3980 3923 4044 po-

2432 4069 2727 4131 stulanda
2770 4086 2785 4129 :
2830 4068 2959 4130 imo
2997 4086 3143 4129 cum
3182 4074 3399 4148 tepore
3436 4074 3499 4126 et
3538 4062 3923 4143 negligentia

827 4181 1018 4223 unam
1069 4170 1134 4224 et
1173 4165 1516 4225 secundam
1566 4164 2032 4247 correptionem
2081 4167 2316 4243 devita,
2354 4173 2402 4234 D
2433 4186 2549 4250 pro
2586 4166 2680 4228 eis
2724 4184 2966 4245 rogare,
2996 4174 3089 4226 est
3138 4164 3421 4225 datorem
3463 4162 3645 4223 illum
3692 4159 3925 4223 altissi-

825 4262 1034 4324 sciens
1073 4260 1225 4343 quia
1261 4262 1604 4325 subversus
1643 4272 1762 4325 est.

905 4358 1116 4436 PorrO,
1149 4361 1319 4441 quod
1351 4360 1659 4441 sequitur,
1695 4371 1768 4422 ut
1795 4365 2081 4423 ambules
2107 4366 2179 4423 in
2211 4366 2320 4424 via

824 4460 1010 4525 bona,
1035 4458 1097 4521 id
1129 4467 1246 4535 est,
1271 4460 1752 4522 conversatione
1779 4460 1950 4540 justa
1981 4462 2203 4523 tendas
2242 4462 2321 4523 ad

822 4552 1118 4633 gloriam,
1147 4565 1206 4615 ec
1247 4558 1458 4622 calles,
1502 4555 1564 4616 id
1612 4565 1708 4617 est
1751 4565 2085 4638 praecepta,
2128 4558 2323 4619 docu-

823 4660 1060 4729 menta,
1107 4653 1420 4735 exempla,
1453 4656 1789 4732 justorum
1833 4658 2178 4723 custodias,
2228 4674 2322 4717 re-

825 4750 1030 4814 fertur
1071 4752 1150 4814 ad
1201 4752 1357 4815 illud
1408 4753 1578 4833 quod
1621 4753 1860 4815 dictum
1914 4763 2059 4815 est:
2101 4754 2323 4817 Consi-

825 4848 982 4912 lium
1015 4850 1330 4913 custodiet
1360 4859 1442 4927 te,
1466 4859 1587 4913 etc.
1625 4853 1754 4920 Qui
1779 4853 1953 4912 enim
1985 4854 2143 4912 rec-ci
2168 4864 2323 4913 sunt

821 4949 1029 5025 corde,
1065 4948 1363 5011 videlicet
1403 4948 1583 5029 justi,
1618 4968 1888 5031 quorum
1939 4951 2128 5013 corda
2172 4960 2319 5013 sunt

822 5047 1146 5111 linealiter
1194 5068 1268 5111 ac
1317 5047 1554 5110 directe
1602 5049 1678 5111 ad
1733 5050 1924 5111 Deum
1977 5056 2207 5125 erecta,
2258 5058 2321 5112 et

817 5148 1116 5211 vitiorum
1148 5147 1587 5229 obliquitatem
1620 5148 2320 5223 devitant,leabz‘tabunt

816 5247 890 5307 in
937 5256 1110 5307 terra
1140 5246 1498 5329 :quoniam
1547 5247 1677 5328 Jam
1729 5264 1843 5328 per
1889 5246 2183 5327 gratiam,
2242 5245 2319 5307 si-

2432 4285 2605 4327 mum
2643 4266 2710 4325 in
2752 4264 2885 4325 suis
2923 4263 3111 4325 donis
3150 4272 3275 4323 tam
3314 4262 3477 4323 caris
3519 4259 3917 4333 inhonorare,

2432 4382 2506 4425 ac
2548 4363 2723 4445 parvi
2772 4362 3048 4443 pendere
3086 4379 3351 4423 munera
3392 4360 3557 4439 ejuS.
3591 4358 3727 4439 lpse
3755 4365 3923 4418 certe

2434 4461 2499 4523 in
2546 4480 2662 4523 suo
2711 4458 3021 4540 obsequio
3066 4458 3304 4539 respuit
3350 4457 3743 4530 indevotum,
3778 4472 3923 4517 evo-

2430 4560 2548 4622 mit
2582 4560 2884 4641 tepidum,
2908 4557 3331 4637 negligentem
3368 4556 3799 4635 frigidumque
3825 4552 3922 4614 ab·

2433 4659 2667 4734 horret,
2718 4657 2883 4719 sicut
2930 4658 3009 4719 de
3059 4657 3179 4718 hoc
3230 4654 3540 4717 Eusebius
3588 4653 3921 4713 Emisenus

2432 4755 2699 4838 pulchre
2738 4756 2804 4817 in
2846 4756 2979 4816 suis
3023 4754 3307 4835 loquitur
3346 4751 3654 4815 Homiliis.
3688 4750 3763 4810 Et.
3803 4749 3923 4811 uti-

2430 4872 2556 4934 que
2594 4853 2646 4914 si
2690 4853 3179 4935 perpendamuS,
3212 4870 3401 4931 quam
3443 4846 3923 4929 infatigabiliter

2432 4951 2619 5013 multi
2652 4951 3016 5032 philosophi
3052 4966 3167 5031 pro
3198 4949 3469 5010 naturali
3502 4948 3817 5029 sapientia
3850 4965 3921 5008 ac

2432 5049 2698 5112 scientia
2723 5049 3185 5123 laboraverunt,
3210 5066 3401 5127 quam
3432 5046 3747 5108 laboriose
3776 5065 3924 5125 quc-

2431 5166 2557 5229 que
2587 5156 2651 5210 et
2680 5148 3071 5209 incessanter
3098 5144 3283 5206 multi
3316 5152 3697 5206 mercatores
3728 5142 3919 5205 etalii

2430 5264 2546 5328 pro
2578 5254 2829 5308 terrena
2856 5243 3185 5327 opulentia
3213 5240 3800 5317 enituntur,merito
3830 5238 3922 5303 in-

4038 2396 4116 2449 22

3954 4547 4019 4589 16.
