4284 6267
1037 508 1394 556 numum
1437 510 1500 555 m
1543 508 1680 555 car.
1727 508 1773 553 11
1813 507 2299 554 rnovnnmonnn.
2348 529 2429 539 -
2468 509 2609 555 Am.
2657 510 2699 554 11
3342 488 3416 550 21

159 692 210 747 {0
409 684 490 744 Si
537 682 898 743 intraverit
943 682 1272 757 sapientia
1323 701 1431 741 cor
1482 690 1691 751 tuum,
1739 679 1824 740 ita
1855 677 1905 739 A
1937 678 2073 743 odit
2111 678 2373 743 fratrem
2411 699 2620 754 suum,
2664 680 2730 742 in
2774 678 3053 742 tenebris
3095 687 3213 758 est,
3256 678 3422 743 etin

315 782 482 863 quod
513 780 917 844 intellectum
957 788 1131 841 tuum
1169 778 1487 842 inhabitet
1517 798 1590 843 ac
1622 777 1823 841 infor-
1939 777 2219 841 tenebris
2248 777 2551 855 ambulat,
2586 786 2649 841 et
2682 778 2886 841 nescit
2917 797 3043 859 quo
3080 786 3182 841 eat
3215 796 3229 840 ε
3269 795 3426 860 quo-

108 897 267 947 12.12,2
315 887 464 957 met,
496 890 557 941 et
585 881 889 950 scientia,
925 896 1066 959 quae
1104 885 1196 940 est
1229 877 1468 940 donum
1507 897 1708 939 unum
1743 878 1823 940 de
1935 876 2106 939 niam
2151 878 2429 939 tenebrae
2475 884 2948 941 occaecaverunt
2995 876 3211 940 oculos
3258 876 3421 957 ejuS.

317 986 556 1060 septem
601 976 793 1041 donis
841 975 1115 1059 Spiritus
1160 974 1394 1050 Sancti,
1428 978 1668 1037 animoe
1699 985 1824 1037 tuae
1933 977 2221 1058 Denique
2250 975 2616 1039 Ethicorum
2644 976 2828 1039 tertio
2856 976 2944 1039 ait
2972 975 3422 1059 Philosophus:

309 1075 1017 1155 pwcmtefficaciter
1047 1094 1159 1157 per
1189 1074 1513 1152 effectum,
1537 1074 1621 1135 ita
1651 1075 1822 1155 quod
1934 1075 2148 1150 Qualis
2206 1076 2649 1157 unusquisque
2705 1084 2820 1149 est,
2882 1075 3025 1138 talis
3086 1074 3209 1138 sibi
3269 1074 3424 1137 finis

319 1194 438 1239 non
491 1174 822 1257 quieveris
875 1172 1000 1235 nisi
1053 1174 1238 1236 istam
1293 1172 1626 1235 scientiam
1681 1190 1825 1254 pos-
1934 1176 2207 1239 videtur.
2240 1175 2383 1237 Ideo
2415 1174 2651 1251 vitiosi,
2685 1174 2751 1236 in
2785 1174 2972 1237 rebus
3004 1172 3191 1236 foedis
3222 1182 3284 1237 et
3322 1193 3426 1238 vo-

157 1273 206 1326 Η
317 1274 596 1354 sederis3
641 1275 997 1335 consilium
1035 1273 1348 1333 custodiet
1384 1282 1439 1332 te
1474 1293 1497 1331 .·
1537 1273 1688 1352 quia
1727 1291 1824 1333 sa·
1936 1272 2265 1355 luptuosiS,
2280 1272 2463 1336 vanis
2491 1293 2563 1335 ac
2594 1272 2890 1354 pessimis
2918 1273 3314 1335 constituunt
3343 1273 3425 1335 si-

318 1372 554 1455 pientia
596 1380 662 1435 et
701 1370 972 1435 scientia
1020 1370 1340 1432 instruent
1379 1378 1441 1433 te
1480 1370 1556 1431 ad
1599 1387 1826 1433 consu·
1934 1370 2000 1433 bi
2033 1370 2255 1445 finem,
2289 1378 2351 1433 et
2378 1370 2774 1433 delectantur
2803 1372 2870 1433 in
2900 1370 3155 1433 talibuS.
3194 1369 3420 1451 Atque,

314 1472 571 1534 lendum
597 1469 721 1532 tibi
751 1470 876 1551 ipsi
911 1468 1188 1549 qualiter
1215 1466 1449 1531 debeas
1473 1476 1535 1531 te
1562 1468 1819 1546 habere,
1936 1478 2006 1532 ut
2037 1488 2251 1531 rursus
2276 1470 2455 1531 docet
2482 1468 2865 1543 Aristotelea
2883 1469 3145 1550 Signum
3170 1467 3425 1531 habitus

315 1581 375 1635 et
424 1570 714 1654 pericula
755 1588 1136 1653 praecavere.
1169 1567 1430 1631 Facient
1471 1586 1728 1649 quoque
1763 1576 1825 1631 te
1935 1578 2030 1631 est
2058 1568 2395 1631 delectatio
2441 1568 2784 1649 conjuncta
2821 1568 3176 1651 operationi
3210 1587 3287 1631 ex
3324 1568 3426 1630 ha-

313 1668 582 1733 docilem
615 1677 812 1751 atque
843 1667 1228 1731 benevolum
1262 1667 1341 1729 ad
1381 1666 1826 1748 obtemperan—
1936 1668 2075 1730 bitu
2118 1668 2510 1750 procedenti.
2544 1667 2655 1742 Qui
2704 1686 2854 1751 ergo
2900 1670 2967 1731 in
3009 1667 3287 1749 peccatis
3328 1676 3427 1729 est

315 1770 460 1832 dum
509 1768 689 1831 sanis
731 1766 1008 1830 aliorum
1055 1766 1366 1830 consiliis,
1401 1766 1542 1829 Haec
1586 1765 1819 1828 etenim
1936 1767 2325 1843 habituatuS,
2373 1766 2722 1830 delectatur
2760 1786 2958 1847 quum
2998 1766 3163 1830 male
3198 1768 3420 1848 egerit,

315 1866 474 1929 dona
521 1863 802 1948 Spiritus
849 1864 1064 1927 Sancti
1109 1862 1417 1944 instigant
1465 1862 1816 1937 hominem,
1860 1863 1905 1924 B
1933 1874 1998 1929 et
2039 1866 2314 1929 exsultat
2353 1865 2419 1928 in
2456 1866 2773 1947 pessimis,
2819 1866 3154 1948 Propterea
3191 1865 3426 1929 Seneca

315 1972 381 2025 ut
411 1982 828 2045 nequaquam
863 1962 1212 2026 constituat
1242 1960 1368 2023 sibi
1401 1960 1598 2024 finem
1633 1960 1698 2021 in
1732 1978 1823 2019 re-
1935 1971 2343 2045 protestatur,
2395 1963 2839 2044 gravissimum
2890 1982 3027 2026 esse
3085 1963 3424 2046 imperium

315 2061 432 2123 bus
465 2061 730 2137 creatis,
753 2058 1034 2135 caduciS,
1069 2059 1181 2120 sed
1215 2060 1280 2120 in
1313 2058 1440 2121 Deo
1470 2058 1817 2120 dumtaxat.
1933 2059 2439 2137 consuetudiniS,
2492 2061 2643 2141 quia
2690 2060 2988 2123 videlicet
3034 2060 3127 2124 sic
3167 2061 3429 2143 subjicit

313 2160 466 2223 Hinc
513 2168 580 2223 et
623 2161 868 2223 Seneca
916 2158 982 2220 in
1027 2156 1160 2219 suis
1207 2155 1568 2220 Proverbiis
1615 2173 1628 2218 :
1671 2155 1820 2221 Ora·
1933 2160 2259 2222 hominem
2292 2159 2530 2236 sibi,ut
2559 2159 2853 2237 sibi,non
2885 2159 3115 2223 rationi
3145 2160 3419 2223 obediat.

316 2266 534 2331 torem,
583 2256 822 2339 inquit,
871 2264 932 2318 te
976 2263 1184 2337 putes,
1229 2249 1284 2317 si
1325 2254 1444 2317 tibi
1486 2254 1610 2337 ipsi
1650 2254 1820 2336 quod
1937 2262 2225 2329 Quorum
2256 2260 2380 2321 via>
2400 2279 2719 2337 perversoe
2746 2259 3115 2340 sunt.·quia
3145 2260 3425 2323 actiones
3553 2275 3621 2333 15

313 2363 562 2438 oportet
618 2353 1042 2438 persuaseris,
1105 2352 1380 2436 Cyrillus
1442 2371 1696 2434 quoque
1754 2352 1819 2413 in
1931 2376 2153 2420 eorum
2199 2364 2350 2419 sunt
2394 2356 2587 2419 saluti
2628 2357 2999 2438 contrariae3
3030 2368 3089 2419 et
3116 2359 3422 2436 infames,

313 2452 802 2518 proverbiorum
845 2470 1108 2515 suorum
1147 2450 1375 2513 asserit
1415 2451 1580 2513 libro
1617 2468 1630 2511 :
1673 2450 1824 2512 Pru·
1934 2455 1998 2517 id
2039 2464 2136 2517 est
2166 2456 2341 2531 mali,
2377 2463 2526 2518 sunt
2548 2474 2829 2533 messus,
2860 2456 2923 2518 id
2968 2463 3065 2519 est
3092 2475 3425 2539 processus

313 2551 524 2615 dentia
573 2570 710 2615 non
760 2549 1132 2626 calliditate,
1189 2551 1296 2613 sed
1348 2549 1620 2614 consilio
1669 2567 1821 2612 vero
1933 2552 2437 2617 conversationis
2483 2574 2726 2615 eorum.
2769 2554 2922 2616 Nam
2977 2554 3233 2636 publice
3279 2572 3426 2637 pec-

315 2660 526 2714 tuetur
557 2651 972 2733 prudentem.
1933 2660 2101 2728 cant,
2144 2660 2210 2714 et
2247 2651 2429 2733 alios:
2448 2652 2879 2715 scandalizant
2922 2670 2935 2713 :
2981 2652 3220 2716 idcirco
3256 2672 3292 2714 a
3329 2673 3427 2715 sa-

387 2752 474 2812 Ec
492 2752 864 2828 prudentia
891 2748 1171 2809 servabit
1202 2757 1281 2814 te,
1316 2746 1381 2809 id
1420 2754 1536 2823 est,
1575 2766 1613 2809 a
1653 2744 1822 2827 peri-
1934 2751 2259 2834 pientibus
2284 2758 2779 2814 contemnuntur
2804 2758 2876 2812 ut
2904 2750 3170 2829 tales,ac
3198 2751 3425 2817 merito

153 2853 206 2905 12
314 2848 470 2909 culis
507 2845 954 2929 praeservabit.
989 2845 1132 2908 Ideo
1173 2843 1492 2920 subditur,
1535 2855 1604 2905 ut
1634 2865 1823 2905 erua—
1936 2849 2377 2912 diffamantur,

313 2948 404 3007 ris
431 2968 474 3006 a
503 2948 619 3007 via
649 2949 854 3017 mala,
893 2944 956 3005 id
987 2951 1086 3006 est
1112 2944 1362 3007 actione
1393 2942 1636 3024 iniqua,
1673 2962 1818 3024 quae
2027 2947 2105 3007 Ut
2142 2945 2401 3005 eruaris
2437 2966 2477 3005 a
2512 2945 2785 3005 muliere
2824 2944 3067 3011 aliena,
3101 2954 3161 3004 et
3202 2946 3281 3004 ab
3321 2966 3426 3004 eoe-
3556 2960 3623 3016 46

314 3045 389 3106 ad
427 3044 866 3126 perditionem
906 3042 1184 3118 deducit,
1219 3050 1282 3104 et
1321 3042 1544 3104 virtuti
1578 3051 1825 3105 contra·
1861 3050 1903 3113 C
1939 3053 2188 3110 tranea,
2220 3042 2287 3105 id
2322 3050 2419 3104 est
2450 3042 2737 3104 adultera
2775 3060 2848 3104 ac
2887 3039 3243 3117 fornicaria,
3283 3062 3427 3122 quoe

316 3142 514 3206 riatur
550 3159 564 3203 :
603 3161 804 3223 quam
843 3140 1186 3222 prudentia
1223 3139 1380 3203 facit
1415 3140 1710 3219 cognosci
1750 3158 1824 3203 ac
1936 3142 2145 3201 mollit
2169 3156 2485 3201 sermones
2512 3161 2681 3210 suos,
2704 3140 2770 3202 id
2800 3148 2910 3215 est,
2944 3138 3139 3203 verba
3168 3139 3421 3216 blanda,

315 3240 582 3319 evitari3
623 3249 688 3300 ec
727 3242 808 3300 ab
843 3238 1105 3301 homine
1140 3240 1260 3319 qui
1291 3258 1594 3316 perversa
1626 3242 1827 3318 loqui·
1937 3237 2317 3320 precatoria,
2354 3236 2823 3320 libidinosaque
2868 3237 3132 3320 profert,
3174 3246 3242 3300 ut
3280 3238 3425 3301 alli-

154 3348 206 3404 ¹3
317 3339 526 3410 tamid
557 3346 662 3402 est
691 3356 727 3399 a
760 3336 1208 3400 seductoribus
1235 3345 1298 3400 et
1327 3337 1672 3400 mendosis,
1700 3340 1828 3406 Qm·
1937 3338 2063 3400 ciat
2119 3338 2199 3399 ad
2258 3337 2673 3419 peccandum,
2732 3345 2791 3397 ec
2836 3339 3151 3423 relinquit
3195 3341 3424 3400 ducem
3554 3352 3621 3408 47

313 3441 788 3517 derelinquunt
820 3438 945 3497 iter
974 3444 1242 3507 rectum,
1277 3435 1341 3497 id
1381 3444 1478 3498 est
1521 3434 1689 3499 viam
1728 3436 1829 3516 ju·
1927 3438 2295 3515 pubertatis
2336 3456 2493 3505 sua’,
2523 3434 2587 3496 id
2632 3443 2727 3498 est
2772 3434 3048 3516 priorem
3097 3435 3417 3510 maritum,

313 3535 522 3611 stitiae,
558 3535 776 3615 legem
817 3533 1128 3609 divinam,
1172 3540 1562 3615 praeceptum
1602 3533 1737 3610 Dei,
1767 3544 1827 3595 et
1936 3552 2126 3615 quem
2159 3532 2919 3615 sumpsit,ductoremque
2941 3533 3163 3595 habuit
3188 3532 3253 3595 in
3282 3533 3426 3597 ado-

311 3636 661 3694 ambulant
697 3652 822 3709 per
863 3633 1008 3693 vias
1051 3633 1428 3701 tenebrosas,
1466 3631 1530 3693 id
1576 3639 1673 3693 est
1711 3650 1826 3713 per
1938 3632 2240 3695 lescentia
2280 3652 2413 3707 sua,
2446 3632 2595 3694 dum
2638 3650 2836 3694 annos
2875 3630 3098 3693 habuit
3130 3632 3425 3713 puberta-

311 3730 570 3795 habitus
599 3729 1025 3811 vitiosoS,per
1051 3730 1542 3792 consuetudines
1571 3748 1822 3812 pravaS,
1935 3730 2040 3804 tis,
2082 3740 2142 3790 et
2162 3732 2346 3807 pacti
2375 3731 2497 3789 Dei
2524 3731 2631 3789 sui
2659 3730 2855 3789 oblita
2883 3738 2996 3800 est,
3029 3729 3092 3791 id
3130 3737 3227 3791 est
3266 3728 3422 3809 legis
3553 3745 3619 3801 43

157 3831 208 3885 ss
313 3848 422 3912 per
451 3830 740 3893 haereses
765 3836 830 3891 et
856 3846 1126 3890 errores,
1149 3829 1277 3897 Qui
1299 3831 1606 3890 laetantur
1625 3849 1828 3908 quum
1935 3828 2171 3891 divinae
2202 3846 2273 3889 ac
2304 3827 2604 3909 praecepti
2633 3845 2759 3908 quo
2791 3826 3173 3890 adulterium
3204 3834 3267 3889 et
3298 3828 3424 3890 t‘or-
3474 3852 3626 3897 aava.
3649 3868 3713 3907 xx,

313 3930 793 4006 malefecerint,
830 3936 892 3987 et
933 3929 1265 3987 exsultant
1303 3928 1374 3987 in
1413 3930 1598 3987 rebus
1628 3928 1828 4004 pessi·
1935 3925 2171 3989 nicatio
2215 3925 2660 4008 prohibentur.
2695 3923 2808 3987 Vel
2850 3925 3040 3987 etiam
3084 3925 3279 3988 violat
3317 3945 3422 4007 pa·
3451 3918 3517 3959 ¹⁴·

311 4031 451 4089 mis.
475 4028 762 4090 Peccant
790 4026 962 4089 enim
996 4043 1072 4087 ex
1109 4023 1334 4086 habitu
1362 4024 1612 4087 vitioso.
1647 4023 1826 4087 Habi-
1932 4031 2128 4099 ctum,
2182 4025 2352 4105 quod
2402 4032 2687 4104 tempore
2714 4021 3035 4086 ‘connubii
3070 4020 3231 4085 'iniit
3273 4043 3419 4087 cum

310 4134 406 4188 tus
437 4134 664 4188 autem
698 4132 797 4187 est
835 4123 1020 4205 quasi
1059 4122 1258 4185 altera
1295 4130 1543 4199 natura,
1575 4131 1638 4184 et
1670 4120 1825 4185 facit
1933 4121 2185 4197 marito,
2240 4122 2341 4184 cui
2398 4120 2777 4184 fidelitatem
2832 4120 3127 4202 promisit
3181 4139 3195 4183 z
3250 4123 3421 4203 quod

311 4224 640 4287 hominem
677 4221 983 4285 delectari
1017 4221 1084 4282 in
1115 4220 1218 4283 his
1251 4222 1328 4283 ad
1361 4240 1502 4301 quae
1533 4220 1815 4283 inclinat.
1853 4219 1902 4280 D
1931 4229 1994 4283 et
2043 4221 2208 4283 Deus
2252 4220 2332 4281 ab
2380 4219 2565 4282 initio
2611 4218 2950 4293 ordinavit,
2998 4219 3266 4282 dicendo
3308 4240 3421 4301 per

311 4322 484 4385 Tales
528 4339 804 4404 quoque
836 4318 1332 4401 apprehendunt
1363 4318 1530 4380 mala
1569 4336 1640 4381 ac
1679 4338 1822 4400 pes-
1930 4319 2127 4381 Adam
2166 4336 2179 4380 :
2212 4318 2552 4399 Relinquet
2598 4317 2788 4380 homo
2835 4324 3077 4400 patrem
3129 4337 3315 4380 suum
3358 4326 3420 4381 et
3464 4338 3712 4389 ammai.

309 4418 464 4482 sima
513 4418 646 4481 sub
703 4417 952 4481 ratione
1001 4417 1332 4498 apparenti
1385 4415 1697 4479 bonorum
1747 4436 1820 4480 ac
1931 4424 2221 4493 matrem,
2256 4425 2317 4479 et
2355 4416 2703 4478 adhaerebit
2742 4416 2921 4479 uxori
2960 4436 3111 4491 suae,
3143 4424 3207 4479 et
3234 4425 3423 4479 erunt

309 4518 733 4600 optimorum.
778 4513 922 4577 Ideo
967 4514 1364 4577 delectantur
1407 4513 1474 4575 in
1519 4515 1704 4576 malis
1747 4534 1821 4578 ac
1932 4516 2058 4579 duo
2091 4516 2157 4577 in
2188 4533 2377 4578 carne
2413 4533 2559 4576 una.
2592 4514 2769 4576 Unde
2800 4522 2863 4577 et
2901 4533 3015 4597 per
3044 4514 3421 4591 Prophetam

311 4615 634 4696 pessimiS,
660 4612 1205 4693 quemadmodum
1235 4612 1502 4676 virtuosi
1538 4612 1602 4674 in
1635 4612 1820 4675 bonis
1931 4615 2167 4680 dicitur
2200 4635 2213 4678 :
2248 4614 2388 4676 Haec
2429 4612 2747 4695 particeps
2784 4621 2907 4690 tua,
2943 4622 3005 4675 et
3037 4632 3195 4677 uxor
3226 4612 3423 4676 foede-
3467 4640 3715 4693 mmm,
3754 4620 3765 4627 ’

311 4722 368 4775 et
396 4711 700 4795 optimis.
734 4710 918 4773 Tales
958 4710 1149 4772 etiam
1181 4718 1332 4772 sunt
1365 4710 1520 4773 adeo
1553 4730 1824 4775 excaeca-
1932 4715 2019 4777 ris
2049 4713 2168 4776 tui.
2202 4715 2535 4775 Inclinata
2572 4721 2662 4772 est
2696 4714 2873 4773 enim
2902 4715 2990 4773 ad
3028 4722 3291 4774 mortem
3320 4707 3519 4774 ᾱο-Ἠ·

313 4812 378 4887 ti,
412 4811 589 4894 quod
623 4828 762 4873 non
798 4810 1140 4873 advertunt
1179 4828 1293 4871 sua
1335 4809 1643 4891 pericula,
1678 4830 1824 4893 pec·
1933 4834 2078 4874 mus
2106 4813 2269 4889 ejus,
2303 4810 2368 4873 id
2404 4817 2500 4872 est
2527 4827 2637 4872 cor
2680 4809 2744 4871 in
2783 4828 2912 4891 quo
2943 4829 3057 4891 per
3093 4810 3425 4892 pravitatis

313 4920 584 4993 cantque
638 4908 790 4971 sine
844 4925 1132 4971 remorsu
1188 4927 1260 4971 ac
1311 4906 1514 4984 freno,
1565 4910 1694 4973 imo
1746 4911 1824 4972 de
1934 4930 2065 4973 suae
2101 4927 2480 4973 consensum
2522 4914 2825 4984 moratur,
2866 4908 2967 4972 vel
3004 4927 3150 4972 caro
3189 4908 3256 4971 in
3297 4928 3427 4991 qua

317 5008 482 5070 vitiis
531 5008 684 5071 suis
731 5025 800 5069 se
847 5007 1110 5087 jactant.
1162 5005 1249 5068 De
1299 5005 1534 5087 quibus
1592 5007 1826 5070 dicitur
1937 5008 2209 5091 turpiter
2236 5007 2606 5083 delectatur,
2638 5025 2749 5069 seu
2779 5007 3173 5069 conversatio
3204 5026 3420 5088 prava,

101 5117 293 5173 Mam.
317 5106 380 5169 in
425 5108 590 5170 [saia
642 5124 658 5169 :
711 5105 1047 5169 Peccatum
1092 5123 1279 5166 suum
1325 5105 1508 5185 quasi
1559 5105 1826 5168 Sodoma
1934 5126 2064 5189 qua
2094 5105 2374 5187 regitur3
2407 5104 2532 5181 vel,
2566 5105 2821 5181 Domus,
2857 5104 2923 5166 id
2961 5112 3058 5166 est
3094 5104 3429 5169 domestici

106 5248 282 5298 „mm
320 5206 864 5287 praedicaverunt,
883 5221 1000 5265 nec
1028 5201 1520 5266 absconderunt.
1541 5204 1701 5266 Hinc
1730 5204 1830 5267 de·
1937 5205 2100 5285 ejuS‚
2121 5204 2234 5285 qui
2265 5203 2323 5266 ei
2357 5203 2420 5265 in
2453 5203 2727 5284 peccatis
2758 5202 3233 5265 communicant
3264 5221 3279 5267 t
3315 5203 3428 5285 qui

30 5384 32 5387 y
99 5314 144 5353 ιι.
285 5289 488 5367 'mum
541 5304 616 5368 in
659 5300 939 5385 epistola
983 5299 1242 5363 Ioannis
1293 5301 1599 5363 asseritur
1651 5318 1664 5362 ε
1712 5301 1828 5376 Qui
1944 5304 2023 5365 ad
2065 5310 2335 5365 mortem
2382 5300 2585 5382 culpae
2625 5299 2937 5362 inclinant
2978 5320 3069 5379 se,
3100 5309 3163 5365 et
3204 5320 3428 5366 secun—
