4284 6267
854 480 971 543 464

1534 490 1886 539 mammo
1928 488 1993 537 m
2034 489 2174 537 GAP.
2221 489 2268 535 11
2308 488 2468 535 mim
2510 488 2870 537 sarmit.
2917 510 3000 520 —
3038 490 3180 538 Am.
3227 490 3272 536 11

833 668 1121 745 ¹7',u.‹›·tum
1154 666 1264 748 qui
1296 667 1398 732 vel
1428 684 1555 729 non
1587 665 1810 747 possit,
1850 673 1960 729 aut
2000 682 2129 727 non
2165 671 2342 746 optet
2371 658 2423 721 A
2454 667 2732 744 dentem,
2787 664 3060 728 maxime
3106 663 3574 728 abhorruerunt
3618 670 3684 726 et
3733 662 3948 725 irrise-

847 766 1033 829 nobis
1065 766 1389 845 resistere3
1428 776 1488 826 ec
1522 785 1653 827 non
1689 784 2036 843 parcamus
2068 765 2339 824 viduoe:

844 884 1046 946 quum
1077 872 1289 927 tamen
1318 882 1628 973 pauperes
1660 871 1724 926 et
1752 862 1961 926 viduae
1991 861 2121 923 sint
2155 861 2341 923 mise-

846 962 1080 1026 rabiles
1112 980 1419 1044 personas,
1452 962 1519 1024 in
1550 981 1709 1044 quas
1742 980 2035 1025 exercere
2064 960 2341 1043 tyranni-

848 1063 1015 1139 dem,
1048 1069 1143 1125 est
1182 1059 1542 1143 specialiter
1580 1078 1857 1139 saevum3
1900 1081 2013 1121 nec
2052 1060 2342 1120 veterani

850 1181 1264 1222 revereamur
1286 1180 1478 1222 canos
1516 1162 1713 1220 multi
1752 1161 2073 1236 tempori&
2112 1158 2176 1220 id
2220 1164 2337 1232 est,

852 1276 981 1323 non
1027 1259 1415 1323 honoremus
1464 1276 1669 1333 seneS‚
1717 1256 1829 1339 qui
1880 1256 2117 1320 habent
2165 1255 2345 1318 albos
2454 1258 2668 1321 Iesum
2700 1257 3134 1339 decipiamus:
3159 1255 3314 1338 quia
3342 1254 3573 1317 multas
3601 1260 3955 1335 posuerunt
4021 1264 4134 1307 ιω
4145 1279 4214 1313 nu.

853 1357 1063 1421 crines
1093 1376 1170 1420 ex
1206 1356 1626 1419 diuturnitate
1656 1356 1851 1419 vitae:
1888 1374 2088 1437 quum
2130 1364 2342 1417 tamen

562 1466 828 1518 1,ev.x=x.³2.
854 1456 1163 1537 scriptum
1195 1456 1298 1530 sit,
1330 1455 1554 1520 Coram
1582 1473 1741 1518 cano
1770 1454 1978 1536 capite
2008 1470 2343 1533 consurge,

663 1560 725 1615 Η
855 1564 919 1619 et
946 1556 1191 1620 honora
1223 1573 1559 1637 personam
1603 1553 1797 1616 senis.
1832 1556 1938 1616 Sic
1967 1564 2185 1615 autem
2212 1556 2346 1633 for-

854 1658 1063 1717 titudo
1092 1664 1311 1716 nostra
1340 1658 1445 1714 leco
1458 1653 1768 1731 justitiae,
1793 1652 1856 1714 id
1889 1660 2005 1730 est,
2031 1659 2343 1734 potestate

852 1762 1107 1817 utamur
1137 1772 1251 1835 pro
1274 1753 1438 1834 jure,
1471 1758 1535 1814 et
1564 1751 1889 1814 voluntate
1919 1769 2035 1833 pro
2065 1749 2340 1813 ratione:

2452 775 2616 841 runt,
2651 765 2986 828 dicentes:

2452 865 2596 927 nit:
2630 864 2782 947 quid
2813 881 2961 927 eum
2989 860 3259 924 auditis?
3283 867 3473 943 prout
3499 860 3566 922 in
3595 858 4004 940 Evangelio
3981 838 4046 880 ²'⁰

2455 962 2709 1044 legitur.

2535 1061 2922 1142 Exponendo
2951 1077 3103 1141 ergo
3132 1059 3212 1122 de
3239 1057 3510 1135 Christo,
3537 1056 3656 1120 iste
3681 1064 3784 1120 est
3811 1075 3954 1119 sen-

2457 1177 2603 1222 sus:
2634 1160 3234 1221 circumveniamus
3260 1176 3407 1235 erqo
3421 1156 3710 1234 justum,
3734 1154 3798 1217 id
3829 1163 3946 1230 est,
4077 1160 4138 1213 ¹2

2457 1358 2516 1420 ei
2565 1356 2852 1430 insidiae,
2903 1364 2966 1418 et
3012 1354 3381 1436 frequenter
3429 1352 3950 1427 observaverunt,
3981 1330 4212 1439 ³25„

2456 1475 2530 1519 ac
2578 1455 2887 1537 quosdam
2937 1454 3248 1515 miserunt
3293 1451 3408 1534 qui
3452 1469 3597 1514 eum
3649 1458 3955 1561 caperent
3983 1453 4216 1565 ῗξῖἑπ
4262 1518 4263 1525 ¹

2459 1556 2527 1617 in
2565 1572 2878 1617 sermone.
2912 1552 2988 1614 Et
3027 1550 3322 1633 quamvis
3361 1551 3540 1613 Jesus
3577 1549 3793 1614 omnia
3833 1567 3956 1611 sel-

2459 1673 2595 1730 ens,
2623 1671 2753 1717 non
2791 1650 3069 1734 potuerit
3099 1649 3332 1732 decipi,
3377 1649 3502 1731 ipsi
3542 1657 3757 1712 tamen
3800 1667 3958 1730 prae-

2460 1759 2872 1833 sumpserunt
2935 1768 3002 1811 se
3059 1766 3248 1830 posse
3306 1746 3530 1811 fallere
3577 1766 3748 1825 eum,
3813 1755 3953 1808 tan-

849 1853 1022 1937 quod
1078 1850 1409 1934 proprium
1458 1857 1555 1913 est
1604 1848 1909 1933 tyrannis,
1952 1850 2081 1913 Rex
2127 1857 2342 1912 autem
2384 1839 2432 1901 B
2458 1868 2652 1932 quam
2676 1849 3002 1913 hominem
3031 1866 3263 1929 purum
3293 1846 3437 1909 aliis
3469 1846 3762 1910 similem.
3777 1845 3959 1908 Unde

852 1950 1141 2033 sequitur
1186 1949 1519 2027 rationem,
1564 1956 1627 2011 et
1677 1956 2051 2030 potestatem
2101 1946 2348 2027 regulat

853 2049 1101 2131 legibus
1158 2048 1497 2131 inquitatis·
1554 2050 1737 2117 Quod
1780 2048 1958 2108 enim
2000 2047 2346 2123 infirmum

850 2157 963 2221 esc,
995 2150 1233 2209 inutile
1262 2148 1603 2209 invenitur
1632 2166 1655 2205 :
1685 2145 1750 2207 id
1780 2152 1898 2221 est,
1921 2143 2152 2207 inutile
2180 2143 2349 2225 judi-

852 2265 1070 2309 camus
1101 2244 1535 2321 succumbere,
1579 2242 2226 2326 impotentioremque
2255 2260 2351 2305 es—

854 2363 943 2423 se,
968 2363 1043 2407 ac
1070 2342 1336 2425 subjici3
1361 2341 1676 2406 dominari
1705 2359 1857 2406 vero
1885 2348 1948 2404 et
1978 2340 2345 2423 praevalere,

856 2450 1223 2525 reputamus
1277 2441 1530 2504 beatum
1582 2457 1597 2503 ε
1650 2459 1851 2522 quum
1912 2448 2121 2502 tamen
2179 2438 2350 2501 dicat

856 2540 1217 2624 ApostoluS,
1250 2538 1513 2602 Infirma
1555 2538 1779 2601 mundi
1824 2537 2015 2618 elegit
2059 2538 2246 2613 Deua,
2280 2545 2350 2600 ut

856 2638 1209 2703 confundat
1255 2635 1485 2717 fortia3
1534 2645 1597 2699 et
1642 2636 1845 2700 multo
1891 2634 2210 2699 salubrius
2269 2635 2353 2697 sit

858 2736 1127 2819 injurias
1175 2736 1330 2818 pati,
1380 2753 1571 2816 quam
1624 2734 1925 2815 irrogare,
1968 2733 2218 2796 Christo
2262 2743 2352 2795 te-

782 2860 827 2898 v.
857 2843 1085 2913 stante,
1121 2833 1287 2897 Beati
1320 2834 1431 2914 qui
1474 2832 1981 2916 persecutionem
2011 2832 2347 2914 patiuntur

859 2940 1117 3018 propter
1158 2931 1495 3014 justitiam,
1543 2939 1665 2995 etc.

566 2560 700 2605 teor.
717 2574 746 2613 ι,
759 2562 828 2603 27.

591 2845 760 2891 uacca.

566 2912 635 2953 ¹0.

2459 1950 2547 2012 ait
2595 1948 2879 2012 Salvator
2928 1947 2994 2009 in
3032 1946 3282 2011 Psalmo
3333 1962 3347 2008 ε
3400 1944 3706 2020 Quoniam
3757 1942 3958 2025 gratis
3984 1956 4216 2005 huma.

2455 2047 2927 2111 absconderunt
2971 2046 3131 2108 mihi
3182 2044 3511 2109 interitum
3556 2044 3766 2126 laquei
3806 2042 3944 2122 sui3

2459 2155 2522 2210 et
2567 2147 2780 2209 denuo
2830 2162 2844 2208 :
2897 2144 3324 2209 Narraverunt
3371 2151 3444 2205 ut
3490 2142 3958 2206 absconderent
3989 2154 4220 2201 Pamn-

2461 2246 2768 2328 laqueos3
2819 2244 3136 2321 dixerunt,
3189 2241 3340 2316 Quis
3387 2240 3632 2305 videbit
3687 2243 3840 2304 eost
3879 2240 3962 2303 Et

2461 2342 2753 2426 quamvis
2801 2342 3049 2405 dicatur
3097 2340 3202 2403 hic
3251 2359 3328 2403 ex
3382 2359 3602 2404 eorum
3661 2357 3956 2423 persona,

2458 2440 3044 2505 circumveniamus
3080 2440 3369 2521 justum3
3423 2438 3548 2521 ipsi
3597 2446 3816 2501 tamen
3863 2438 3964 2499 Je-

2459 2559 2602 2603 sum
2635 2557 2764 2603 non
2804 2543 3260 2622 reputaverunt
3299 2554 3416 2600 nec
3455 2536 3952 2601 nominaverunt

2457 2638 2725 2721 justum.
2781 2637 2902 2701 Sed
2957 2635 3112 2719 quia
3169 2636 3505 2699 verissime
3550 2636 3760 2717 justus
3810 2632 3960 2709 fuit,

2461 2738 2603 2802 ideo
2641 2737 2721 2799 ad
2760 2754 2894 2799 rem
2929 2735 3135 2818 ipsam
3182 2734 3596 2817 adspiciendo
3633 2734 3960 2809 dixerunt,

2460 2834 3048 2901 circumveniamus
3094 2833 3340 2915 justum
3375 2851 3390 2895 ε
3433 2833 3740 2915 quoniam
3780 2832 3834 2894 is
3871 2832 3954 2894 de

2460 2953 2590 3016 quo
2635 2935 2726 2998 sic
2777 2933 3207 3009 contulerunt,
3258 2931 3383 2995 fuit
3431 2951 3681 2995 summe
3719 2930 3960 3011 justus,

938 3032 1127 3096 Porro
1166 3050 1311 3113 quae
1348 3037 1723 3112 sequuntur,
1758 3030 2108 3093 secundum
2142 3030 2352 3111 Augu·
2390 3026 2433 3089 C
2465 3032 2566 3096 Sic
2621 3039 2687 3096 et
2740 3033 2807 3094 in
2860 3030 3240 3114 Apocalypsi
3299 3029 3577 3093 ministri
3634 3028 3959 3092 Antichri-

858 3129 1121 3201 stinum‚
1155 3129 1351 3193 verba
1381 3136 1531 3191 sunt
1558 3127 1934 3205 SalomoniS,
1960 3128 2040 3190 ad
2070 3126 2349 3191 litteram

859 3230 938 3292 de
969 3228 1203 3291 Christi
1253 3227 1548 3309 passione
1588 3234 1652 3290 et
1702 3226 2145 3309 persecutione
2196 3244 2353 3308 prae-

859 3326 1197 3391 nuntiata:
1234 3332 1297 3389 et
1334 3324 1545 3388 littera
1581 3325 1662 3387 ad
1699 3325 1820 3387 hoc
1857 3324 2098 3407 optime
2130 3343 2353 3388 conso-

862 3433 992 3503 nat,
1027 3442 1143 3488 nec
1180 3425 1259 3487 de
1298 3422 1427 3487 alio
1466 3422 1685 3504 aliquo
1728 3430 1854 3485 tam
1898 3422 2356 3487 convenienter

862 3532 1136 3606 aptatur.
1158 3522 1277 3585 Sed
1305 3520 1456 3584 huic
1486 3519 1869 3603 expositioni
1899 3540 2028 3585 non
2058 3522 2358 3586 videntur

859 3639 1211 3685 consonare
1240 3619 1588 3702 praehabita
1624 3636 1637 3681 τ
1672 3618 2016 3701 pontifices
2045 3638 2348 3701 namque,

864 3719 1097 3784 Scribae
1146 3738 1219 3782 ac
1263 3716 1559 3781 Pharisaei
1607 3725 2045 3799 persecutores
2094 3717 2353 3796 Christi,

862 3839 993 3884 non
1040 3818 1298 3882 fuerunt
1345 3817 1518 3880 illius
1575 3817 1888 3899 perfidiae,
1944 3824 2015 3879 ut
2070 3816 2358 3880 dicerent

864 3919 1109 3982 animas
1156 3916 1491 3980 hominum
1538 3934 1677 3979 esse
1726 3915 2061 3993 mortales3
2114 3933 2231 3977 nec
2278 3915 2358 3977 ad

865 4016 1149 4079 luxurias
1178 4024 1241 4078 et
1273 4022 1483 4078 cetera
1509 4013 1667 4076 vitia
1703 4014 1835 4095 jam
1872 4020 2173 4095 praetacta
2200 4019 2361 4076 tota-

866 4114 1013 4178 liter
1041 4132 1107 4177 se
1136 4119 1587 4195 exposuerunt.
1619 4111 1714 4173 Ad
1749 4112 1923 4193 quod
1962 4111 2089 4174 dici
2121 4118 2352 4194 potest,

2463 3132 2544 3193 sti
2593 3131 2893 3212 leguntur
2931 3128 3186 3207 dicturi,
3229 3128 3377 3203 Quis
3421 3129 3655 3191 similis
3701 3127 3958 3191 bestiast
4017 3146 4188 3201 apaan
4189 3155 4221 3187 ι.

2463 3249 2664 3313 quum
2692 3237 2905 3292 tamen
2940 3227 3173 3291 dicturi
3198 3227 3346 3304 sint,
3363 3226 3506 3301 Quis
3535 3226 3767 3291 similis
3795 3209 4022 3289 chri-⁴

2466 3330 2605 3393 sto?
2652 3329 2774 3392 Sed
2820 3327 3129 3410 quoniam
3185 3326 3240 3389 is
3288 3344 3482 3409 quem
3542 3344 3658 3408 pro
3714 3325 3967 3389 Christo

2466 3426 2799 3509 recipient,
2833 3424 3325 3489 bestialissimus
3373 3425 3529 3507 erit3
3577 3426 3720 3489 ideo
3765 3424 3968 3506 respi-

2465 3524 2691 3588 ciendo
2721 3525 2800 3587 ad
2831 3544 2983 3601 rem,
3004 3522 3518 3605 praenuntiantur
3545 3523 3796 3599 dicturi,
3811 3522 3962 3597 Quis

2468 3622 2697 3685 similis
2726 3623 2982 3687 bestiae?
3007 3626 3328 3693 Quoniam
3355 3624 3618 3685 inutilis
3647 3634 3738 3684 est
3767 3623 3961 3683 nobis.

2467 3721 2775 3799 ChristuS,
2809 3728 3118 3803 quantum
3157 3720 3224 3783 in
3273 3739 3342 3783 se
3384 3728 3540 3799 erat,
3577 3720 3958 3783 utilissimus

2469 3826 2532 3882 et
2579 3820 3035 3883 saluberrimus
3083 3818 3208 3881 fuit
3250 3818 3401 3896 illis,
3449 3837 3556 3882 eos
3607 3818 3955 3882 erudiendo

2468 3917 2798 3995 doctriniS,
2841 3917 3172 4000 exempliS,
3214 3916 3563 3994 miraculis»,
3597 3926 3662 3980 et
3689 3916 3968 3981 caritati-

2471 4034 2548 4080 ve
2591 4016 2996 4098 corripiendo
3039 4036 3112 4080 ac
3154 4016 3528 4081 advisando.
3562 4015 3682 4079 Sed
3722 4015 3968 4079 inutilis

2473 4114 2597 4176 ruit
2625 4114 2742 4191 eiS,
2761 4116 2970 4196 quoad
3005 4133 3375 4197 perversum
3407 4114 3610 4177 finem
3639 4114 3722 4177 ab
3753 4114 3847 4178 eis
3877 4114 3970 4176 in-

865 4213 1037 4296 quod
1076 4212 1243 4274 inter
1277 4210 1425 4273 illos
1457 4208 1717 4273 fuerunt
1760 4208 1963 4291 aliqui
1998 4208 2352 4287 Sadducaei,
2388 4206 2438 4267 D
2473 4219 2719 4275 tentum
2767 4230 2781 4274 :
2828 4212 3136 4294 quoniam
3173 4220 3306 4276 toto
3347 4210 3589 4275 affectu
3634 4211 3966 4275 inhiabant

574 4324 837 4377 neuun-,a
866 4310 979 4393 qui
1010 4309 1366 4373 animarum
1396 4308 1938 4371 immortalitatem
1970 4314 2035 4371 et
2063 4305 2351 4370 futurum

860 4408 1174 4491 judicium
1200 4412 1606 4487 negaverunt.
1623 4404 1827 4469 Ceteri
1852 4412 2057 4468 autem
2080 4405 2172 4468 ita
2191 4404 2361 4469 obte-

863 4506 1113 4572 nebrati
1140 4514 1205 4569 et
1230 4505 1517 4570 carnales
1548 4504 1832 4582 fuerunt,
1869 4505 2039 4586 quod
2066 4504 2187 4567 etsi
2219 4522 2347 4568 non

864 4606 1082 4682 verbe,
1114 4613 1328 4668 tamen
1358 4604 1499 4686 ipso
1538 4603 1707 4667 facto
1744 4603 2062 4682 dixerunt,
2098 4602 2346 4681 Venite,

868 4714 933 4770 et
968 4704 1256 4768 fruamur
1290 4702 1475 4767 bonis
1517 4721 1661 4784 quae
1706 4710 1857 4765 sunt
1889 4720 1903 4765 :
1938 4703 2352 4785 quemadmo-

606 4824 825 4873 masto.
868 4806 1023 4869 dum
1064 4804 1145 4867 de
1185 4802 1569 4885 quibusdam
1612 4800 1838 4864 scribit
1864 4800 2227 4884 ApostoluS,
2257 4801 2358 4864 Di-

868 4912 1025 4969 cunt
1052 4921 1121 4968 ae
1149 4920 1337 4966 nosse
1366 4900 1586 4976 Deum,
1628 4898 1815 4963 factis
1852 4908 2068 4963 autem
2103 4908 2360 4982 negant.

870 5002 1152 5067 Fuerunt
1178 5000 1419 5084 quippe
1450 5018 1699 5063 summe
1726 4999 1924 5078 avari,
1950 5007 2013 5064 et
2042 5000 2366 5083 praesenti-

580 5120 845 5173 Luamfla,
875 5102 995 5166 bus
1033 5099 1253 5165 dediti.
1286 5097 1549 5181 Propter
1576 5099 1748 5180 quod
1788 5098 2111 5161 Christum
2148 5107 2370 5163 contra

582 5185 651 5227 ¹⁴·
874 5200 1210 5267 avaritiam
1237 5196 1711 5282 praedicantem,
1743 5204 1933 5279 atque
1970 5205 2369 5261 terrenorum

881 5306 1320 5381 contemptum
1378 5294 1671 5378 exemplo
1726 5314 1799 5359 ac
1846 5295 2059 5361 verbis
2110 5314 2369 5379 persua-

2468 4310 2712 4373 divitiis
2749 4318 2941 4393 atque
2988 4309 3339 4374 honoribus
3385 4327 3400 4372 :
3448 4310 3619 4392 quod
3667 4310 3952 4373 Christus

2469 4407 2876 4491 vituperavit,
2927 4407 3354 4471 humilitatem
3401 4415 3464 4471 et
3517 4416 3952 4491 paupertatem

2470 4505 2777 4589 exemplis
2837 4524 2912 4569 ac
2963 4506 3177 4570 verbis
3239 4507 3715 4571 commendans
3775 4506 3956 4569 Juxta

2471 4604 2643 4668 hunc
2699 4605 2960 4668 modum
3020 4612 3312 4668 narratur
3368 4606 3646 4669 secundo
3699 4605 3958 4687 Regum,

2473 4703 2644 4785 quod
2683 4702 3024 4767 consilium
3050 4702 3440 4835 ‘Achitophel
3483 4704 3642 4768 utile
3683 4702 3810 4767 fuit
3841 4703 3960 4767 Ab·
3995 4718 4139 4773 naq.
4149 4727 4222 4759 m

2475 4801 2678 4866 saloni
2734 4821 2808 4865 ac
2863 4802 2997 4866 suis
3050 4803 3286 4885 q:uod
3347 4810 3557 4867 tamen
3607 4802 3958 4867 sceleratis·
3998 4783 4065 4825 “·

2477 4902 2711 4965 simum
2769 4908 2924 4965 erat.
2979 4905 3064 4965 Ec
3113 4905 3482 4965 contrarius
3537 4912 3628 4964 est
3675 4904 3964 4981 operibus

2481 5003 2716 5063 nostris
2745 5021 2770 5063 .·
2796 5000 2953 5083 quia
2977 5018 3171 5083 opera
3197 5000 3338 5083 eJus
3369 5000 3629 5065 fuerunt
3655 4999 3971 5065 sanctissi-

2483 5118 2607 5178 ma,
2641 5117 2835 5183 opera
2875 5107 3089 5162 autem
3131 5098 3416 5182 ipsorum
3459 5097 3856 5182 pravissima.
3887 5100 3968 5161 Ec

2483 5200 2880 5278 improperat
2907 5200 3086 5260 nobis
3108 5206 3368 5277 peccata
3399 5199 3556 5277 ἱερεῖς
3583 5196 3882 5275 Mosaicae,
3905 5196 3966 5258 id

2485 5304 2601 5374 est,
2635 5296 2909 5379 imputat
2947 5304 3013 5359 et
3047 5294 3273 5377 obiicit
3312 5293 3498 5359 nobis
3537 5304 3798 5379 peccata
3827 5312 3962 5379 qum

3020 762 3412 826 Daemonium
3458 761 3749 825 habetet
3779 760 3950 823 insa·
4015 774 4168 817 sm
4183 788 4218 823 ι,
4260 738 4261 777 3
