4284 6267
1211 504 1566 551 mum-rio
1608 504 1673 551 m
1714 504 1853 553 cu.
1888 507 1975 552 vn
2016 505 2452 553 accmsusm.
2497 526 2578 537 —
2619 507 2761 554 Ait-r.
2797 506 2883 553 vu
3469 490 3584 555 251

84 678 415 732 Gen-mu.
466 670 705 733 omnis
750 690 901 736 caro
942 674 1229 755 corrupit
1273 673 1443 737 viam
1490 694 1709 755 suam3
1741 684 1804 739 et
1852 682 1995 759 post
2022 674 2074 737 A
2100 694 2232 739 una
2260 686 2440 758 parte
2477 676 2992 753 ChristianitatiS,
3027 680 3156 760 jam
3190 679 3256 741 in
3286 678 3433 742 alia.
3468 678 3592 742 Sic·

464 768 810 833 diluvium
843 773 923 835 ad
956 772 1380 837 idololatriam
1411 783 1807 838 corruerunt.
1824 775 1991 837 Idem
2101 794 2227 856 que
2267 775 2675 858 quibusdam,
2705 785 2988 859 tempora
3033 779 3381 860 posteriora
3423 777 3589 893 facta

464 868 715 933 dieunt
749 871 829 933 de
862 880 1148 954 tempore
1177 872 1337 953 legis
1367 872 1641 955 scriptae,
1672 874 1841 955 quod
1875 873 1995 936 sci·
2102 883 2252 936 sunt
2292 894 2481 938 aurea
2525 883 2588 939 et
2629 875 2951 958 prioribus
2995 875 3280 939 meliora.

469 966 643 1030 licet
686 978 975 1052 tempora
1014 970 1282 1034 meliora
1330 969 1593 1034 fuerunt
1629 972 1749 1035 sub
1788 971 1995 1054 Moyse
2192 976 2426 1036 Utilior
2451 984 2542 1035 est
2567 977 2889 1052 sapiencia
2921 995 3062 1035 cum
3089 976 3364 1041 divitiis,
3397 994 3585 1056 quam
3719 992 3785 1047 12

466 1074 545 1128 et
584 1068 801 1131 Aaron
844 1088 917 1131 ac
958 1069 1341 1145 senioribus,
1384 1070 1505 1133 sub
1548 1069 1783 1152 quibus
1826 1069 1992 1133 facta
2101 1071 2240 1133 sine
2287 1071 2403 1134 eis.
2454 1073 2608 1135 Nam
2665 1073 2908 1135 bonum
2963 1082 3242 1135 creatum
3302 1072 3588 1135 additum

466 1173 638 1227 sunt
670 1166 995 1230 mirabilia
1026 1168 1227 1231 multa
1259 1177 1323 1231 et
1350 1187 1618 1249 magna3
1655 1178 1717 1232 et
1750 1170 1869 1232 sub
1895 1169 1993 1231 ,Ιο-
2099 1170 2270 1232 bono
2301 1179 2535 1248 creato,
2570 1170 2780 1234 efficit
2809 1172 3018 1254 ipsum
3059 1173 3290 1253 majuS.
3325 1171 3590 1254 Sapiens

468 1280 624 1339 sue,
648 1264 891 1345 diuque
922 1276 1164 1347 postea,
1195 1266 1319 1329 filii
1350 1268 1536 1330 Israel
1574 1268 1840 1331 Domino
1868 1286 1993 1330 ser·
2099 1277 2312 1333 autem
2367 1270 2611 1333 divitiis
2661 1270 2824 1334 bene
2873 1272 2994 1334 scit
3044 1272 3160 1348 uti,
3211 1278 3277 1332 et
3325 1290 3440 1354 per
3485 1290 3589 1333 eas

470 1362 765 1425 vierunt.
830 1364 1142 1429 Similiter
1205 1366 1272 1428 in
1329 1367 1588 1430 exordio
1647 1366 1991 1449 primitivae
2100 1368 2416 1431 succurrit
2473 1369 2713 1449 egenis,
2765 1370 3213 1433 Verumtamen
3271 1370 3438 1433 istud
3497 1369 3592 1431 di-

471 1460 809 1538 Ecclesiae,
846 1464 1143 1527 maxima
1199 1465 1345 1528 data
1391 1474 1488 1529 est
1534 1466 1720 1547 copia
1767 1464 1992 1546 gratia·
2099 1473 2272 1528 ctum
2319 1468 2574 1530 videtur
2616 1470 2964 1531 secundum
3011 1488 3264 1532 cursum
3311 1478 3374 1532 et
3415 1477 3591 1531 teno-

472 1580 655 1637 rum,
688 1570 753 1623 et
799 1561 1299 1626 innumerabilia
1336 1574 1488 1627 tune
1526 1563 1770 1627 fiebant
1802 1563 1991 1626 mira-
2099 1583 2232 1627 rem
2274 1565 2433 1647 legis
2471 1566 2775 1639 Mosaicae,
2812 1568 2878 1630 in
2919 1586 3045 1649 qua
3084 1566 3433 1649 indigentia
3477 1586 3586 1630 seu

476 1660 684 1723 cula:
725 1660 867 1724 ideo
910 1670 1161 1744 tempus
1199 1662 1359 1725 illud
1390 1662 1615 1727 dicunt
1654 1662 1988 1745 posteriori
2098 1672 2439 1746 paupertas
2487 1666 2671 1729 valde
2715 1665 2840 1728 fuit
2887 1666 3158 1743 horrori,
3204 1667 3382 1748 juxta
3430 1666 3588 1729 illud

478 1764 779 1838 tempore
834 1758 1067 1822 melius
1126 1761 1466 1824 exstitisse.
1518 1761 1750 1843 Sicque
1808 1760 1991 1824 affir-
2098 1764 2570 1827 Deuteronomii
2608 1782 2622 1827 ε
2657 1764 2930 1828 Omnino
2969 1766 3263 1847 indigens
3303 1774 3368 1828 et
3414 1785 3589 1829 men·
3616 1788 3880 1839 veniant.

470 1865 663 1917 mant
699 1864 989 1938 tempora
1019 1858 1232 1940 priora
1266 1858 1467 1923 fuisse
1502 1860 1785 1935 meliora,
1818 1878 1987 1924 com·
2024 1862 2069 1923 B
2098 1864 2279 1926 dicus
2311 1883 2436 1927 non
2471 1865 2590 1928 erit
2632 1866 2798 1928 inter
2829 1884 2963 1929 vos,
2996 1865 3172 1928 Unde
3215 1873 3278 1927 et
3315 1864 3471 1927 alibi
3503 1866 3590 1929 le-

474 1956 772 2035 parando
804 1964 1049 2038 partem
1079 1957 1271 2020 unius
1312 1959 1639 2041 temporiS,
1676 1961 1755 2022 ad
1792 1959 1987 2022 aliam
2094 1962 2266 2042 gitur
2302 1983 2316 2027 ε
2351 1962 2567 2025 Melius
2597 1972 2694 2025 est
2730 1964 2916 2040 mori,
2941 1983 3132 2045 quam
3173 1980 3377 2043 egere.
3413 1964 3590 2028 Chri·
3643 1977 3791 2022 Εοοιε.
3813 1989 3879 2027 u,

472 2051 777 2133 ejusdem
836 2055 1145 2138 temporis
1202 2066 1472 2139 partem.
1534 2058 1987 2123 Verumtamen
2096 2070 2232 2122 stus
2264 2068 2476 2123 autem
2510 2062 2710 2142 legem
2745 2062 3036 2145 perfecit,
3058 2071 3122 2125 et
3151 2072 3586 2145 paupertatem
3617 2045 3685 2087 ²⁹·

472 2151 741 2214 Boetius
791 2152 1045 2217 videtur
1092 2154 1393 2231 sensisse,
1446 2164 1733 2238 tempora
1776 2157 1987 2239 priora
2094 2160 2388 2241 exemplo
2419 2178 2491 2223 ac
2521 2159 2721 2224 verbo
2758 2161 3047 2241 edocuit3
3095 2161 3402 2243 illamque
3432 2181 3588 2244 prae-
3630 2175 3881 2223 uatem-m.

472 2250 777 2315 absolute
822 2251 1025 2315 fuisse
1066 2253 1357 2331 meliora,
1400 2255 1672 2318 dicendo
1718 2273 1733 2317 ε
2096 2260 2334 2322 dicavit
2391 2278 2530 2322 esse
2585 2258 2984 2336 altissimam,
3037 2259 3100 2322 in
3162 2279 3286 2341 qua
3344 2278 3461 2324 nec
3523 2262 3586 2323 in
3617 2242 3821 2291 ²⁰⁸³·

2095 2356 2400 2438 generali,
2428 2376 2635 2439 neque
2663 2359 2729 2420 in
2771 2358 3028 2441 speciali
3072 2358 3400 2441 proprium
3433 2359 3587 2440 quid

2094 2454 2388 2518 habetur.
2417 2456 2725 2521 Universa
2767 2476 3022 2539 quoque
3071 2465 3327 2520 terrena
3373 2458 3591 2522 docuit
3648 2472 3768 2517 loia.
3797 2485 3882 2524 nx,

2095 2564 2286 2635 atque
2326 2555 2652 2618 consuluit
2681 2575 2820 2619 esse
2857 2556 3382 2638 derelinquenda,
3417 2557 3589 2620 viam
3617 2540 3684 2583 ²¹·

472 2653 659 2717 Unde
688 2662 753 2717 et
788 2653 1025 2717 Seneca
1058 2674 1072 2718 ε
1108 2653 1427 2732 Quotidie,
1452 2654 1685 2737 inquit,
1713 2655 1989 2720 deterior
2094 2652 2502 2737 perfectionis
2529 2654 2773 2735 ingredi
2800 2654 3393 2737 cupienti.Quamvis
3419 2656 3588 2718 enim

474 2762 579 2817 est
619 2753 760 2816 dies
808 2754 1142 2834 posterior.
2097 2752 2342 2817 divitiae
2373 2771 2500 2816 non
2533 2753 2661 2815 sint
2690 2754 2872 2816 malae
2904 2754 2970 2816 in
3003 2754 3344 2831 se,multas
3377 2764 3588 2817 tamen

558 2851 723 2913 Hinc
774 2851 1030 2915 videtur
1076 2851 1422 2915 dicendum
1473 2871 1545 2914 ac
1599 2853 1989 2934 responden·
2097 2860 2161 2915 et
2203 2868 2463 2930 magnas
2515 2849 2750 2913 habent
2797 2852 3246 2933 occupationes
3296 2861 3356 2915 et
3405 2872 3589 2915 curas

474 2951 660 3025 dum,
696 2949 819 3013 sub
866 2949 1105 3031 triplici
1148 2950 1583 3014 distinctione.
1608 2950 1820 3013 Prima
1864 2959 1982 3028 est,
2092 2968 2375 3013 annexas
2415 2968 2429 3013 z
2465 2950 2571 3012 sed
2605 2959 2668 3012 et
2697 2950 2883 3013 valde
2917 2949 3194 3014 difficile
3223 2961 3340 3028 cst,
3372 2951 3466 3017 eis
3497 2952 3587 3014 uti

473 3049 655 3130 quod
697 3048 837 3111 dies
882 3048 1186 3111 dicuntur
1228 3050 1573 3111 deteriores
1620 3067 1731 3111 seu
1775 3050 1989 3112 melio-
2024 3047 2066 3110 C
2097 3049 2233 3111 sine
2275 3066 2556 3111 excessu.
2605 3048 2678 3110 Hi
2727 3067 2983 3130 quoque
3027 3049 3136 3131 qui
3180 3068 3284 3112 eas
3333 3060 3590 3133 propter

476 3166 607 3221 reS,
643 3165 775 3210 non
825 3146 1031 3209 solum
1088 3154 1351 3230 propter
1398 3148 1564 3210 mala
1613 3147 1841 3230 culpae,
1878 3150 1986 3211 sed
2100 3147 2295 3209 Deum
2330 3147 2593 3209 omnino
2629 3146 3021 3228 relinquunt,
3059 3166 3173 3210 nec
3211 3149 3465 3230 propria
3495 3167 3590 3211 re-

475 3254 541 3307 ct
576 3253 841 3327 propter
875 3245 1045 3307 mala
1079 3262 1307 3329 poenae.
1344 3246 1633 3309 Secunda
1664 3256 1780 3323 est,
1814 3249 1983 3329 quod
2095 3246 2324 3321 tinent,
2345 3245 2603 3308 aliunde
2646 3246 2850 3309 multo
2889 3246 3129 3327 maj0ra
3163 3246 3585 3309 virtuosarum

476 3343 621 3406 dies
655 3343 965 3407 dicuntur
995 3344 1292 3407 meliores
1332 3362 1443 3407 seu
1486 3343 1739 3427 pejores
1776 3345 1987 3428 dupli-
2095 3343 2419 3406 actionum
2450 3343 2736 3406 subsidia
2765 3353 3266 3425 consequuntur,
3293 3344 3591 3409 videlicet

475 3441 664 3514 citer,
718 3450 943 3523 utpote
994 3441 1310 3505 intensive
1359 3450 1419 3505 et
1460 3442 1787 3506 extensive
1830 3463 1844 3507 :
1892 3444 1986 3506 in-
2092 3443 2440 3522 gratiarum
2471 3441 2872 3518 charismata,
2894 3462 3084 3524 quam
3118 3443 3247 3505 sint
3275 3443 3428 3525 ipsae
3457 3462 3591 3507 cor-

475 3540 756 3617 tensive‚
797 3549 1063 3623 propter
1111 3540 1457 3622 gratiarum
1509 3560 1619 3605 seu
1670 3542 1987 3623 prosperi-
2094 3540 2345 3622 porales
2387 3539 2898 3622 divitiae.1taque
2943 3540 3169 3604 melior
3207 3550 3302 3604 est
3344 3542 3590 3623 sapien-

478 3647 685 3701 tatum
748 3639 1275 3719 exuberantiam3
1326 3639 1675 3717 extensive,
1726 3650 1985 3723 propter
2094 3640 2184 3701 tia
2231 3658 2377 3703 cum
2426 3638 2813 3718 evangelica,
2871 3647 3222 3721 spontanea
3271 3640 3589 3721 religiosa-

476 3737 967 3801 multitudinem
1030 3739 1511 3820 suppositorum
1570 3738 1982 3803 servientium
2094 3758 2220 3821 que
2267 3745 2662 3821 paupertate,
2698 3756 2888 3819 qnam
2939 3758 3082 3801 cum
3129 3740 3395 3802 divitiis.
3427 3740 3588 3805 Hinc

478 3834 633 3897 Deo.
670 3832 905 3910 Tertia,
940 3835 1110 3915 quod
1157 3853 1285 3895 uno
1331 3844 1391 3897 et
1436 3835 1657 3898 eodem
1700 3844 1987 3917 tempore
2094 3836 2594 3920 gloriosissimus
2633 3846 2694 3900 et
2739 3836 3247 3919 sapientissimus
3287 3838 3585 3921 princeps

832 2420 989 2471 Felix
1032 2420 1265 2472 nimium
1302 2422 1455 2487 prior
1482 2426 1641 2485 oetaS,

830 2502 1107 2553 Contenta
1136 2502 1397 2554 fidelibus
1428 2502 1598 2555 arvis.

480 3932 623 3995 dies
649 3932 823 4014 apud
852 3932 1161 4014 quosdam
1196 3941 1346 3995 sunt
1378 3933 1699 4010 melior-05,
1724 3942 1787 3996 et
1815 3934 1983 4016 apud
2094 3936 2540 4019 Apostolorum
2573 3936 2821 3999 locutus
2861 3945 2958 3999 est
2989 3936 3215 3999 claudo
3244 3956 3320 4001 ex
3353 3947 3533 4001 utero
3567 3956 3580 4001 :

476 4031 641 4095 alios
688 4030 1061 4094 deteriores,
1094 4030 1183 4093 Ex
1215 4050 1341 4112 qua
1379 4031 1793 4097 distinctione
1826 4033 1981 4095 mul·
2094 4036 2438 4116 Argentum
2481 4044 2544 4097 et
2588 4054 2815 4097 aurum
2858 4054 2988 4098 non
3031 4043 3128 4098 est
3169 4036 3366 4117 mihi3
3413 4038 3583 4118 quod
3627 4061 3866 4111 Aemus.

479 4139 563 4193 tae
605 4128 777 4191 sumi
828 4138 1098 4211 possunt
1144 4129 1689 4195 considerationes
1736 4132 1814 4193 ad
1856 4131 1986 4194 dis·
2093 4143 2306 4197 autem
2351 4132 2571 4210 habe0,
2606 4133 2727 4197 hoc
2762 4134 2876 4197 tibi
2910 4136 3012 4199 do.
3048 4135 3114 4197 In
3155 4135 3413 4199 nomine
3437 4136 3584 4200 Iesu

476 4227 863 4291 solvendum
894 4228 1287 4310 propositam
1323 4229 1983 4311 quaestionem.Siqui-
2015 4236 2064 4297 D
2091 4232 2326 4295 Christi
2368 4249 2556 4312 surge
2584 4240 2648 4295 et
2683 4233 2967 4295 ambula.
3000 4233 3120 4296 Vas
3159 4253 3414 4316 quoque
3454 4235 3584 4299 ele-

474 4329 626 4391 dem
656 4336 947 4408 tempore
972 4327 1425 4409 Apostolorum
1460 4328 1779 4392 intensive
1804 4338 1983 4392 erant
2090 4332 2322 4394 ctionis
2360 4349 2373 4393 :
2409 4330 2756 4407 Altissima,
2812 4332 3044 4414 inquit,
3099 4342 3433 4415 paupertas
3480 4352 3584 4397 eo·
3621 4366 3865 4417 1100„‚„...‚

478 4436 773 4509 tempora
814 4425 1103 4503 meliora,
1148 4426 1493 4506 Evangelio
1540 4429 1822 4490 nondum
1868 4447 1985 4490 un-
2091 4449 2256 4505 rum,
2310 4430 2658 4495 abundavit
2717 4430 2782 4492 in
2836 4430 3092 4495 divitias
3149 4431 3582 4514 simplicitatis
3611 4432 3650 4473 2·

475 4525 676 4607 dique
720 4524 1051 4603 divulgato
1088 4544 1101 4588 ε
1137 4543 1266 4605 quo
1315 4526 1409 4589 sic
1453 4526 1803 4606 divulgato,
1856 4547 1982 4591 me-
2090 4547 2334 4592 eorum.

474 4624 641 4687 liora
671 4631 855 4686 erant
885 4622 1233 4687 extensive.
1258 4623 1821 4705 RursuS,tempore
1852 4626 1982 4709 pri-
2167 4627 2474 4690 Praeterea
2522 4628 2850 4708 quaeritur,
2904 4630 3222 4709 quomodo
3283 4629 3577 4695 Salomon

474 4722 725 4785 mitivae
780 4720 1103 4796 Ecclesiae‚
1166 4722 1437 4787 durante
1498 4732 1977 4805 persecutorum
2087 4726 2258 4789 dicat
2303 4726 2433 4803 hic,
2464 4726 2693 4790 Utilior
2735 4735 2832 4789 est.
2881 4726 3191 4808 sapientia
3233 4747 3380 4790 cum
3421 4728 3580 4791 divi-

474 4819 841 4904 tyrannide,
864 4827 1152 4901 tempora
1182 4830 1361 4883 erant
1394 4821 1635 4902 peiora,
1657 4821 1979 4904 loquendo
2087 4825 2217 4902 tiis,
2253 4844 2449 4907 quum
2498 4824 2562 4886 in
2605 4824 2962 4888 Proverbiis
3007 4824 3256 4900 dixerit,
3290 4825 3580 4890 Mendici·
3617 4853 3872 4903 mmm.

472 4921 559 4983 de
610 4918 781 4982 malo
832 4934 1061 5000 poenae.
1116 4918 1234 4981 Sed
1286 4918 1563 4983 instante
1602 4920 1974 4985 Antichristi
2084 4932 2278 4988 tatem
2311 4933 2372 4987 et
2411 4924 2668 4988 divitias
2710 4942 2788 4985 ne
2829 4924 3079 4987 dederis
3119 4924 3300 4986 mihi.
3335 4926 3412 4987 Et
3450 4946 3578 4991 res·
3605 4919 3647 4959 ⁸·

472 5018 784 5094 adventu,
818 5024 1007 5079 erunt
1036 5018 1277 5099 pejora,
1314 5026 1439 5080 tam
1472 5019 1717 5082 malitia
1746 5021 1972 5103 culpae‚
2086 5023 2520 5106 pendendum,
2555 5023 2726 5104 quod
2773 5041 2885 5104 per
2929 5021 3186 5086 divitias
3227 5032 3434 5105 potest
3472 5024 3577 5089 hic

470 5136 671 5200 quam
715 5132 941 5198 poenae.
968 5114 1313 5191 Postrem0,
1349 5124 1635 5199 tempore
1666 5120 1979 5200 evangeli·
2084 5120 2485 5185 sufficientia
2517 5129 2911 5183 terrenorum
2945 5120 3239 5201 intelligi,
3275 5122 3363 5185 ihi
3399 5142 3572 5201 vero,

468 5234 565 5279 cae
598 5213 781 5294 legiS‚
806 5212 1097 5276 Christus
1127 5212 1195 5275 in
1228 5213 1510 5278 Ecclesia
1539 5235 1652 5279 sua
1682 5235 1973 5298 magnam
2083 5217 2520 5302 superfluitas,
2549 5216 2822 5297 Regibus
2853 5236 3108 5299 quoque
3137 5229 3200 5282 et
3229 5220 3297 5282 in
3327 5224 3576 5303 magnis

470 5313 853 5395 frequenter
899 5308 1054 5374 fecit
1095 5310 1641 5393 reformationem,
1691 5334 1863 5380 nunc
1906 5317 1972 5381 in
2080 5315 2324 5381 officiis
2371 5315 2759 5393 constitum,
2801 5317 3174 5383 necessariae
3221 5328 3372 5383 sunt
3417 5320 3577 5387 divi-
