4284 6267
573 2186 721 2231 Gen.x

550 2252 617 2301 ¹7,
640 2252 705 2293 ¹9.

840 507 956 571 196

1448 526 1799 574 artmano
1842 526 1907 573 m
1949 526 2089 573 cAP.
2135 526 2287 573 ml
2329 526 2813 574 rnovlfflmonmt.
2858 544 2939 555 —
2974 526 3115 573 Am.
3162 524 3310 571 xm

838 696 1008 777 quod
1066 704 1267 760 totum
1324 698 1558 761 scimus
1609 698 1967 780 impletum.
2018 696 2327 772 Quamvis
2360 697 2409 758 A
2437 696 2736 760 induetur
2766 696 3088 780 duplicem
3131 696 3384 772 stolam,
3420 694 3540 756 hoc
3578 700 3676 757 est
3704 710 3934 775 corpo-

838 802 1049 857 autem
1083 795 1148 856 in
1177 796 1427 861 Christo
1467 816 1594 860 non
1636 796 1831 859 fuerit
1864 815 2009 879 spes
2049 815 2195 878 quae
2232 804 2329 859 est

840 894 1191 976 theologica
1222 896 1444 971 virtnS,
1476 915 1591 959 nec
1622 896 1921 977 proprius
1949 903 2129 958 actus
2160 895 2322 977 ejus,

837 990 950 1071 qui
979 992 1216 1055 directe
1244 993 1410 1055 circa
1439 992 1791 1055 increatum
1822 991 2147 1074 objectum
2187 1012 2324 1055 ver-

837 1096 1053 1169 satur3
1104 1089 1232 1151 fuit
1262 1098 1473 1152 tamen
1516 1090 1582 1152 in
1613 1109 1689 1153 eo
1729 1088 1969 1153 fiducia
2008 1091 2323 1173 quaedam,

836 1206 965 1268 qua
1012 1188 1209 1250 multa
1256 1187 1471 1251 futura
1522 1190 1932 1271 exspectavit,
1976 1197 2038 1251 et
2086 1208 2326 1271 praeco-

833 1286 1055 1367 gnovit
1084 1285 1429 1369 implenda.
1463 1286 1565 1349 Sic
1604 1288 1778 1349 enim
1814 1295 1875 1351 et
1910 1288 2154 1369 proprii
2191 1306 2329 1350 cor-

834 1385 1008 1466 poris
1065 1384 1600 1466 glorificationem
1660 1386 1960 1468 spcravit.
2018 1386 2329 1467 Loquitur

834 1490 1048 1545 tamen
1096 1483 1201 1546 hic
1261 1483 1585 1566 Scriptura
1633 1485 1711 1545 de
1757 1484 2029 1561 Christo,
2084 1483 2328 1546 affectu

834 1587 898 1643 et
926 1599 1103 1643 more
1144 1582 1437 1659 humano,
1475 1590 1778 1663 tanquam
1810 1583 1889 1646 de
1924 1582 2176 1659 marito,
2216 1582 2326 1663 qui

834 1679 1045 1741 sciens
1088 1698 1157 1742 se
1200 1679 1463 1762 probam
1506 1688 1570 1742 et
1606 1679 1866 1744 fidelem
1903 1679 2139 1743 habere
2185 1698 2328 1743 uxo-

836 1796 993 1854 rem,
1046 1778 1319 1841 confidit
1373 1778 1439 1840 in
1488 1798 1561 1841 ea
1619 1787 1915 1860 tanquam
1969 1779 2036 1841 in
2084 1778 2327 1861 optima

2438 796 2525 857 ris
2566 804 2630 859 et
2665 796 2895 859 animae
2937 795 3202 877 gloriam
3244 813 3316 857 ac
3362 794 3684 872 decorem3
3717 798 3780 854 et
3819 790 3932 853 de-

2437 913 2588 970 nuc,
2610 894 2765 975 quia
2795 912 2922 956 non
2955 892 3200 958 invadit
3229 911 3348 955 nec
3377 890 3622 974 appetit
3648 889 3881 952 aliena.

2515 995 2759 1053 Reddet
2799 994 2862 1051 ei
2903 995 3161 1060 bonum,
3205 999 3263 1051 et
3303 1010 3435 1053 non
3478 992 3752 1058 malum,
3795 1007 3929 1048 om-

2435 1092 2629 1150 nibus
2670 1092 2894 1150 diebus
2939 1092 3090 1151 vitce
3129 1111 3262 1151 suae
3301 1110 3324 1149 .·
3362 1088 3427 1150 id
3475 1095 3591 1165 est,
3643 1084 3928 1149 Ecclesia

2433 1188 2668 1268 gratias
2709 1188 2946 1271 jugiter
2991 1196 3136 1269 aget
3183 1186 3455 1262 Christo,
3501 1193 3564 1249 et
3611 1183 3926 1266 quidquid

2437 1286 2586 1349 boni
2639 1287 2706 1349 in
2750 1306 2824 1350 ea
2863 1294 2979 1362 est,
3015 1285 3325 1350 Salvatori
3371 1304 3488 1349 suo
3530 1291 3709 1365 grata
3753 1282 3928 1344 attri-

2437 1384 2588 1448 buet
2637 1394 2872 1460 mente,
2914 1385 3184 1465 gloriam
3233 1392 3297 1447 et
3339 1383 3645 1447 honorem
3695 1380 3928 1445 referet

2437 1484 2518 1560 ei,
2551 1493 2740 1566 atque
2779 1484 3086 1547 obediens
3125 1483 3266 1560 erit,
3302 1482 3508 1546 sciens
3538 1499 3760 1545 verum
3789 1496 3928 1543 esse

4067 995 4132 1048 12

2434 1583 2605 1664 quod
2643 1583 2753 1645 ille
2785 1582 2918 1645 ait:
2956 1582 3105 1646 Sine
3133 1602 3238 1645 me
3277 1581 3441 1644 nihil
3472 1580 3737 1663 potestis
3767 1577 3932 1641 face-
3973 1605 4218 1652 mmm,

2440 1700 2527 1743 re.
2569 1682 2768 1762 HuJus
2814 1681 3180 1763 oppositum
3231 1687 3428 1762 agunt
3471 1677 3726 1759 ingrati,
3770 1676 3930 1739 reci·
3955 1671 3997 1711 ⁵·

2440 1779 2730 1843 divantes
2789 1788 2852 1842 et
2900 1798 3028 1842 non
3076 1786 3556 1861 perseverantes
3609 1794 3812 1858 usque
3861 1774 3928 1836 in

838 1874 1143 1960 compari,
1199 1877 1369 1958 quod
1418 1886 1649 1940 cuncta
1697 1879 1775 1940 ad
1826 1897 1893 1941 se
1936 1878 2326 1960 pertinentia
2365 1876 2412 1939 B
2443 1878 2665 1941 finem.
2711 1878 2832 1941 Sed
2869 1897 3069 1960 quum
3107 1878 3293 1941 bonis
3336 1876 3638 1941 Ecclesia)
3678 1873 3928 1937 actibus

839 1973 1180 2054 diligenter
1222 1982 1285 2037 et
1324 1974 1551 2038 idonee
1592 1984 1992 2057 exsequetur.
2030 1976 2132 2039 Sic
2163 1976 2326 2038 Deus

840 2070 1246 2154 omnipotens
1290 2072 1567 2135 confidit
1613 2074 1679 2135 in
1727 2074 2067 2150 Abraham,
2104 2074 2207 2137 cui
2259 2074 2327 2135 in

726 2200 811 2239 vm,
840 2168 1068 2232 Genesi
1113 2168 1203 2231 ait
1245 2186 1259 2230 τ
1292 2170 1455 2233 Num
1496 2171 1701 2234 celare
1745 2179 1963 2252 potero
2004 2171 2325 2234 Abraham

844 2286 986 2349 qnae
1021 2266 1304 2331 facturus
1344 2272 1529 2330 sum?
1570 2268 1711 2333 Scio
1744 2270 1914 2333 enim
1955 2271 2124 2351 quod
2169 2288 2329 2352 prae-

842 2374 1140 2450 cepturus
1178 2366 1261 2428 sit
1300 2365 1458 2429 filiis
1499 2367 1631 2430 suis
1670 2376 1741 2430 ut
1770 2370 2131 2432 custodiant
2175 2387 2330 2450 prae-

840 2474 1021 2547 cepta
1050 2483 1210 2527 mea.
1246 2466 1331 2527 De
1362 2466 1499 2529 viro
1540 2466 1659 2529 isto
1702 2466 1996 2531 Ecclesiae
2030 2467 2323 2549 loquitur

2437 1976 2716 2038 admixta
2753 1976 2883 2040 sint
2920 1977 3120 2039 multa
3160 1976 3347 2051 mala,
3374 1976 3440 2038 in
3481 1981 3727 2038 tantum
3755 1972 3928 2055 quod

2439 2075 2621 2157 quasi
2669 2094 2916 2157 pannus
2960 2083 3370 2138 menstruatae
3420 2081 3568 2136 sunt
3615 2071 3930 2135 universa)
3972 2088 4215 2137 amne.

2435 2172 2697 2253 justitiae
2754 2174 2893 2255 ejus
2946 2194 2960 2239 :
3011 2173 3333 2255 quomodo
3392 2172 3630 2235 dicitur
3687 2170 3931 2252 Sponso

2437 2288 2552 2333 suo
2575 2272 2835 2334 reddere
2865 2271 3050 2345 bona,
3086 2280 3151 2334 et
3179 2290 3308 2335 non
3343 2270 3548 2332 mutat
3579 2267 3934 2351 Responde-

2441 2376 2560 2444 tur‚
2596 2370 2767 2450 quod
2809 2370 2974 2432 mala
3016 2370 3127 2432 illa
3169 2378 3320 2432 sunt
3363 2376 3593 2451 praeter
3632 2364 3932 2430 intentio-

2439 2487 2585 2531 nem
2622 2468 2942 2547 Ecclesiae,
2977 2478 3044 2532 et
3079 2468 3366 2551 quotidie
3410 2466 3608 2531 deflet
3651 2486 3724 2529 ac
3764 2465 3933 2529 delet

574 2575 609 2619 1¹
628 2574 731 2622 Cor.
752 2589 809 2629 m.
840 2563 1067 2626 Paulus
1100 2581 1115 2625 :
1151 2563 1465 2646 Despondi
1516 2582 1625 2627 vos
1674 2565 1787 2627 uni
1826 2566 1963 2629 viro
2006 2565 2322 2646 virginem
2440 2586 2533 2629 ea.
2565 2566 2722 2630 Mala
2768 2586 3025 2650 quoque
3073 2567 3368 2631 mortalia
3418 2585 3544 2630 non
3589 2562 3932 2629 committit

547 2640 590 2683 ²·
842 2670 1079 2725 castam
1122 2662 1421 2725 exhibere
1462 2661 1732 2726 Christo.
1766 2663 1881 2738 Qui
1929 2665 2216 2728 Christus
2259 2665 2326 2726 in
2438 2664 2740 2740 Ecclesia,
2762 2673 3074 2747 quantum
3103 2665 3182 2727 ad
3213 2664 3501 2729 membra
3537 2683 3653 2727 sua
3681 2681 3821 2746 quae
3862 2662 3928 2724 in

580 2774 793 2825 acuns.
844 2761 1101 2825 Actibus
1148 2761 1237 2824 ait
1286 2760 1582 2824 Ecclesiae
1630 2779 1645 2824 ε
1693 2762 1885 2825 Eritis
1930 2763 2085 2826 mihi
2136 2772 2328 2827 testes
2439 2763 2699 2827 caritate
2727 2763 3103 2843 persistunt.

843 2861 912 2923 in
950 2860 1319 2937 Jerusalem,
1356 2868 1419 2922 et
1457 2860 1521 2922 in
1560 2861 1735 2923 omni
1773 2861 1985 2925 Judaea
2024 2870 2089 2925 et
2117 2862 2330 2925 Sama·
2525 2863 2830 2930 Quaesivit
2857 2866 3082 2923 lanam
3110 2872 3168 2923 et
3198 2863 3440 2932 linum,
3470 2860 3530 2923 id
3563 2867 3680 2937 est,
3713 2858 3931 2923 otiosi·
4058 2866 4124 2922 13

844 2959 960 3035 ria,
985 2966 1280 3040 et.usquc
1311 2959 1389 3021 ad
1424 2958 1721 3022 ultimum
1753 2968 1956 3023 terrae.
1977 2961 2063 3023 De
2092 2961 2328 3043 quibus
2441 2968 2631 3023 tatem
2662 2960 3114 3041 pigritiamque
3151 2960 3398 3037 vitavit,
3431 2966 3494 3022 et
3529 2958 3775 3022 actibus
3815 2956 3934 3020 mi·—

546 3057 1031 3131 1s.xxvu‚o.lsaias
1079 3058 1372 3139 praedixit
1413 3077 1426 3121 :
1471 3057 1832 3139 Implebunt
1884 3057 2109 3122 faciem
2156 3060 2328 3122 orbis
2365 3061 2408 3125 C
2439 3060 2798 3123 sericordiae
2835 3058 2959 3121 fuit
2998 3058 3261 3135 intenta,
3297 3067 3367 3120 ut
3404 3057 3690 3123 vestibus
3729 3057 3931 3119 laneis

842 3157 1108 3220 semine.
1142 3155 1229 3219 De
1276 3155 1508 3238 quibus
1558 3156 1790 3237 legitur
1836 3158 2027 3221 etiam
2074 3158 2156 3221 ab
2203 3158 2330 3222 alio
2441 3157 2700 3221 vestiret
2727 3174 2980 3237 egenoS,
3013 3157 3193 3238 juxta
3222 3156 3381 3219 illud
3413 3154 3479 3218 in
3509 3156 3698 3220 lsaia:
3725 3154 3930 3229 Quum
3976 3178 4208 3225 uranu.

557 3276 811 3328 Micam-1.
842 3254 1289 3337 prophetatum
1340 3274 1354 3318 ε
1414 3254 1613 3317 Erunt
1669 3255 1958 3337 reliquiae
2013 3256 2203 3319 Jacob
2261 3258 2327 3319 in
2441 3256 2678 3319 videris
2708 3256 2972 3332 nudum,
3009 3255 3184 3338 operi
3225 3274 3393 3317 eum.
3427 3254 3603 3318 Unde
3640 3254 3757 3317 Iob
3786 3254 3878 3316 ait
3911 3272 3926 3317 :
3958 3246 4000 3287 ⁷·

842 3353 1052 3417 medio
1099 3353 1480 3435 populorum
1526 3353 1871 3416 multorum
1922 3355 2105 3435 quasi
2151 3374 2253 3418 ros
2294 3376 2331 3417 a
2445 3354 2507 3417 Si
2543 3373 2668 3418 non
2699 3355 2778 3417 de
2816 3353 3162 3419 velleribus
3195 3353 3409 3416 ovium
3447 3372 3732 3417 mearum
3767 3352 3932 3415 cale-
3997 3370 4076 3413 Job
4101 3384 4206 3419 nn,

842 3451 1129 3529 DominO,
1156 3459 1219 3515 et
1247 3452 1428 3532 quasi
1458 3452 1645 3515 stillae
1676 3472 1867 3534 super
1895 3452 2181 3515 herbam.
2445 3452 2649 3515 factus
2695 3462 2812 3515 est.
2867 3452 3273 3535 Spiritualius
3323 3460 3531 3515 autem
3590 3451 3928 3533 loquendo,
3959 3436 4024 3475 ²⁰·

924 3554 1008 3613 Et
1044 3552 1268 3630 spoliis
1310 3571 1440 3613 non
1478 3553 1814 3629 indiqebic.
1852 3551 2134 3614 Ecclesia
2179 3552 2334 3615 dici-

845 3660 945 3713 tur
980 3649 1201 3731 spoliis
1232 3668 1361 3712 non
1392 3650 1676 3729 indigere
1712 3667 1725 3711 ε
1760 3650 1989 3727 Primo,
2024 3652 2330 3732 quoniam

842 3748 1065 3831 spoliis
1109 3746 1343 3810 sanctis
1387 3747 1685 3824 abundat,
1718 3749 1869 3811 dum
1913 3748 2212 3813 infideles
2253 3751 2330 3813 ad

846 3846 1044 3909 fidem
1105 3846 1437 3921 convertit,
1491 3846 1593 3911 vel
1648 3848 1977 3909 credentes
2038 3867 2109 3910 ac
2168 3849 2333 3912 male

844 3946 1130 4010 viventes
1177 3944 1255 4007 ad
1305 3944 1473 4007 viam
1522 3945 1771 4007 reducit
1821 3944 2045 4007 salutis
2102 3966 2116 4010 :
2169 3965 2330 4028 quos

845 4062 1063 4108 omnes
1094 4042 1348 4107 diabolo
1380 4042 1716 4118 subtrahit,
1743 4052 1805 4106 et
1842 4044 2092 4107 Christo
2125 4044 2333 4109 incor-

846 4149 1047 4225 porat,
1081 4141 1329 4204 Christo
1359 4142 1477 4205 hoc
1517 4141 1727 4223 ipsum
1765 4151 1991 4223 agente
2020 4161 2134 4225 per
2164 4162 2327 4207 eam.

2445 3570 2557 3633 per
2597 3551 2828 3629 lanam,
2862 3570 3004 3633 quae
3042 3552 3122 3613 de
3159 3550 3387 3616 ovibus
3426 3550 3696 3633 capitur,
3727 3549 3934 3637 ovinae

2444 3649 2872 3729 simplicitatis
2902 3669 3094 3733 opera
3123 3650 3560 3731 designantur,
3590 3648 3825 3731 quibus
3857 3648 3936 3710 fi-

2444 3746 2616 3811 deles
2666 3748 3024 3811 vestiuntur
3069 3767 3141 3811 ac
3186 3748 3585 3811 decorantur.
3621 3747 3748 3810 lmo
3797 3747 3935 3829 ipsa

2443 3847 2633 3911 ovina
2685 3846 3082 3929 simplicitaS,
3129 3846 3516 3924 innocentia,
3564 3846 3786 3927 pietaS,
3835 3864 3934 3908 ex-

2444 3947 2810 4028 primuntur
2847 3964 2960 4027 per
2997 3945 3208 4008 lanam
3243 3963 3258 4006 :
3291 3944 3524 4025 quibus
3561 3963 3678 4026 pro
3721 3943 3935 4006 funda-

2443 4053 2658 4108 mento
2695 4045 2923 4127 quaerit
2961 4044 3241 4107 Ecclesia
3281 4042 3554 4105 stabiliri
3593 4051 3784 4124 atque
3816 4042 3934 4105 ful-

2444 4144 2789 4225 ciri,prout
2816 4144 3114 4225 princeps
3141 4142 3587 4224 Apostolorum
3617 4141 3930 4205 hortatur:

566 4260 816 4311 Lucam,
845 4238 1131 4301 Christus
1190 4238 1429 4322 quippe
1487 4248 1583 4302 est
1645 4237 2036 4304 fortissimus
2096 4239 2205 4304 ille
2265 4243 2332 4307 in
2364 4248 2412 4310 D
2444 4242 2624 4317 Quasi
2646 4243 2825 4307 modo
2843 4243 3033 4323 geniti
3059 4240 3334 4304 infantes
3355 4240 3776 4317 rationabileS,
3794 4240 4194 4304 sinewmaz.

552 4324 621 4439 {fi}
641 4322 815 4431 ssff‘ffl·
847 4337 1089 4420 praeli0,
1125 4336 1236 4418 qui
1280 4336 1511 4400 fortem
1553 4347 1890 4416 armatum,
1918 4339 1981 4401 id
2022 4348 2119 4403 est
2161 4341 2337 4422 prin·
2444 4342 2612 4419 dolo,
2638 4342 2734 4404 lac
2764 4341 3216 4423 concupiscite,
3238 4348 3307 4402 ut
3338 4339 3402 4401 in
3433 4358 3508 4402 eo
3536 4338 3832 4402 crescatis
3863 4339 3928 4401 in

847 4435 1053 4517 cipem
1100 4435 1294 4518 hujus
1350 4435 1564 4499 saeculi
1613 4436 1965 4514 diabolum,
2017 4438 2329 4519 alligavit,
2445 4440 2734 4503 salutem.
2768 4440 2957 4503 Porro
3005 4458 3118 4523 per
3166 4438 3392 4515 linum,
3428 4439 3599 4519 quod
3644 4439 3723 4501 de
3765 4447 3932 4501 terra

844 4552 1123 4615 vasaque
1170 4533 1310 4616 ejus
1359 4534 1507 4596 tulit
1556 4534 1637 4596 ab
1686 4554 1783 4613 ee,
1829 4544 1890 4599 et
1941 4535 2148 4618 spolia
2196 4538 2334 4618 ejus
2442 4540 2774 4624 accipitur,
2791 4548 2854 4601 et
2881 4537 3099 4601 multis
3129 4536 3656 4600 concussionibus
3685 4537 3764 4599 ad
3791 4556 3932 4600 can-

846 4631 1193 4708 distribuit,
1220 4632 1754 4713 quemadmodum
1788 4633 1924 4716 ipse
1958 4636 2026 4697 in
2056 4636 2336 4718 Evange-
2443 4638 2661 4701 dorem
2701 4657 2774 4700 ac
2813 4636 3089 4719 speciem
3122 4634 3235 4696 lini
3277 4634 3665 4716 perducitur,
3701 4654 3930 4717 corpus

848 4730 935 4793 lio
977 4738 1380 4813 protestatur.
1418 4730 1494 4791 Et
1530 4729 1692 4793 Deus
1734 4732 1915 4794 Pater
1960 4733 2039 4795 de
2082 4752 2150 4796 se
2194 4733 2335 4816 ipso
2445 4745 2731 4799 nostrum
2760 4734 3026 4799 mortale
3057 4743 3374 4797 terrenum
3407 4732 3678 4815 intelligi
3706 4742 3928 4815 potest,

570 4848 817 4901 zamam.
846 4847 960 4912 per
1000 4828 1223 4890 lsaiam
1269 4826 1509 4891 effatur
1553 4846 1568 4890 ε
1610 4828 1990 4912 Dispertiam
2036 4832 2093 4895 ei
2140 4833 2336 4914 pluri·
2444 4835 2615 4916 quod
2635 4834 2830 4897 variis
2859 4831 3378 4896 exercitationum
3406 4830 3778 4914 disciplinis
3798 4830 3934 4894 abs·

846 4944 1006 5002 moS,
1038 4934 1103 4989 et
1132 4926 1393 4988 fortium
1423 4926 1663 4989 dividet
1692 4927 2196 5009 spolia.llursu3,
2221 4931 2336 4995 Ec-

846 5023 1040 5087 clesia
1070 5043 1195 5087 non
1227 5025 1470 5106 indiget
1497 5026 1737 5108 spoliiS,
1753 5029 2051 5109 quoniam
2084 5032 2336 5096 univer-

846 5122 935 5184 sis
978 5120 1469 5185 charismatibus
1514 5123 1787 5205 Spiritus
1837 5126 2048 5189 Sancti
2092 5129 2334 5211 repleta

846 5228 963 5297 est,
1010 5220 1483 5303 opulentiisque
1526 5222 1795 5286 internis
1843 5225 2162 5307 abundat;
2219 5227 2335 5291 ite-

847 5337 987 5385 rum
1033 5319 1198 5397 ideo,
1241 5320 1541 5400 quoniam
1582 5321 1647 5383 in
1693 5321 1909 5387 futuro
1948 5325 2214 5407 recipiet
2257 5345 2329 5390 ac

2445 4933 2753 5010 tinentiiS‚
2799 4930 3085 5014 jejuniiS,
3130 4928 3392 5011 vigiliis,
3449 4928 3709 4993 fletibus
3759 4929 3934 4993 aliis-

2442 5050 2568 5113 que
2615 5029 3062 5114 asperitatibus
3110 5029 3176 5090 in
3235 5028 3498 5111 spiritus
3555 5028 3928 5094 servitutem

2443 5129 2771 5210 redigitur.
2805 5130 3042 5191 Rursus
3072 5127 3218 5191 lana
3249 5135 3313 5190 et
3341 5126 3544 5189 linum
3583 5136 3732 5189 sunt
3759 5146 3932 5209 quae-

2441 5228 2586 5290 dam
2633 5227 3038 5292 auctoritates
3079 5245 3153 5288 ac
3199 5226 3532 5289 sententiaa
3579 5224 3929 5308 Scriptura-

2441 5346 2605 5405 rum,
2639 5334 2860 5409 utpote
2897 5324 3223 5401 litteraleS‚
3256 5342 3402 5406 quae
3439 5342 3554 5406 per
3597 5322 3829 5403 lanam,
3863 5332 3928 5386 et
