4284 6267
114 984 221 1028 cecla.
236 998 260 1035 1,
278 986 316 1027 4.

172 3153 231 3207 12

93 3960 105 4002 l
120 3962 215 4005 Τῖιι.
226 3976 251 4013 1,
262 3967 323 4007 Π.

1100 510 1457 559 RNARRATIO
1500 511 1563 557 m
1606 510 1745 557 GAP.
1792 508 1837 555 11
1876 508 2314 559 Bccmsusmr..
2363 532 2444 543 —-
2482 514 2624 560 ΛΒΤ.
2673 514 2714 560 n

3343 498 3461 565 223

340 686 577 749 summi
624 686 805 762 boni,
852 685 1149 769 spoliatio
1194 686 1433 766 gratiae,
1487 684 1841 749 dominium
1874 678 1926 743 A
1960 703 2070 765 per
2111 685 2334 749 isaiam
2378 694 2667 763 testatur,
2708 686 2949 764 dicens,
2991 688 3106 749 Cui
3150 685 3461 750 assimila-
3499 707 3564 750 1⁸.
3586 710 3737 759 snas.

344 784 658 866 principis
687 784 1118 861 tenebrarum,
1134 783 1489 865 jugumque
1516 783 1839 847 vitiorum.

343 884 427 943 Εε
474 886 653 945 nillil
696 902 1075 961 permanere
1114 886 1230 943 sub
1272 888 1420 944 sole.
1465 881 1843 945 Praecedenti

342 980 501 1044 dixit
526 983 815 1065 capitulo
841 984 1072 1047 :Terra
1102 983 1167 1045 in
1198 991 1505 1045 aeternum
1534 990 1678 1045 stat.
1703 982 1844 1044 Ter-

339 1100 403 1143 ra
432 1090 652 1145 autem
680 1083 801 1145 sub
832 1083 966 1146 sole
996 1090 1112 1145 est.
1136 1082 1459 1156 Quomodo
1487 1100 1638 1161 ergo
1666 1100 1838 1143 nunc

336 1180 443 1258 ait,
496 1182 665 1244 nihil
716 1200 1089 1265 permanere
1136 1180 1256 1244 sub
1310 1180 1481 1242 sole?
1527 1178 1657 1241 Sub
1704 1180 1839 1243 sole

336 1298 592 1363 quoque
624 1289 799 1359 sunt,
831 1300 960 1345 non
1000 1280 1209 1344 solum
1248 1279 1438 1360 igniS,
1473 1297 1602 1354 aer,
1645 1298 1832 1359 aqua,

339 1380 453 1441 tria
496 1380 820 1443 elementa
868 1388 1193 1463 perpetua,
1230 1378 1341 1441 sed
1383 1386 1449 1440 et
1492 1378 1646 1440 luna
1686 1396 1834 1439 cum

336 1478 583 1558 sphaera
630 1497 768 1556 sua,
801 1497 995 1560 quam
1037 1475 1403 1539 Aristoteles
1446 1476 1661 1558 posuit
1702 1492 1840 1557 pro-

339 1576 572 1638 ximam
602 1579 869 1659 sphaerae
906 1576 1093 1656 solis;
1128 1575 1257 1637 imo
1294 1582 1358 1637 et
1396 1574 1609 1637 Venus
1648 1583 1839 1655 atque

340 1674 702 1752 MercuriuS‚
737 1676 1091 1739 secundum
1128 1674 1559 1749 Ptolemaeum,
1596 1673 1706 1754 qui
1742 1690 1841 1735 so-

342 1772 461 1835 lem
518 1775 747 1837 asserit
798 1792 937 1837 esse
994 1774 1061 1835 in
1119 1772 1328 1835 medio
1380 1772 1777 1854 planetarum
1820 1788 1834 1833 ε

1954 783 2068 845 5ῑί5
2098 803 2223 861 me,
2257 794 2320 847 et
2354 784 2734 867 adaequastis
2784 788 2920 848 me?
2951 794 3016 848 et
3045 805 3264 847 rursus
3295 803 3309 847 :
3342 784 3456 848 Cui
3516 803 3630 847 ιῡεα.
3658 807 3725 850 ιε.

1952 878 2230 945 similem
2283 884 2518 947 fecistis
2569 886 2802 947 Deum?
2836 893 2946 947 aut
2991 904 3180 967 quam
3240 884 3460 964 imagi-

1954 998 2098 1043 nem
2128 982 2378 1063 ponetis
2407 983 2502 1045 ei?
2530 983 2734 1045 nihilo
2765 983 2978 1046 minus
3011 992 3224 1046 tamen
3252 990 3461 1066 potest

1951 1079 2007 1141 ei
2036 1079 2414 1159 (auxiliante
2432 1081 2663 1161 gratia)
2694 1079 2977 1145 finaliter
3005 1081 3458 1157 adhaerere,re-

1948 1187 2243 1241 verenter
2287 1180 2546 1255 servire,
2592 1198 2702 1261 per
2740 1180 3348 1262 contemplationem
3395 1186 3460 1241 et

1949 1277 2358 1341 dilectionem
2399 1277 2711 1342 imitative
2750 1279 3113 1351 assimilari,
3155 1288 3458 1360 tanquam

1949 1376 2026 1437 ad
2070 1376 2413 1456 imaginem
2444 1384 2508 1439 et
2546 1377 3036 1440 similitudinem
3072 1377 3181 1440 Dei
3224 1376 3455 1440 factuS.

1948 1474 2125 1537 Unde
2177 1474 2244 1537 in
2288 1475 2522 1539 Timaeo
2564 1476 2789 1539 asserit
2830 1476 3025 1553 Plato,
3063 1477 3234 1558 quod
3274 1475 3460 1539 nobis

1947 1580 2043 1634 est
2092 1592 2240 1636 cum
2287 1573 2411 1635 diis
2463 1573 2854 1637 consortium
2918 1575 3238 1655 quoddam
3298 1574 3463 1636 divi-

1951 1668 2192 1748 nitatis,
2239 1680 2299 1734 et
2346 1672 2634 1753 parilitas
2678 1672 2980 1735 nominis.
3041 1673 3109 1735 ln
3152 1671 3461 1736 Phaedone

1950 1787 2206 1851 quoque
2265 1778 2530 1834 testatur
2583 1789 2596 1833 :
2652 1772 2902 1849 Divino,
2969 1770 3336 1845 immortali,
3399 1781 3461 1834 et

342 1872 507 1953 quod
552 1880 805 1937 tenetur
846 1872 1273 1949 communiuS,
1305 1879 1369 1934 et
1409 1870 1689 1933 creditur
1737 1888 1843 1933 ve-
1877 1862 1923 1925 B
1952 1886 2203 1950 semper
2230 1870 2455 1932 eodem
2487 1871 2676 1933 modo
2709 1889 2778 1931 se
2807 1868 3066 1932 habenti
3099 1869 3254 1947 enti,
3291 1869 3463 1931 simi-

342 1970 488 2033 rius,
523 1970 731 2045 Quum
762 1970 979 2053 itaque
1020 1969 1304 2033 coelestia
1338 1986 1605 2049 corpora
1638 1968 1842 2030 incor-

338 2068 668 2149 ruptibilia
711 2068 863 2142 sint,
898 2068 1220 2149 quomodo
1258 2065 1419 2128 nihil
1462 2073 1679 2127 manet
1719 2063 1839 2126 sub

340 2166 499 2229 sole?
532 2166 1095 2249 Respondendum‚
1127 2165 1299 2246 quod
1343 2164 1462 2226 sub
1506 2163 1639 2226 sole
1681 2163 1839 2227 dici-

344 2273 437 2326 tur
492 2265 587 2327 nil
637 2284 917 2343 manere,
971 2264 1123 2345 quia
1171 2272 1471 2327 contenta
1529 2263 1648 2325 sub
1708 2262 1841 2325 sole

340 2364 669 2445 subjacent
718 2362 1059 2426 mutationi
1125 2362 1476 2425 secundum
1526 2360 1735 2424 locum
1782 2371 1843 2423 et

343 2462 553 2539 situm,
588 2471 699 2526 aut
726 2462 1080 2525 secundum
1118 2460 1391 2523 formam
1420 2467 1483 2523 et
1512 2478 1672 2536 esse,
1706 2460 1841 2522 sive

344 2578 451 2641 pro
493 2568 677 2641 parte
718 2578 853 2636 sua,
884 2558 1027 2624 sive
1068 2558 1420 2621 secundum
1467 2574 1535 2620 se
1584 2565 1735 2620 tota.
1770 2558 1845 2620 Et

346 2658 631 2739 quamvis
659 2659 949 2741 quaedam
970 2655 1252 2721 coelestia
1280 2674 1549 2737 corpora
1570 2656 1697 2717 sint
1725 2656 1846 2719 sub

346 2755 491 2834 sole,
508 2756 770 2838 proprie
801 2764 1015 2818 tamen
1045 2754 1345 2817 dicuntur
1370 2770 1510 2815 esse
1540 2752 1659 2813 sub
1688 2753 1841 2829 sole,

344 2874 485 2937 quae
514 2855 854 2937 subjacent
878 2851 1237 2917 influentiae
1267 2852 1443 2929 solis,
1478 2850 1846 2933 recipiendo

346 2955 713 3037 peregrinas
763 2953 1239 3035 impressioneS,
1292 2960 1357 3014 et
1405 2958 1715 3031 quantum
1766 2952 1846 3013 ad

344 3054 823 3134 generationem
860 3060 924 3115 et
952 3050 1456 3132 corruptionem.

422 3152 529 3215 His
570 3170 724 3233 ergo
766 3150 1030 3227 relictiS,
1069 3149 1373 3216 transivi,
1412 3146 1479 3209 id
1520 3154 1637 3221 est,
1672 3163 1851 3208 men-

346 3258 467 3314 tem
497 3250 696 3327 erexi,
721 3254 809 3312 ad
834 3249 1401 3325 contemplandam
1427 3246 1848 3322 sapientiam,

342 3350 403 3413 id
430 3360 527 3414 est
552 3350 633 3413 ad
658 3346 1192 3413 considerandum
1216 3344 1595 3425 dignitatem
1622 3342 1847 3425 ipsius,

344 3458 410 3511 ut
454 3468 597 3512 eam
646 3448 1091 3531 amplecterer,
1121 3464 1489 3524 erroresque
1534 3452 1593 3502 ec
1638 3443 1854 3502 stulti-

345 3552 525 3623 tiam,
554 3558 627 3612 ut
656 3568 765 3612 eos
794 3548 1061 3611 vitarem
1091 3564 1165 3607 ac
1196 3542 1629 3626 reprobarem.
1678 3543 1851 3611 Quid

344 3658 455 3719 est,
486 3652 789 3729 inquam,
821 3650 1030 3713 homo,
1062 3654 1136 3705 ut
1172 3644 1356 3723 sequi
1385 3642 1589 3719 possit
1614 3644 1851 3718 Reyem

347 3749 663 3825 factorem
706 3746 948 3807 suum?
990 3744 1055 3806 id
1112 3748 1230 3817 est,
1283 3759 1482 3821 quum
1530 3737 1722 3802 homo
1770 3739 1853 3801 sit

350 3846 645 3923 carnaliS,
678 3843 966 3908 mortalis
996 3860 1069 3905 ac
1100 3838 1346 3919 fragilis
1378 3845 1686 3912 creatura,
1724 3855 1851 3900 non

352 3944 602 4007 videtur
638 3943 809 4023 quod
848 3941 1057 4005 valeat
1092 3956 1209 4001 suo
1246 3936 1524 4000 Creatori
1566 3936 1696 4015 regi
1743 3953 1855 3998 sae-

354 4046 643 4109 culorum
692 4040 1061 4117 immortali,
1113 4036 1449 4114 invisibili,
1503 4036 1848 4113 adhaerere,

354 4144 613 4221 servire,
639 4140 1001 4205 assimilari.
1036 4138 1204 4201 lstud
1237 4136 1523 4217 loquitur
1548 4134 1855 4197 Ecclesia·

1950 1968 2031 2029 lis
2062 1976 2160 2029 est
2191 1968 2431 2031 anima.

2022 2070 2102 2129 Ec
2130 2069 2274 2128 vidi
2301 2071 2475 2147 quod
2505 2077 2760 2129 tantum
2791 2071 3174 2145 proecederet
3203 2069 3460 2145 sapien-

1954 2166 2047 2224 tia
2083 2167 2460 2233 stultitiam,
2501 2174 2822 2245 quantum
2859 2167 3081 2243 differt
3125 2169 3246 2227 luce
3281 2187 3323 2226 a
3379 2176 3462 2226 te-

1952 2264 2166 2324 nebris
2213 2286 2234 2324 :
2287 2264 2350 2327 id
2399 2272 2516 2343 est,
2572 2264 2857 2328 intellexi
2915 2265 3090 2346 quod
3148 2264 3462 2346 sapientia

1956 2369 2222 2438 tantum,
2259 2362 2389 2426 imo
2419 2373 2480 2426 et
2510 2364 2678 2446 plus,
2713 2363 3119 2445 praestantior
3155 2372 3254 2426 est
3285 2364 3462 2443 igno-

1954 2462 2161 2523 rantia
2190 2469 2253 2523 et
2281 2480 2516 2539 errore,
2547 2469 2860 2543 quantum
2900 2461 3011 2524 lux
3039 2462 3335 2542 caligine.
3370 2462 3462 2524 ln-

1956 2568 2049 2621 ter
2087 2578 2230 2640 quae
2271 2568 2516 2622 tantum
2558 2560 2843 2637 interest,
2879 2570 2948 2623 ut
2990 2562 3158 2625 dicat
3196 2560 3462 2643 Aposto-

3591 2093 3657 2150 13

1958 2657 2097 2719 lus:
2132 2657 2281 2732 Quae
2311 2658 2651 2722 conventio
2681 2657 2812 2721 luci
2844 2660 2922 2721 ad
2955 2660 3284 2722 tenebras?
3316 2659 3460 2723 Ideo
3517 2683 3551 2728 11
3574 2684 3749 2735 eorm,
3803 2722 3820 2728 -

1955 2757 2346 2837 sapientium
2393 2767 2509 2833 est,
2557 2757 2776 2820 oculos
2825 2757 3032 2821 cordis
3084 2776 3334 2840 semper
3378 2758 3459 2821 ad
3491 2749 3558 2789 ¹⁴·

1956 2854 2160 2917 lucem
2193 2854 2493 2930 veritatiS,
2515 2863 2578 2918 et
2605 2855 2686 2918 ad
2717 2856 3020 2920 virtutum
3054 2854 3458 2938 splendorem

1956 2951 2275 3032 attollere3
2304 2954 2643 3016 stultorum
2676 2972 2848 3031 vero,
2871 2955 2938 3016 in
2971 2954 3252 3017 tenebris
3284 2956 3460 3019 vitio-

1883 3048 1926 3112 C
1959 3070 2100 3113 rum
2129 3059 2193 3114 et
2223 3050 2521 3114 salsitatis
2552 3052 2824 3132 caligine
2856 3052 3156 3117 volutari.

2042 3149 2198 3212 Hinc
2227 3150 2515 3231 sequitur
2539 3170 2553 3215 ε
2580 3152 2911 3229 Sapientis
2939 3153 3113 3213 oculi
3147 3153 3219 3212 in
3249 3154 3459 3231 capite
3589 3160 3656 3216 u

1956 3248 2138 3323 ejus:
2167 3248 2322 3327 quia
2349 3247 2688 3311 exteriores
2719 3248 2937 3311 oculos
2968 3266 3116 3311 suos
3145 3248 3352 3313 elevat
3379 3249 3456 3310 ad

1958 3344 2242 3408 coelestia
2272 3344 2595 3421 intuenda,
2630 3356 2944 3428 quatenus
2973 3366 3050 3411 ex
3079 3346 3336 3410 illorum
3367 3347 3460 3409 in·

1962 3443 2147 3521 tuitu,
2181 3444 2262 3505 ad
2299 3442 2611 3507 Creator-is
2648 3445 3278 3527 contemplationem,
3310 3445 3457 3527 ejus

1959 3541 2296 3605 interiores
2343 3541 2512 3605 oculi
2559 3541 2903 3624 erigantur,
2940 3544 3122 3625 juxta
3163 3544 3334 3625 quod
3389 3543 3454 3605 in

1959 3640 2117 3702 lsaia
2163 3640 2442 3720 legitur:
2476 3641 2706 3705 Levate
2753 3642 2818 3704 in
2861 3642 3186 3706 excelsum
3233 3642 3453 3706 oculos
3501 3659 3742 3714 tanae.

1962 3747 2228 3816 vestrm,
2271 3747 2333 3801 et
2378 3740 2588 3804 videte
2634 3740 2778 3822 quis
2826 3740 3064 3804 creavit
3116 3741 3271 3804 haec.
3313 3740 3449 3818 Vel,

1961 3838 2296 3901 interiores
2325 3837 2494 3901 oculi
2525 3838 2827 3920 sapientis
2857 3849 3008 3901 sunt
3037 3839 3104 3901 in
3133 3840 3362 3922 capite,
3388 3840 3453 3901 id

1960 3936 2152 4000 estin
2191 3936 2381 3999 corde
2410 3936 2633 4019 ipsiuS‚
2669 3936 2786 4000 hoc
2825 3946 2922 4001 est
2953 3938 3018 4000 in
3059 3946 3238 4020 parte
3267 3938 3456 4001 intel-

1961 4036 2214 4112 lectiva,
2247 4035 2317 4096 in
2347 4053 2474 4115 qua
2501 4044 2650 4097 sunt
2679 4044 2806 4099 tres
2837 4036 3195 4118 superiores
3222 4036 3454 4101 animae

1962 4134 2152 4208 vireS,
2186 4134 2254 4195 in
2285 4132 2518 4213 quibus
2557 4133 3098 4215 superbenedictae
3125 4136 3452 4198 Trinitatis

354 4250 479 4305 stes
508 4242 575 4303 in
606 4259 879 4324 persona
907 4237 1348 4320 quorumdam,
1369 4232 1715 4297 dicentium
1744 4232 1855 4295 ho-
1886 4236 1933 4298 D
1966 4232 2172 4310 imago
2217 4230 2456 4293 relucet
2487 4246 2502 4291 ε
2535 4248 2678 4311 quae
2720 4240 2946 4295 vacant
2988 4233 3246 4297 diviniS.
3297 4236 3452 4299 Rur—

353 4341 591 4403 minem
638 4342 866 4421 (quum
906 4336 990 4399 sit
1030 4334 1318 4399 mortalis
1368 4342 1431 4395 et
1475 4330 1854 4413 corporalis)

356 4458 483 4503 non
520 4438 758 4502 debere
795 4436 919 4500 nisi
950 4433 1305 4517 corporalia
1342 4440 1535 4513 atque
1563 4430 1856 4493 mortalia

357 4558 663 4622 quaerere,
699 4538 879 4619 juxta
922 4534 1078 4597 illud
1115 4532 1367 4606 :Quum
1409 4531 1496 4593 sis
1541 4529 1851 4606 mortaliS,

357 4657 498 4720 quae
528 4645 681 4699 sunt
702 4634 997 4699 mortalia
1018 4630 1397 4711 cura.Cujus
1427 4628 1660 4692 erroris
1686 4627 1855 4709 prin-

357 4755 503 4819 ceps
536 4734 662 4797 fuit
690 4731 1049 4797 Simonides
1083 4750 1097 4793 ε
1132 4748 1322 4811 quem
1354 4728 1419 4789 in
1450 4726 1688 4789 Ethicis
1720 4726 1856 4787 Ari-

358 4835 617 4899 stoteles
666 4831 985 4915 reprobat,
1037 4848 1112 4892 eo
1160 4828 1330 4910 quod
1381 4826 1660 4889 nobilior
1708 4844 1855 4907 pars

358 4934 663 5006 hominis,
706 4930 949 4994 scilicet
993 4927 1375 5001 intellectuS,
1412 4926 1494 4987 sit
1539 4924 1857 4987 immorta-

361 5031 460 5109 lis,
484 5030 767 5103 divinuS‚
793 5024 1253 5089 immaterialis
1278 5023 1421 5086 Ideo
1450 5022 1640 5085 homo
1669 5020 1857 5083 debet

362 5146 609 5192 summe
654 5126 991 5207 exquirere
1038 5122 1403 5185 divinorum
1454 5120 1741 5182 notitiam
1795 5126 1857 5182 et

362 5246 665 5290 amorem.
706 5225 785 5285 Et
818 5221 1113 5305 quamvis
1140 5239 1268 5284 non
1300 5218 1501 5302 possit
1538 5236 1653 5283 suo
1681 5218 1858 5281 Crea-

366 5325 483 5387 tori
522 5342 637 5407 per
666 5320 1091 5405 (equalitatem
1131 5317 1489 5393 assimilari,
1524 5315 1691 5379 sicut
1722 5316 1857 5397 ipse

1964 4352 2093 4405 suS‚
2125 4329 2442 4413 Sapientis
2472 4329 2641 4393 oculi
2673 4338 2822 4393 sunt
2850 4332 2916 4393 in
2946 4334 3154 4415 capite
3184 4335 3347 4417 ejus,
3385 4336 3449 4399 id

1963 4437 2060 4493 est
2108 4430 2174 4491 in
2219 4428 2489 4505 Christo,
2541 4428 2653 4510 qui
2703 4437 2801 4492 est
2844 4439 3035 4512 caput
3077 4442 3450 4497 cunctorum

1966 4528 2262 4591 fidelium
2297 4546 2311 4591 ε
2345 4527 2409 4589 in
2441 4546 2569 4609 quo
2598 4528 2918 4609 sapientes
2949 4529 3278 4594 interiores
3309 4550 3456 4595 ocu-

1964 4628 2057 4690 los
2088 4644 2238 4689 suos
2267 4624 2582 4705 defigunt,
2618 4625 2798 4707 juxta
2828 4626 2983 4689 illud
3014 4628 3264 4703 Psalmi,
3297 4628 3452 4693 Ocu·
3477 4653 3746 4707 pannas.

1967 4725 2010 4787 li
2060 4724 2189 4787 mei
2235 4742 2488 4806 semper
2529 4724 2610 4785 ad
2659 4724 3022 4788 Dominum.
3074 4729 3329 4789 Stultus
3377 4732 3447 4789 in

1966 4826 2238 4885 tenebris
2275 4826 2592 4892 ambulat,
2622 4822 2688 4885 id
2729 4832 2847 4900 est,
2890 4842 3004 4907 per
3045 4825 3230 4888 devia
3271 4826 3458 4890 vitio-

1965 4942 2127 4997 rum,
2165 4922 2554 5001 ignorantias
2584 4929 2647 4984 et
2676 4940 2920 4985 errores
2946 4924 3232 5003 graditur
3258 4924 3336 4987 ad
3370 4924 3458 4988 in-

1966 5020 2240 5085 fernum.
2268 5020 2443 5083 Unde
2470 5020 2536 5082 in
2566 5019 2730 5082 libro
2759 5019 3240 5084 Proverbiorum
3269 5022 3457 5087 habe-

1966 5129 2103 5183 tur:
2128 5119 2448 5181 Iustorum
2477 5117 2704 5181 semita
2736 5116 2916 5197 quasi
2947 5116 3053 5179 lux
3083 5118 3447 5201 splendenS,
3481 5152 3741 5208 p,.0„‚„‚‚g‚

1965 5216 2254 5300 procedit
2308 5224 2372 5279 et
2426 5215 2654 5278 crescit
2709 5234 2914 5296 usque
2969 5216 3047 5279 ad
3103 5218 3450 5300 perfectam
3481 5219 3548 5262 ¹⁹·

1963 5316 2168 5394 diem3
2198 5313 2303 5376 via
2330 5321 2540 5377 autem
2582 5312 2926 5395 impiorum
2955 5315 3311 5396 tenebrosa,
3349 5336 3454 5383 ne-
