4284 6267
545 1126 610 1167 15.

653 2928 680 2985 1

656 3028 693 3083 2

540 4614 677 4668 Apoe.
691 4626 803 4665 xviii,

541 4680 583 4719 7.

837 464 916 528 40
1575 481 1924 529 ENARRATIO
1966 481 2030 527 m
2072 480 2211 529 car.
2246 482 2285 525 v
2326 480 2811 528 rnovunmonuu.
2858 500 2937 510 —
2978 480 3120 526 Aur.
3152 481 3193 525 v

837 670 981 714 mus
1028 653 1324 736 princeps
1373 652 1816 734 Apostolorum
1871 652 2141 714 asseruit
2188 670 2325 713 esse
2355 652 2406 713 A
2436 670 2627 732 quem
2668 650 3127 725 detrahentem,
3162 649 3453 732 protinus
3495 647 3658 729 fugit
3694 648 3773 711 ab
3814 647 3921 712 illo

841 750 959 812 tria
989 750 1315 815 homicidii
1346 770 1598 832 genera.
1632 751 1912 812 Primum
1943 759 2038 813 est
2067 749 2328 813 homici-

836 848 1014 911 dium
1071 850 1420 932 corporale.
1465 849 1827 913 Secundum
1884 858 1983 911 est
2035 850 2251 912 odium
2306 866 2321 911 t

837 966 982 1009 nam
1030 948 1096 1010 in
1141 948 1344 1030 prima
1387 948 1704 1011 Canonica
1745 967 1860 1009 sua
1901 947 1989 1009 ait
2026 948 2323 1024 loanncS,

547 1061 807 1113 thannan,
835 1044 1052 1108 Omnis
1102 1047 1211 1128 qui
1256 1046 1391 1109 odit
1435 1045 1696 1108 fratrem
1745 1066 1953 1120 suum,
2006 1045 2327 1109 homicida

834 1153 945 1205 est.
961 1144 1265 1222 Tertium,
1281 1144 1622 1207 detractio:
1645 1145 1723 1207 de
1746 1162 1871 1225 qua
1899 1153 2163 1207 testatur
2186 1144 2325 1207 Ber-

835 1244 1086 1320 narduS,
1122 1244 1290 1325 quod
1323 1243 1406 1305 sit
1443 1241 1694 1323 gladius
1725 1261 1801 1304 ex
1840 1250 2106 1323 utraque
2144 1252 2325 1323 parte

831 1348 1079 1418 acutuS,
1137 1341 1538 1403 interficiens
1597 1348 1722 1402 tam
1782 1340 2060 1403 animam
2119 1342 2325 1403 detra-

832 1437 1067 1518 hentiS,
1111 1459 1304 1522 quam
1343 1446 1621 1502 mentem
1664 1439 2003 1501 audientis.
2044 1439 2205 1503 Hinc
2246 1441 2325 1503 de

833 1534 896 1598 S.
920 1536 1210 1601 Pacomio
1239 1536 1493 1619 legitur,
1519 1536 1689 1619 quod
1721 1555 1918 1619 quum
1950 1537 2199 1602 audiret
2218 1536 2326 1600 ali-

2434 757 2735 830 tanquam
2771 768 2807 810 a
2835 747 3156 811 basilisco.

2513 848 2834 911 Postremo
2884 848 3171 910 hortatur
3221 866 3335 909 nos
3383 846 3699 928 scriptura
3731 846 3923 928 hujus

2432 946 2721 1028 capituli,
2757 954 2826 1008 ut
2860 946 2925 1007 in
2964 944 3261 1008 omnibus
3300 945 3500 1007 simus
3538 944 3921 1008 considerati

2432 1053 2496 1107 et
2532 1044 3002 1126 circumspecti,
3039 1052 3103 1107 et
3150 1063 3228 1106 ex
3279 1042 3577 1125 prudenti
3617 1042 3923 1106 delibera-

2433 1143 2607 1205 tione
2638 1143 3053 1224 procedamus
3087 1142 3151 1203 in
3184 1150 3418 1204 actum.
3450 1141 3708 1224 Nempe,
3736 1149 3809 1204 ut
3834 1142 3923 1204 ait

2436 1240 2810 1317 BernarduS‚
2832 1240 3255 1303 consideratio
3284 1248 3561 1303 mentem
3595 1239 3916 1322 purificat,

2432 1338 2595 1419 regit
2651 1337 2949 1414 affectuS,
3000 1338 3218 1420 dirigit
3272 1346 3473 1416 actuS‚
3534 1338 3923 1420 corrigitque

2432 1454 2769 1517 excessus3
2802 1455 3009 1501 mores
3049 1436 3399 1521 componit,
3439 1436 3632 1499 vitam
3672 1436 3924 1501 ordinat

2431 1543 2495 1599 et
2522 1535 2841 1599 honestat.

1988 1965 2639 2052 ARTICULUS
2715 1968 2779 2050 V

1335 2241 1724 2287 EXPLANATIO
1766 2240 2044 2287 CAPITULI
2086 2240 2293 2295 QUINTI
2337 2240 2352 2285 ἶ
2398 2240 2520 2286 FILI
2560 2241 2652 2301 m,
2696 2240 2975 2287 ATTENDE
3018 2240 3409 2287 SAPIENTIAM.

978 2520 1055 2584 lC
1105 2539 1326 2582 rursus
1385 2519 1454 2581 in
1501 2520 1760 2583 exordio
1808 2520 1884 2581 ad
1945 2518 2322 2601 sapientiam
2357 2519 2404 2580 B
2435 2520 2787 2583 mortaliter
2826 2520 3075 2583 vitiosa.
3112 2524 3241 2583 Per
3266 2522 3561 2582 semitam
3602 2524 3749 2583 vitae
3784 2539 3923 2601 gra-

999 2620 1506 2701 amplectendam
1535 2617 1813 2681 breviter
1842 2618 2242 2697 exhortatur3
2265 2626 2328 2679 et

823 2718 977 2800 quia
1015 2719 1178 2780 hanc
1227 2717 1558 2799 potissime
1598 2716 1864 2798 impedit
1903 2733 2321 2781 venereorum

820 2814 1130 2898 voluptaS,
1150 2816 1334 2879 docet
1358 2814 1600 2878 diffuse
1627 2815 1788 2877 hanc
1813 2834 1952 2877 esse
1977 2814 2323 2879 vitandam.

905 2916 1050 2977 Fili
1097 2916 1217 2985 mi,
1265 2918 1521 2975 attende
1559 2915 1949 2991 sapientiam
1994 2934 2225 2983 meam,
2267 2922 2327 2980 et

818 3014 1196 3092 prudencioe.
1237 3034 1392 3075 meoe
1433 3015 1686 3074 inclina
1732 3033 1958 3073 aurem
2003 3022 2210 3083 tuam,
2253 3022 2326 3072 ut

824 3114 1146 3173 custodias
1169 3113 1600 3190 cogitationes,
1621 3121 1679 3172 et
1703 3113 2121 3188 disciplinam
2152 3114 2326 3172 labia

827 3222 940 3273 tua
969 3220 1356 3271 conservent.
1378 3210 1548 3272 Istud
1578 3209 1708 3292 jam
1743 3208 2111 3291 frequenter
2139 3228 2325 3292 expo-

824 3310 1020 3372 situm
1050 3316 1166 3371 est.
1185 3311 1283 3371 Ne
1311 3310 1670 3369 intenderis
1693 3310 1979 3387 fallacia?
2005 3311 2319 3370 mulieri&

825 3408 995 3471 Istud
1040 3406 1276 3470 dicitur
1314 3406 1381 3469 in
1411 3406 1672 3469 Hebraeo
1712 3425 1839 3468 non
1878 3405 2119 3469 haberi.
2154 3406 2325 3469 Atta-

825 3526 973 3569 men
1007 3524 1234 3568 sensus
1277 3514 1394 3580 est,
1430 3505 1600 3586 quod
1631 3504 1929 3567 versutiis
1969 3505 2322 3568 'mulierum

826 3622 953 3667 non
1003 3604 1086 3666 sit
1134 3603 1556 3666 insistendum
1617 3604 1697 3666 ad
1755 3603 2159 3681 imitandum,
2213 3606 2326 3667 sed

2436 2618 2559 2694 tiae,
2594 2618 2661 2681 id
2690 2627 2785 2682 est
2816 2637 2928 2702 per
2967 2618 3435 2682 observantiam
3475 2618 3633 2701 legis
3663 2620 3918 2695 divinae,

2433 2737 2561 2777 non
2612 2720 2929 2788 ambulat,
2979 2736 3096 2780 nec
3145 2725 3325 2780 curat
3371 2716 3760 2800 prolificare‚
3813 2719 3923 2781 scd

2434 2815 2718 2878 deliciari
2744 2834 2762 2896 ;
2793 2815 2988 2878 vitam
3017 2825 3543 2898 quoquenaturae
3570 2815 3919 2879 abbreviat.

2440 2917 2599 2992 Vayi
2634 2926 2785 2975 sunt
2823 2935 3075 2993 yressus
3114 2917 3255 2993 ejus
3296 2925 3355 2976 et
3396 2917 3872 2992 investigabiles
3902 2938 3925 2975 .·

2432 3014 2735 3094 quoniam
2766 3012 3045 3077 motibus
3083 3014 3448 3095 passionum
3483 3014 3767 3095 undique
3805 3014 3924 3077 eir-

2432 3110 2809 3189 cumfertur,
2860 3119 2924 3175 et
2966 3112 3626 3193 concupiscentiarum
3674 3112 3923 3194 inquic-

2432 3210 2654 3273 tudine
2694 3211 2968 3291 agitatur
3011 3210 3155 3292 plus
3193 3228 3385 3291 quam
3437 3210 3503 3272 in
3553 3210 3917 3292 particulari

2432 3316 2625 3389 queat
2662 3307 2877 3371 effari.

2516 3408 2711 3467 Nunc
2757 3416 2997 3476 autem,
3046 3410 3152 3486 fili
3201 3410 3316 3476 mi,
3360 3410 3525 3469 audi
3570 3428 3694 3477 me,
3737 3418 3798 3468 et
3844 3428 3923 3469 ne

2432 3508 2689 3566 recedas
2716 3526 2755 3566 a
2786 3507 2993 3566 verbis
3021 3508 3152 3566 oris
3182 3509 3329 3566 mei.
3366 3508 3580 3584 Lonye
3606 3507 3715 3583 fac
3742 3509 3820 3567 ab
3848 3528 3922 3569 ea

2435 3606 2613 3664 viam
2654 3613 2829 3665 tuam
2864 3625 2887 3663 .·
2922 3604 3073 3685 quia
3116 3604 3194 3666 ad
3231 3604 3561 3667 vitandum
3600 3604 3756 3668 vitia
3792 3623 3927 3667 car-

826 3702 1038 3785 potius
1079 3702 1159 3764 ad
1197 3702 1707 3783 praecavendum.
1743 3705 1959 3763 Favus
1985 3706 2157 3765 enim
2188 3706 2322 3764 dis·
2360 3705 2404 3768 C
2437 3702 2560 3779 niS,
2596 3702 2869 3764 maxime
2898 3700 3150 3765 confert
3186 3702 3549 3765 occasiones
3587 3721 3805 3766 eorum
3833 3704 3927 3765 vi-

829 3804 1052 3863 cillans
1085 3803 1259 3861 labia
1289 3802 1667 3871 meretricis,
1699 3800 1760 3863 id
1796 3808 1913 3878 est,
1948 3800 2149 3863 instar
2192 3800 2320 3866 favi

827 3899 1138 3982 guttantis
1169 3899 1518 3978 delectant3
1541 3900 1907 3967 etnicidius
1937 3903 2068 3961 oleo
2093 3894 2325 3978 ,quitur

828 3998 970 4075 ejus
1000 4019 1022 4057 .·
1056 3998 1228 4079 quod
1290 3997 1380 4059 sic
1429 3997 1591 4079 polit
1640 4005 1705 4059 et
1752 4006 1955 4072 ornat,
2009 4005 2078 4060 ut
2124 3998 2326 4080 magis

829 4105 1096 4159 ametur.
1149 4097 1520 4160 Novissima
1577 4106 1790 4157 autem
1849 4099 2038 4158 illius
2095 4118 2325 4158 amara

828 4197 1022 4277 quasi
1069 4196 1472 4256 absinthium
1506 4214 1529 4253 .·
1559 4194 1862 4275 quoniam
1911 4196 2112 4258 multa
2160 4197 2327 4262 mala

830 4312 1038 4376 poe-nae
1081 4301 1142 4355 et
1184 4292 1411 4374 culpae,
1450 4292 1515 4354 in
1563 4311 1824 4376 corpore
1869 4303 1932 4357 et
1978 4294 2044 4356 in
2088 4295 2323 4372 anima,

831 4393 1028 4454 etiam
1080 4391 1144 4454 in
1196 4391 1314 4453 hac
1371 4390 1502 4453 vita
1551 4392 1938 4454 comitantur
1988 4393 2323 4469 luxuriam,

834 4490 1064 4553 deinde
1105 4497 1338 4553 aeterna
1367 4490 1713 4565 damnat-io,
1747 4491 1926 4569 juxta
1969 4490 2126 4554 illud
2168 4492 2329 4574 Apo-

832 4587 1105 4670 calypsis
1151 4605 1165 4649 ε
1209 4586 1524 4661 Quantum
1571 4586 1960 4668 glorifieavit
2009 4608 2098 4666 se,
2154 4598 2215 4651 et
2261 4590 2323 4651 in

2438 3808 2589 3877 tare,
2624 3800 2944 3882 colloquia
2982 3809 3046 3863 et
3087 3801 3481 3882 adspectum,
3515 3800 3644 3865 imo
3682 3809 3745 3864 et
3776 3801 3929 3865 ima-

2434 3899 2649 3978 ginem
2682 3916 3102 3962 venereorum
3134 3899 3347 3962 statim
3380 3899 3706 3981 repellere,
3733 3918 3927 3982 seque

2436 3998 2513 4060 ad
2544 3998 2978 4060 meditandum
3024 3997 3322 4073 salubria,
3357 4006 3420 4060 et
3457 4018 3599 4079 quae
3626 4017 3926 4080 compun-

2436 4096 2712 4159 ctionem
2748 4095 3062 4159 inducunt
3094 4103 3483 4171 convertere,
3519 4096 3815 4160 videlicet,
3847 4098 3925 4160 ad

2436 4193 2745 4255 intentam
2795 4193 3131 4256 dominicae
3170 4193 3483 4276 passionis
3528 4195 3920 4271 memoriam,

2435 4292 2513 4354 ad
2553 4291 3127 4354 consideratione-m
3175 4291 3402 4372 rigoris
3443 4292 3645 4356 divini
3674 4292 3923 4374 judicii,

2436 4398 2629 4471 atque
2671 4391 2892 4453 aeterni
2940 4390 3265 4472 supplicii,
3310 4399 3373 4453 et
3416 4390 3481 4453 in
3526 4391 3779 4473 qualem
3821 4412 3928 4475 pu-

2437 4489 2749 4551 tredinem
2772 4498 2835 4553 et
2867 4487 3156 4553 foetorem
3188 4508 3333 4553 caro
3356 4489 3489 4553 haec
3520 4490 3771 4553 sordida
3800 4492 3926 4554 cito

2437 4587 2521 4648 sit
2551 4587 2941 4650 resolvenda.
2959 4591 3043 4649 Ec
3072 4608 3151 4647 ne
3177 4590 3653 4668 appropinques
3677 4590 3928 4666 foribus

832 4685 1082 4749 deliciis
1125 4684 1272 4762 fuit,
1307 4693 1550 4748 tantum
1595 4688 1741 4750 date
1792 4686 1888 4748 illi
1936 4694 2322 4751 tormentum
2434 4688 2660 4747 domus
2704 4687 2869 4763 ejus,
2914 4704 2995 4748 ne
3040 4695 3259 4749 contra
3308 4686 3703 4769 propositum
3748 4694 3925 4749 tuum

833 4793 896 4848 et
927 4784 1191 4847 luctum.
1225 4787 1311 4847 Et
1340 4794 1532 4846 acuta
1559 4788 1750 4865 quasi
1775 4787 2040 4863 yladius
2069 4788 2275 4864 biceps
2303 4806 2326 4848 .·

2438 4783 2762 4847 alliciariS.

832 4882 1136 4967 quoniam
1175 4901 1403 4965 corpus
1442 4884 1850 4965 animamque
1891 4882 2221 4963 affligunt,
2264 4893 2327 4948 et
2361 4893 2412 4955 D
2522 4886 2619 4946 Ne
2658 4887 2767 4944 des
2808 4885 3046 4945 alienis
3086 4886 3391 4945 honorem
3432 4893 3613 4945 tuum
3643 4884 3760 4947 :id
3806 4893 3922 4962 est,

833 5001 1089 5066 poenam
1118 4982 1331 5045 damni
1363 5000 1436 5044 ac
1460 5000 1712 5064 poenam
1743 5001 1968 5045 sensus
1993 4981 2321 5063 infligunt.

835 5085 1036 5144 Pedes
1071 5081 1210 5159 ejus
1250 5082 1640 5141 descendunt
1687 5082 1760 5140 in
1804 5091 2096 5150 mortem,
2137 5092 2195 5141 et
2240 5085 2329 5142 ad

835 5182 1078 5257 inferos
1100 5198 1354 5256 gressus
1380 5179 1520 5256 ejus
1551 5187 1894 5256 penetrant
1923 5200 1946 5238 .·
1975 5178 2125 5259 quia
2167 5178 2328 5242 affe-

833 5277 1076 5343 ctiones
1103 5277 1242 5359 ejus
1274 5283 1423 5339 sunt
1452 5274 1832 5353 libidinosae,
1869 5285 1933 5340 et
1961 5294 2155 5361 opera
2183 5277 2324 5361 ejus

2440 4982 2787 5062 ingenitam
2842 4991 3013 5044 tuam
3062 4980 3420 5045 libertatem
3468 5001 3540 5046 ac
3590 4983 3928 5047 honorabi-

2440 5080 2563 5143 lem
2594 5090 2874 5143 mentem
2895 5070 3087 5162 atque
3119 5080 3624 5162 imaginem,qua
3651 5080 3924 5145 Creatori

2440 5189 2549 5243 tuo
2579 5180 2973 5253 assimilariS‚
2995 5198 3121 5241 non
3158 5177 3391 5241 subdas
3418 5179 3571 5261 jugo
3600 5181 3924 5257 vitiorum,

2440 5277 2727 5342 servituti
2778 5276 3042 5358 diaboli,
3076 5277 3459 5360 turpitudini
3506 5278 3916 5355 carnalitatiS‚

4067 4902 4103 4956 9
