4284 6267
670 875 737 932 13

568 3563 825 3616 θαλίης-,6.

669 4050 735 4106 14

576 5231 681 5276 Tot.
698 5245 755 5283 iv,
770 5235 835 5276 ¹9.

860 477 937 544 74
1552 505 1901 554 mammo
1942 507 2007 554 m
2048 508 2189 555 clu».
2233 509 2298 554 ιι
2341 509 2825 557 rnovmronun.
2871 531 2952 540 —
2993 513 3134 558 Aur.
3179 513 3244 558 11

858 673 1131 738 aliorum
1164 687 1421 760 peccata
1449 698 1575 744 non
1616 680 2023 762 publicando,
2058 683 2349 748 dummo-
2377 677 2428 742 A
2537 685 2889 761 Affliqecur
2915 689 3112 754 malo,
3137 685 3200 748 id
3235 693 3351 761 est,
3375 705 3612 762 curam,
3647 685 3934 750 timorem

868 777 951 840 do
980 777 1376 860 corrigibiles
1416 797 1481 843 se
1512 781 1855 844 exhibeant
1884 781 1949 844 in
1980 793 2246 848 secreto.

946 879 1073 946 Qui
1098 881 1386 940 ambulat
1413 881 1897 956 fraudulenter,
1930 882 2240 947 simulans
2279 905 2347 948 se

863 974 1119 1038 fidelem
1168 995 1241 1039 ac
1290 978 1583 1060 probum,
1627 999 1825 1061 quum
1876 981 1960 1042 sit
2006 982 2240 1063 loquax
2283 993 2347 1047 et

862 1074 1210 1157 improbUS‚
1244 1081 1486 1139 revelat
1522 1099 1789 1152 arcana,
1824 1098 1966 1160 quae
1996 1081 2119 1145 sibi
2155 1082 2221 1145 in
2253 1102 2348 1145 se-

858 1183 1032 1238 creto
1078 1183 1226 1237 sunt
1265 1173 1581 1257 patefacta
1628 1196 1771 1239 cum
1813 1178 2203 1259 obligatione
2249 1201 2348 1246 ce-

858 1272 1054 1350 landi,
1105 1291 1213 1336 sen
1264 1273 1389 1336 alia
1438 1274 1869 1356 proximorum
1918 1289 2178 1359 peccata
2221 1282 2344 1344 sibi

859 1372 977 1436 soli
1018 1372 1293 1452 cognita.
1329 1371 1724 1438 Secretorum
1766 1385 1975 1440 autem
2018 1380 2344 1459 revelati0,

858 1471 1207 1553 praesertim
1251 1490 1396 1553 quae
1434 1471 1621 1535 alicui
1664 1473 1727 1535 in
1764 1473 1895 1538 fide
1925 1485 2075 1540 sunt
2111 1477 2344 1560 patefa-

856 1577 975 1646 cta,
1010 1577 1105 1632 cst
1143 1587 1219 1632 ex
1260 1588 1375 1632 suo
1412 1587 1644 1649 genere
1685 1573 1947 1637 mortale
1988 1585 2342 1657 peccatum,

858 1687 1219 1751 repugnans
1266 1669 1513 1732 caritati
1572 1679 1763 1753 atque
1808 1673 2091 1753 justitiae,
2145 1695 2345 1757 quum

859 1768 943 1830 sit
998 1775 1219 1831 contra
1279 1766 1653 1831 fidelitatem
1700 1788 1890 1851 quam
1953 1773 2100 1854 quis
2160 1774 2342 1838 alteri

2459 799 2570 842 seu
2623 781 2948 846 tristitiam
3009 784 3078 847 in
3127 804 3195 847 se
3241 785 3535 866 patietur,
3585 787 3701 865 qui
3741 788 3938 862 fidem

2457 882 2624 958 facit
2665 901 2788 958 pro
2836 893 3168 954 extraneo,
3201 883 3262 946 id
3315 893 3432 958 est,
3475 883 3585 964 qui
3629 883 3938 966 fidejubet

2459 997 2574 1060 pro
2617 979 2746 1043 alio
2782 997 2796 1041 ε
2832 982 2988 1063 quia
3018 991 3273 1045 veretur
3314 1001 3394 1046 ne
3433 983 3542 1046 ille
3579 981 3939 1045 satisfacere

2460 1087 2757 1159 nequeat,
2784 1088 2889 1141 aut
2919 1098 3046 1143 non
3075 1080 3252 1157 velit,
3273 1081 3492 1162 sicque
3521 1081 3654 1164 ipse
3683 1099 3796 1162 pro
3825 1080 3938 1144 illo

2457 1175 2824 1240 satisfacere
2866 1179 3306 1261 compellatur.
3345 1180 3430 1243 De
3464 1180 3605 1256 hoc,
3637 1187 3699 1242 et
3741 1178 3940 1261 quali-

2458 1283 2554 1338 ter
2600 1284 2784 1338 caute
2824 1276 3058 1340 habere
3099 1297 3167 1340 se
3212 1277 3437 1342 debeat
3471 1278 3660 1342 homo
3709 1277 3938 1358 fideju-

2457 1373 2666 1436 bendo
2717 1392 2830 1456 pro
2887 1375 3196 1456 proximo,
3249 1377 3488 1439 dictum
3544 1385 3638 1439 est
3685 1375 3936 1458 plenius

4057 695 4114 750 15

2455 1491 2671 1554 supra,
2729 1473 3010 1555 capitulo
3067 1483 3266 1538 sexto.
3319 1477 3446 1545 Qui
3495 1485 3710 1536 autem
3761 1482 3938 1535 cavet
4011 1491 4194 1535 emm.

2456 1575 2738 1651 laqueos,
2787 1571 2850 1634 id
2897 1581 2996 1635 est
3045 1573 3494 1654 dispositiones
3549 1573 3936 1655 propinquas
3967 1557 4048 1596 ¹’·

2455 1676 2518 1732 et
2565 1669 2931 1733 occasiones
2969 1671 3423 1753 periculorum,
3469 1671 3932 1754 deceptionum,

2456 1769 2862 1846 damnorum,
2885 1789 3146 1832 securus
3165 1773 3292 1831 eric
3319 1769 3399 1834 ab
3429 1770 3584 1852 ipsis
3615 1767 3933 1852 periculis

860 1884 1113 1930 servare
1144 1874 1393 1929 tenetur
1426 1883 1441 1929 ε
1474 1867 1600 1930 nisi
1640 1867 1855 1933 forsan
1887 1869 2109 1934 talium
2142 1890 2346 1938 secre-
2384 1868 2430 1930 B
2459 1867 2746 1948 Laqueos
2792 1886 2946 1949 ergo
2997 1867 3422 1932 invisibilium
3461 1888 3534 1932 ac
3588 1866 3938 1932 visibilium

859 1972 1067 2029 torum
1110 1963 1337 2029 celatio
1382 1966 1761 2032 redundaret
1798 1977 2013 2052 aperte
2052 1970 2117 2032 in
2158 1971 2346 2035 detri-

859 2072 1143 2127 mentum
1174 2083 1246 2127 ac
1278 2065 1631 2147 periculum
1662 2066 1814 2132 boni
1846 2070 2341 2134 communitatis.

855 2163 1094 2228 Idcirco
1144 2163 1471 2226 incautum
1519 2174 1634 2241 est,
1676 2167 1921 2249 aliquid
1971 2168 2111 2232 sine
2157 2189 2348 2234 causa

860 2263 1215 2346 praegnanti
1265 2264 1329 2326 in
1389 2273 1630 2329 secreto
1676 2266 1987 2349 accipere.
2040 2267 2348 2332 Similiter

857 2362 975 2428 viri
1010 2363 1339 2444 prudentis
1371 2370 1481 2440 est,
1500 2372 1741 2426 secreta
1772 2385 1887 2428 sua
1914 2384 2043 2429 non
2073 2365 2348 2430 faciliter

856 2460 1041 2525 alteri
1088 2462 1404 2542 pandere:
1436 2462 1586 2543 quia
1622 2463 1677 2525 si
1718 2463 1985 2546 ipsemet
2026 2485 2099 2528 ea
2138 2466 2348 2531 celare

858 2577 983 2622 non
1017 2559 1208 2634 valet,
1244 2560 1563 2641 quomodo
1594 2561 1758 2624 alius
1787 2580 1863 2624 ea
1891 2563 2168 2627 celabit?
2203 2564 2347 2628 Ideo

859 2659 1094 2722 Seneca
1125 2657 1189 2719 in
1230 2657 1589 2723 Proverbiis
1630 2659 1763 2723 suis
1807 2661 1967 2724 dixit
2002 2683 2015 2726 :
2050 2662 2228 2737 Quod
2261 2673 2349 2727 ta-

860 2757 1057 2822 citum
1088 2776 1227 2820 esse
1256 2756 1377 2833 viS‚
1424 2757 1663 2820 nemini
1708 2759 1943 2822 dixeris
1978 2778 1991 2822 :
2028 2761 2182 2843 quia
2219 2781 2346 2827 non

856 2854 1094 2940 poteris
1146 2856 1225 2918 ab
1274 2855 1400 2919 alio
1450 2855 1705 2939 exigere
1746 2858 2097 2938 silentium,
2131 2861 2187 2924 si
2228 2862 2346 2926 tibi

856 2956 994 3039 ipse
1035 2973 1159 3018 non
1199 2963 1481 3037 praestas.
1523 2955 1731 3019 Nihilo
1770 2958 1983 3021 minus
2028 2959 2345 3024 interdum

2460 1965 2742 2029 hostium
2783 1964 3128 2046 fugiamuS,
3161 1967 3458 2030 similiter
3495 1965 3939 2049 fidejussiones

2457 2063 2768 2142 incautaS,
2805 2064 3138 2128 societates
3177 2084 3526 2147 perversaS,
3565 2065 3820 2129 fallaces
3847 2064 3942 2128 di-

2458 2162 2670 2240 vit.iaS‚
2717 2163 2936 2227 oscula
2981 2172 3045 2226 et
3090 2164 3440 2247 amplexuS,
3489 2172 3692 2229 tactus
3737 2172 3799 2226 et
3845 2181 3941 2226 re-

2457 2269 2711 2344 spectus
2741 2280 3050 2340 morosoS,
3084 2265 3158 2325 ad
3192 2262 3770 2353 concupiscentiam
3801 2281 3942 2345 pro-

2457 2368 2779 2424 vocantes.

2541 2463 2784 2522 Mulier
2803 2462 3118 2538 matio-ra,
3143 2461 3207 2523 id
3237 2469 3334 2524 est
3357 2461 3484 2544 pia,
3516 2461 3735 2543 proba,
3765 2479 3942 2524 acce—

2458 2568 2586 2642 pm,
2603 2561 2890 2621 inveniet
2908 2560 3217 2637 gloriam,
3236 2559 3298 2622 id
3329 2568 3444 2635 est,
3459 2557 3940 2623 delectationem

2458 2659 2688 2722 bonam
2729 2656 3012 2734 habebit,
3047 2667 3110 2721 et
3139 2658 3260 2721 erit
3291 2657 3551 2732 famosa,
3585 2676 3656 2720 ac
3677 2657 3938 2728 ,tandem

2455 2757 2725 2837 gloriam
2763 2756 3082 2819 obtinebit
3108 2757 3428 2820 coelestem
3455 2775 3472 2836 ;
3512 2767 3573 2818 et
3599 2758 3843 2818 robusti
3873 2753 3940 2818 in

2455 2856 2660 2937 gratia
2689 2864 2753 2918 et
2785 2855 3152 2932 virtutibus,
3185 2858 3500 2917 habebunt
3520 2856 3789 2916 divitias
3817 2854 3944 2936 spi-

2459 2954 2740 3031 ritualeS,
2760 2953 3079 3016 interdum
3109 2953 3300 3016 etiam
3331 2953 3806 3036 corporales.-
3826 2957 3942 3016 Be-

855 3052 1100 3117 ratione
1150 3053 1481 3116 obtinendi
1532 3055 1896 3134 consilium,
1940 3067 2049 3120 aut
2102 3077 2179 3120 ex
2224 3059 2350 3122 alia
2384 3057 2427 3120 C
2457 3055 2700 3131 nefacit
2739 3056 2980 3116 animoe
3005 3074 3139 3115 suoe
3168 3055 3273 3114 vir
3305 3055 3684 3124 misericors,
3717 3052 3779 3114 id
3819 3059 3938 3130 est,

854 3171 1045 3217 causa
1075 3161 1363 3232 urgente,
1401 3161 1609 3235 potest
1640 3154 1784 3235 quis
1822 3155 2005 3219 alteri
2038 3157 2177 3222 viro
2210 3176 2349 3240 pro·

854 3251 937 3314 bo
970 3270 1041 3312 ac
1074 3250 1369 3332 sapienti,
1404 3251 1589 3333 cujus
1634 3251 2010 3318 fidelitatem
2051 3265 2347 3339 expertus

854 3359 971 3425 est,
1009 3358 1318 3414 secretum
1355 3369 1538 3412 suum
1574 3350 1918 3416 insinuare.
1946 3354 2097 3417 Nam
2135 3355 2348 3417 subdi-

857 3456 959 3510 tur
986 3466 997 3510 :
1024 3451 1141 3528 qui
1170 3459 1386 3509 autem
1412 3452 1628 3526 fidelis
1656 3461 1746 3512 esc
1770 3454 2010 3524 animi,
2035 3452 2348 3516 fidelitate

857 3565 998 3628 quae
1046 3555 1141 3609 cst
1190 3565 1333 3628 pars
1381 3547 1663 3628 justitiae,
1711 3550 1811 3614 vel
1864 3550 1992 3614 fide
2043 3572 2186 3633 quae
2233 3571 2348 3634 per

856 3645 1265 3710 dilectionem
1306 3665 1451 3708 cum
1481 3647 1866 3712 discretione
1902 3650 2166 3714 notabili
2198 3670 2349 3733 ope-

858 3753 1053 3818 ratur,
1088 3748 1249 3804 celat
1291 3748 1491 3806 amici
1531 3751 1964 3820 commissum,
2006 3750 2068 3812 id
2114 3757 2212 3812 est
2253 3767 2350 3812 se-

857 3851 1101 3906 cretum
1136 3841 1237 3905 sui
1267 3843 1455 3906 amici
1497 3843 1618 3906 sibi
1665 3845 1726 3907 in
1762 3845 1894 3910 fide
1920 3847 2001 3910 ab
2029 3848 2158 3911 alio
2190 3847 2350 3911 noti·

861 3940 1145 4004 ficatum.

936 4042 1057 4103 Ubi
1076 4061 1205 4101 non
1223 4049 1313 4100 esc
1327 4043 1741 4118 gubernator,
1760 4049 2034 4121 populus
2058 4054 2349 4106 corruet:

862 4137 1008 4220 quia
1052 4156 1176 4201 non
1226 4137 1413 4201 babet
1456 4139 1679 4203 ducem
1722 4148 1784 4204 et
1826 4152 2238 4206 correctorem
2277 4162 2348 4205 ac

2456 3153 2602 3217 aliis
2648 3153 3010 3216 miserendo
3053 3172 3124 3215 ac
3173 3151 3622 3226 succurrendo,
3665 3159 3944 3214 meretur

2459 3251 2583 3315 sibi
2618 3249 2740 3333 ipsi
2773 3249 3276 3314 misericordiam
3311 3251 3583 3332 desuper
3615 3249 3778 3326 fieri,
3801 3250 3944 3330 jux-

4065 2470 4124 2524 16

4068 2969 4126 3024 17

2460 3359 2522 3413 ta
2553 3349 2711 3412 illud
2744 3367 2758 3412 :
2797 3349 2968 3412 Beati
2999 3349 3462 3427 misericordes,
3487 3348 3785 3429 quoniam
3815 3348 3942 3431 ipsi
3972 3370 4198 3416 umam:
4269 3411 4271 3442 Ξ

2459 3448 2962 3512 misericordiam
2993 3456 3488 3529 consequentur.
3518 3445 3620 3510 Sic
3649 3446 3760 3528 qui
3797 3447 3944 3508 aliis

2459 3548 2748 3628 ignoscit,
2774 3555 3054 3610 meretur
3083 3545 3206 3609 sibi
3238 3544 3504 3627 ignosci.
3539 3545 3793 3618 Rursus,
3830 3545 3940 3625 qui

2461 3645 2822 3710 misericors
2871 3653 2989 3722 est,
3029 3662 3221 3727 opera
3264 3643 3710 3707 misericordias
3757 3643 3945 3724 spiri-

2461 3745 2656 3808 tualia
2683 3763 2756 3807 ac
2795 3744 3151 3827 corporalia
3187 3742 3538 3806 exercendo
3577 3760 3691 3824 pro
3731 3760 3938 3824 posse,

2461 3845 2525 3906 in
2574 3842 2800 3927 primis
2843 3842 3180 3905 miseretur
3221 3841 3496 3923 propriae
3537 3839 3784 3918 animae,
3831 3841 3944 3903 do-

2461 3943 2651 4006 lendo
2695 3942 2775 4004 de
2823 3940 2962 4022 ejus
3009 3939 3285 4023 peccatis
3329 3959 3342 4004 :
3388 3939 3608 4020 sicque
3648 3948 3946 4020 properat

2461 4039 2793 4123 poenitere,
2825 4037 3146 4115 confiteri,
3182 4045 3245 4100 et
3271 4056 3308 4098 a
3340 4035 3638 4100 vitiorum
3669 4034 3943 4098 miseriis

2461 4139 2624 4202 liber
2655 4138 2978 4214 exsistere,
3013 4144 3203 4219 prout
3230 4135 3295 4197 in
3327 4133 3767 4198 Ecclesiastico
3797 4134 3946 4197 scri·

860 4236 1329 4314 instructorem,
1381 4243 1445 4298 et
1492 4246 1587 4300 est
1634 4238 1798 4301 sicut
1850 4258 2001 4303 oves
2054 4240 2194 4304 sine
2243 4260 2350 4323 pa-
2381 4251 2430 4313 D
2461 4248 2641 4321 ptum
2685 4245 2780 4300 est
2833 4255 2847 4299 τ
2899 4237 3190 4298 Miserere
3234 4235 3466 4297 animae
3515 4242 3638 4296 tuae
3687 4232 3944 4316 placens
3985 4263 4207 4306 Eccum.

859 4343 1048 4398 storc.
1100 4333 1243 4396 ldeo
1291 4334 1447 4398 dicit
1504 4335 1568 4397 in
1621 4337 1835 4418 regula
1895 4357 2009 4400 sua
2054 4339 2350 4422 Hierony-

862 4453 1025 4506 muS‚
1081 4434 1249 4513 quod
1301 4452 1417 4496 nec
1463 4436 1890 4517 congregatim
1932 4455 2048 4500 nec
2099 4436 2344 4519 politia,

861 4549 977 4593 nec
1020 4531 1246 4592 domus
1285 4531 1395 4593 diu
1438 4541 1646 4614 potest
1686 4533 2053 4607 subsistere,
2088 4535 2141 4596 si
2186 4535 2351 4598 desit

860 4627 1041 4709 cujus
1074 4628 1385 4692 voluntati
1419 4630 1773 4694 obediatur.
1798 4635 1995 4694 Salus
2022 4643 2265 4702 autem,
2285 4634 2347 4697 id

860 4735 957 4789 est
1009 4726 1439 4809 periculorum
1502 4728 1717 4792 evasio
1764 4749 1837 4792 ac
1896 4729 2183 4810 regimen
2239 4731 2351 4796 bo-

860 4844 1039 4902 num,
1074 4833 1171 4888 est
1214 4828 1327 4886 ubi
1368 4834 1518 4889 sunt
1568 4831 1774 4888 multa
1808 4831 2107 4898 consilia,
2141 4829 2205 4892 id
2256 4839 2351 4892 est

862 4923 1029 4986 inter
1074 4923 1365 4986 homines
1409 4923 1663 4987 assidue
1702 4925 1868 4988 inter
1916 4947 1983 4990 se
2024 4926 2353 5008 inquiren-

866 5029 969 5096 teS,
988 5022 1086 5086 vel
1112 5041 1147 5085 a
1170 5022 1685 5105 prudentioribus
1711 5022 2164 5105 investigantes
2196 5026 2350 5107 quid

864 5119 945 5182 sit
982 5121 1318 5200 agendum,
1346 5121 1501 5201 quid
1532 5120 1925 5185 evitandum.
1952 5123 2093 5188 ldeo
2124 5123 2351 5187 Tobias

865 5217 1160 5282 docetur:
1181 5217 1531 5282 Consilium
1562 5238 1814 5302 semper
1840 5239 1879 5282 a
1902 5219 2190 5302 sapiente
2221 5239 2355 5302 per-

867 5332 1076 5396 quire.

2461 4338 2610 4400 Deo,
2641 4337 2880 4417 Nempe
2909 4335 3072 4397 sicut
3102 4334 3353 4410 caritaS,
3381 4333 3472 4396 sic
3502 4342 3566 4395 et
3593 4331 3945 4394 misericor·
3973 4329 4041 4369 ²⁴·

2461 4436 2564 4499 dia
2593 4435 2715 4497 ista
2753 4433 2978 4516 incipit
3015 4453 3051 4496 a
3089 4453 3156 4496 se
3196 4433 3354 4515 ipsa.
3393 4435 3520 4502 Qui
3553 4443 3768 4492 autem
3795 4451 3944 4491 cru-

2459 4538 2623 4596 delis
2652 4543 2765 4602 est,
2797 4535 3196 4612 propinquos
3233 4533 3484 4610 abjicit,
3517 4529 3805 4611 negando
3851 4528 3946 4592 eis

2460 4632 2800 4697 consilium
2841 4639 3036 4712 atque
3074 4629 3382 4692 auxilium
3421 4647 3434 4690 :
3473 4629 3642 4710 quod
3681 4636 3777 4692 est
3807 4647 3948 4709 spe-

2461 4731 2710 4796 cialiter
2739 4737 2959 4793 contra
2988 4729 3191 4809 legem
3231 4735 3474 4790 naturae
3505 4733 3568 4789 et
3594 4725 3945 4789 naturalem

2463 4848 2767 4892 amorem.

2541 4929 2796 5004 Impius
2821 4928 2985 5005 facit
3015 4945 3175 5003 opus
3205 4925 3529 4995 instabile,
3545 4923 3610 4986 id
3641 4929 3736 4986 est
3761 4941 3800 4984 a
3837 4919 3948 4984 fir-

2463 5024 2684 5088 mitate
2721 5024 3055 5101 virtutum,
3099 5031 3162 5086 et
3205 5042 3242 5085 a
3283 5021 3546 5085 rationis
3594 5020 3948 5084 constantia

2463 5123 2769 5186 alienum.
2805 5122 2957 5185 Nam
2995 5121 3256 5204 impiuS,
3301 5139 3500 5202 quum
3549 5117 3950 5201 passionibus

2465 5221 2548 5284 sit
2598 5221 2948 5302 subjectuS‚
3004 5218 3353 5283 secundum
3401 5217 3831 5281 diversitatem
3871 5216 3954 5278 al-

2467 5318 2799 5382 terationis
2849 5317 3226 5402 passionum
3276 5333 3532 5379 suarum
3581 5322 3646 5378 et
3689 5312 3957 5378 diversi-

4073 4933 4132 4988 18
