4284 6267
160 913 229 969 16

82 1119 221 1163 lcor.

90 1908 261 1951 loann-
279 1924 325 1953 xi

66 1998 89 2013 ὁ
102 2004 227 2079 ibid.
249 2049 343 2087 vui,

64 2097 133 2137 52.

78 3390 272 3435 [Ionan.
284 3404 343 3441 ιιι,

91 3789 105 3833 1
126 3790 230 3834 Cor.
248 3803 347 3841 nu,

70 3856 135 3895 ¹2.

64 4284 141 4327 Pr.
160 4298 247 4336 ιη,
264 4286 345 4326 22.

166 5254 237 5308 17

1072 547 1422 594 zumulo
1464 547 1527 594 m
1570 546 1708 593 CAP.
1744 547 1783 591 V
1826 546 1983 593 Lmlu
2028 546 2388 593 sAPOEN'rlAE.
2433 567 2514 577 —
2553 548 2696 595 ΛΒΤ.
2733 549 2774 592 V

3355 526 3473 593 483

370 713 556 794 juxta
590 734 661 779 se
700 717 909 799 posita
948 716 1225 779 lucidius
1265 726 1543 799 pateant,
1579 716 1873 779 subditur
1900 716 1952 778 A
1983 735 2178 797 gnum
2212 717 2491 795 coelcste,
2526 718 2606 781 de
2633 716 3058 800 omnipotenti
3089 716 3472 780 liberalitate

372 812 456 875 de
483 812 833 876 electorum
868 815 1278 896 proprietate,
1317 813 1623 878 felicitate
1650 822 1715 877 et
1740 814 1875 894 glo-

372 910 469 973 ria
520 926 534 973 :
580 915 757 974 ,lusti
799 924 1017 974 autem
1062 916 1135 974 in
1170 924 1557 992 perpetuum
1599 917 1871 974 vivent:

370 1008 529 1091 quia
558 1010 624 1073 in
663 1012 897 1075 saeculo
949 1012 1071 1075 isto
1103 1012 1331 1075 vivunt
1373 1032 1486 1095 per
1516 1013 1867 1088 caritatem,

242 1134 339 1171 un,
372 1126 519 1188 quae
566 1126 897 1190 nunquam
951 1110 1207 1187 excidit,
1260 1119 1324 1172 et
1375 1111 1441 1171 in
1495 1109 1710 1173 futuro
1761 1128 1874 1191 per

372 1204 623 1269 beatam
667 1205 1062 1271 fruitionem.
1097 1208 1175 1269 Et
1215 1209 1303 1271 ita
1342 1208 1447 1272 hic
1488 1208 1713 1272 vivunt
1743 1207 1875 1271 vita

370 1306 609 1387 gratiae,
637 1307 715 1369 de
745 1325 873 1389 qua
903 1306 1377 1371 transieruntur
1406 1308 1485 1370 ad
1517 1308 1711 1372 vitam
1741 1307 1875 1387 glo-

372 1404 506 1467 riae.
538 1402 721 1479 Quod
765 1406 819 1467 si
864 1407 942 1469 ad
988 1414 1242 1488 tempus
1272 1405 1339 1468 in
1371 1406 1739 1489 purgatorio
1768 1406 1875 1468 de-

374 1501 723 1579 tineantur,
772 1513 1035 1567 manent
1084 1504 1321 1568 ibidem
1375 1506 1441 1568 in
1502 1505 1763 1567 caritate
1811 1512 1874 1567 et

370 1601 599 1681 gratia,
662 1609 724 1665 et
780 1602 1343 1667 vehementissime
1408 1602 1739 1685 adspirant
1795 1602 1873 1664 ad

372 1701 669 1782 gloriam,
703 1702 890 1784 cujus
918 1702 1143 1766 dilatio
1190 1702 1284 1765 eis
1328 1701 1750 1765 ineffabiliter
1779 1706 1877 1763 est

373 1816 663 1882 poenosa.
717 1802 877 1865 Hinc
927 1801 993 1864 in
1042 1802 1389 1883 Evangelio
1429 1800 1656 1864 asserit
1703 1798 1878 1861 Chri·

372 2004 719 2077 aeternum3
752 1998 1056 2080 itemque,
1092 1998 1155 2060 Si
1185 1998 1331 2079 quis
1363 2016 1719 2061 sermonem
1752 2014 1879 2059 me·

372 2113 480 2157 um
532 2095 909 2169 servaverit,
961 2114 1090 2160 non
1144 2095 1427 2176 gustabit
1482 2104 1749 2159 mortem
1808 2094 1874 2156 in

372 2202 712 2256 aeternum.

451 2294 541 2353 Et
580 2294 762 2369 apud
792 2293 1149 2352 Dominum
1187 2301 1278 2353 est
1321 2311 1556 2351 merces
1604 2310 1823 2350 eorum
1855 2308 1877 2347 .·

372 2389 439 2452 id
482 2397 604 2465 est,
637 2396 769 2452 tota
810 2406 1031 2451 eorum
1080 2389 1252 2451 salus
1295 2408 1367 2451 ac
1412 2389 1743 2469 praemium
1786 2405 1881 2450 es-

370 2487 645 2551 sentiale
680 2486 977 2551 consistit
1017 2488 1085 2550 in
1129 2488 1278 2565 Dec,
1313 2487 1611 2551 videlicet
1663 2486 1730 2548 in
1771 2485 1881 2547 im-

372 2585 675 2662 mediata,
711 2585 903 2662 clara,
948 2585 1162 2649 faciali
1208 2604 1281 2649 ac
1324 2583 1588 2648 fruitiva
1631 2583 1881 2647 visione

373 2684 603 2767 ipsius,
636 2684 1044 2748 Accidentale
1074 2692 1283 2747 autem
1316 2684 1646 2766 praemium
1678 2682 1879 2745 consi-

372 2784 486 2845 stit
518 2783 585 2845 in
619 2782 812 2847 rebus
859 2792 922 2846 et
964 2782 1233 2865 objectis
1277 2782 1529 2857 creatiS,
1562 2781 1641 2844 ad
1682 2782 1878 2843 Deum

372 2881 595 2944 relatis
633 2899 649 2943 :
683 2882 1040 2964 praesertim
1085 2880 1151 2943 in
1182 2880 1415 2942 Christi
1456 2879 1872 2955 humanitate,

370 2980 609 3044 deinde
658 2980 725 3043 in
772 2979 1254 3060 gloriosissimae
1284 2979 1564 3058 Virginis
1595 2977 1879 3040 intuitio·

1981 814 2323 879 Salvatoris
2379 834 2392 879 :
2446 818 2556 899 qui
2617 816 2806 894 dicet,
2851 816 3098 893 Venite,
3151 815 3470 879 benedicti
3501 832 3761 884 uanam.

1981 915 2181 977 Patris
2225 915 2373 993 mei,
2419 916 2728 999 percipite
2779 935 3043 997 regnum
3084 916 3256 996 quod
3288 914 3471 978 vobis
3501 898 3568 939 ³⁴·

1983 1022 2271 1095 paratum
2324 1024 2418 1077 est
2448 1015 2529 1077 ab
2559 1014 2806 1095 origine
2835 1014 3080 1076 mundi.
3117 1015 3202 1078 De
3228 1033 3356 1095 quo
3386 1013 3474 1076 ait

1983 1112 2290 1195 Propheta
2329 1132 2341 1174 :
2379 1113 2665 1190 Domine,
2698 1112 2888 1175 dilexi
2923 1114 3213 1176 decorem
3245 1114 3474 1175 domus
3514 1132 3766 1183 Panna.

1986 1219 2129 1289 tuae,
2167 1220 2229 1275 et
2259 1212 2468 1276 locum
2499 1210 2912 1275 habitationis
2956 1211 3174 1292 gloriae
3221 1220 3378 1290 tuae3
3413 1220 3477 1275 et

1985 1310 2173 1373 lsaias
2210 1328 2225 1372 ε
2258 1312 2391 1374 Non
2422 1311 2546 1374 erit
2578 1311 2694 1373 tibi
2729 1310 2823 1373 sol
2851 1309 3127 1394 amplius
3157 1312 3234 1372 ad
3265 1310 3476 1373 lucen·
3515 1327 3581 1371 ιε.
3603 1342 3665 1379 ιι.
3687 1331 3752 1373 ιο.

1984 1412 2133 1474 dum
2165 1429 2277 1492 per
2315 1410 2508 1486 diem,
2543 1428 2659 1472 nec
2699 1408 2994 1491 splendor
3037 1408 3206 1471 lunae
3245 1408 3478 1471 illumi·

1987 1508 2166 1572 nabit
2194 1517 2288 1588 te;
2322 1509 2431 1571 sed
2479 1508 2602 1571 erit
2646 1506 2760 1570 tibi
2809 1507 3114 1570 Dominus
3154 1506 3221 1569 in
3267 1506 3473 1570 lucem

1985 1606 2462 1689 sempiternam,
2527 1615 2590 1668 et
2647 1606 2808 1668 Deus
2870 1613 3018 1668 tuus
3085 1605 3148 1667 in
3207 1604 3476 1685 gloriam

1988 1715 2182 1767 tuam.
2215 1706 2302 1765 Ec
2330 1705 2634 1763 diadema
2662 1705 2893 1780 speciei
2919 1706 3000 1763 de
3029 1723 3230 1763 manu
3263 1704 3480 1764 Domi·-

1985 1804 2077 1872 πί,
2102 1801 2168 1864 id
2199 1810 2296 1865 est
2318 1820 2614 1865 coronam
2645 1800 3143 1882 pulchritudinis
3165 1801 3474 1880 gloriosae,

331 1942 343 1961 .
375 1906 511 1961 stus
542 1916 557 1960 ε
592 1897 713 1974 Qui
756 1900 959 1963 credit
1002 1900 1067 1962 in
1113 1919 1237 1977 me,
1286 1919 1413 1963 non
1453 1898 1761 1963 morietur
1808 1896 1873 1959 in
1913 1900 1959 1961 B
1986 1920 2127 1981 quae
2158 1909 2252 1964 est
2281 1919 2494 1977 aurea,
2531 1898 2774 1963 scilicet
2813 1898 3143 1981 praemium
3175 1900 3480 1963 essentia-

1987 1997 2068 2061 le.
2105 2000 2190 2061 De
2232 2017 2358 2081 qua
2404 1996 2607 2059 fertur
2652 1996 2716 2057 in
2761 1996 3056 2061 Psalmo:
3092 1995 3364 2060 Posuisti
3410 1996 3475 2059 in
3528 2016 3752 2067 Ριιῃι.

1986 2098 2197 2181 capite
2245 2098 2385 2180 ejus
2433 2114 2730 2160 coronam
2777 2096 2855 2158 de
2903 2094 3115 2177 lapide
3164 2096 3474 2178 pretioso3

1988 2196 2292 2279 itemque,
2323 2194 2536 2259 Gloria
2569 2202 2632 2257 et
2669 2194 2911 2257 honore
2949 2196 3267 2257 coronasti
3303 2213 3472 2270 eum,
3521 2204 3762 2255 Ps-vmm.

1988 2294 2276 2359 Domine.
2315 2294 2634 2362 Quoniam
2679 2294 2947 2353 dextera
2984 2312 3107 2353 sua
3158 2302 3316 2370 teqet
3353 2312 3478 2364 eos,

1990 2396 2052 2457 id
2086 2402 2204 2471 est,
2247 2411 2360 2475 per
2390 2390 2689 2455 virtutem
2720 2390 3013 2470 gratiosae
3045 2410 3173 2453 suae
3203 2409 3479 2473 praescn-

1993 2494 2097 2556 tiae
2155 2492 2260 2554 hic
2317 2507 2425 2554 eos
2483 2489 2747 2571 operiet,
2799 2488 3020 2570 eisque
3073 2489 3480 2552 obumbrabit

1990 2598 2210 2655 contra
2238 2598 2464 2653 aestum
2495 2587 2920 2649 tentationum
2959 2596 3023 2650 et
3055 2587 3481 2670 impugnatio-

1993 2709 2101 2752 nes
2132 2685 2830 2769 concupiscentiarum3
2858 2696 2918 2745 ec
2949 2688 3207 2746 brachio
3233 2706 3347 2747 suo
3377 2691 3480 2748 de-

1987 2790 2208 2866 fendet
2233 2788 2401 2856 illos,
2425 2785 2489 2846 id
2519 2793 2635 2858 est,
2662 2783 2897 2848 virtute
2929 2790 2993 2846 et
3013 2784 3478 2866 omnipotentia

1989 2906 2103 2947 sua
2142 2893 2335 2966 atque
2378 2901 2492 2965 per
2525 2883 2694 2944 dona
2722 2881 2941 2961 gratiae
2974 2899 3102 2944 suae
3130 2890 3351 2945 contra
3383 2883 3479 2945 in-

1988 2984 2278 3048 visibiles
2327 3002 2400 3046 ac
2438 2981 2727 3044 visibiles
2759 2980 2970 3044 hostes
3002 2998 3109 3043 eos
3143 2982 3425 3044 tuebitur
3457 3000 3472 3045 ε

374 3098 479 3155 1¹0,
522 3098 597 3143 ²²0
643 3079 947 3161 deinceps
997 3078 1063 3141 in
1112 3077 1402 3141 Omnium
1454 3093 1874 3159 supernorum
1913 3080 1955 3144 C
1989 3101 2114 3147 non
2148 3092 2218 3145 ut
2247 3100 2373 3144 non
2407 3080 2883 3161 impugnentur,
2917 3078 3027 3140 sed
3067 3098 3148 3141 ne
3195 3079 3479 3143 finaliter

372 3178 616 3242 civium
650 3185 873 3240 mutua
906 3175 1323 3251 contuitione,
1360 3174 1680 3252 societate,
1725 3174 1878 3237 dile-

372 3276 611 3353 ctione,
635 3275 1100 3339 communione.
1120 3274 1280 3337 Hinc
1306 3273 1403 3336 ait
1428 3274 1495 3336 in
1526 3274 1733 3356 prima
1761 3291 1873 3335 sua

372 3374 699 3439 Canonica
751 3373 1025 3437 loannes
1083 3371 1409 3456 apostolus
1454 3394 1467 3436 :
1513 3372 1689 3435 Nunc
1746 3370 1873 3433 filii

373 3473 485 3537 Dei
533 3491 781 3548 sumuS,
822 3479 885 3534 et
926 3470 1211 3533 nondum
1244 3469 1539 3552 apparuit
1569 3469 1720 3550 quid
1753 3470 1875 3532 eri-

374 3592 543 3634 mus.
586 3571 837 3635 Scimus
885 3569 1187 3652 quoniam
1237 3587 1437 3650 quum
1482 3568 1868 3651 apparuerit,

374 3670 622 3733 similes
669 3668 730 3733 ei
779 3669 1043 3745 erimuS,
1103 3666 1255 3748 quia
1310 3666 1674 3731 videbimus
1724 3686 1867 3730 eum

375 3769 563 3833 sicuti
613 3776 732 3831 est.
784 3766 1015 3829 Paulus
1063 3784 1319 3848 quoque
1353 3785 1367 3829 ε
1404 3765 1729 3844 VidemuS,
1780 3767 1876 3828 in-

375 3868 539 3949 quit,
602 3884 778 3929 nunc
824 3884 940 3947 per
996 3862 1327 3946 speculum
1393 3863 1458 3925 in
1513 3863 1871 3943 aenigmate,

374 3975 531 4029 tunc
579 3975 798 4027 autem
839 3962 1005 4025 facie
1046 3962 1128 4024 ad
1161 3960 1415 4025 facie-m.
1448 3964 1535 4023 Ec
1573 3965 1875 4039 coqitatio

374 4067 648 4125 illorum
687 4065 871 4141 apud
905 4061 1344 4123 Alcissimum.
1380 4061 1449 4121 In
1491 4059 1607 4123 hac
1637 4061 1872 4123 etenim

373 4163 509 4226 vita
536 4169 856 4225 conantur
878 4158 1297 4240 cogitationes
1318 4177 1464 4220 suas
1494 4158 1779 4222 stabilire
1808 4159 1873 4221 in

1986 3200 2059 3245 ac
2089 3178 2506 3263 spiritualiter
2529 3185 2933 3259 superentur,
2957 3177 3066 3239 sed
3098 3177 3298 3257 magis
3329 3197 3480 3260 praa-

1987 3279 2243 3342 valeant
2276 3299 2289 3343 ε
2315 3274 2851 3359 quemadmodum
2884 3274 3190 3357 scriptum
3221 3283 3341 3353 est,
3366 3277 3480 3341 Do-
3505 3294 3770 3345 rmum.

1986 3378 2200 3440 minus
2247 3375 2556 3440 fortitudo
2604 3373 2811 3457 plebis
2862 3392 3012 3449 suae,
3060 3381 3123 3436 et
3160 3382 3479 3456 protector

1987 3475 2408 3539 salvationum
2462 3472 2695 3536 Christi
2758 3471 2856 3533 sui
2903 3479 3019 3535 est.
3068 3471 3212 3536 ldeo
3267 3492 3480 3537 exora-

1986 3595 2127 3637 mus
2178 3592 2192 3635 :
2235 3572 2493 3637 Custodi
2547 3589 2671 3647 me,
2723 3570 3006 3647 Domine,
3048 3579 3119 3633 ut
3163 3571 3475 3654 pupillam
3518 3590 3754 3641 emme.

1984 3672 2190 3751 oculi3
2225 3670 2344 3733 sub
2374 3668 2600 3732 umbra
2646 3668 2891 3731 alarum
2925 3676 3174 3731 tuarum
3217 3677 3478 3752 protege

1984 3790 2108 3833 me.
2160 3770 2318 3832 Hinc
2371 3767 2660 3830 hortatur
2706 3766 3046 3849 Apostolus
3093 3786 3107 3830 :
3149 3765 3476 3831 Consorta-
3531 3787 3768 3844 epham.

1985 3868 2145 3932 mini
2188 3869 2257 3929 in
2304 3866 2595 3942 Domino,
2645 3873 2709 3927 et
2763 3864 2827 3927 in
2889 3868 3172 3947 potentia
3218 3867 3476 3930 virtutis
3505 3852 3571 3893 ¹⁰·

1986 3969 2148 4051 ejuS.
2195 3967 2273 4028 Et
2327 3965 2495 4048 apud
2551 3964 2775 4027 lsaiam
2835 3963 3163 4028 inducitur
3205 3985 3219 4029 :
3273 3965 3476 4049 Super
3515 3984 3767 4035 1s.=v.s‚⁶.

1985 4082 2242 4127 omnem
2282 4061 2548 4143 gloriam
2594 4058 2904 4142 protectio
2947 4060 3071 4123 erit
3113 4060 3180 4123 in
3222 4061 3478 4125 umbra-

1986 4161 2202 4226 culum
2246 4159 2371 4223 diei
2419 4158 2502 4221 ab
2548 4166 2727 4234 aestu,
2761 4166 2825 4220 et
2874 4158 2939 4220 in
2980 4158 3382 4223 securitatem
3415 4169 3479 4224 et

376 4263 524 4337 Deo,
556 4260 739 4343 juxta
771 4259 954 4333 illud,
986 4257 1159 4320 Jacta
1189 4256 1535 4337 cogitatum
1577 4263 1755 4319 tuum
1808 4257 1873 4321 in
1905 4269 1953 4331 D
1986 4258 2471 4323 absconsionem
2511 4276 2548 4317 a
2597 4255 2854 4319 turbine
2900 4264 2963 4319 ct
3006 4274 3045 4319 a
3074 4256 3316 4339 pluvia.
3350 4258 3478 4323 Hoc

372 4360 751 4438 Dominum3
775 4366 839 4420 et
869 4365 999 4421 tota
1026 4374 1247 4420 eorum
1280 4354 1551 4417 intentio
1577 4354 1778 4418 fertur
1807 4356 1875 4417 in

374 4459 598 4535 Deum,
634 4457 712 4519 ad
743 4458 931 4539 cujus
962 4455 1267 4518 honorem
1302 4472 1373 4517 ac
1412 4452 1681 4535 gloriam
1710 4454 1878 4517 ordi-

374 4565 529 4619 nant
570 4574 639 4619 se
677 4564 743 4618 et
781 4554 999 4618 omnia
1039 4572 1175 4616 sua.
1207 4552 1398 4616 Porro
1443 4552 1508 4613 in
1542 4551 1745 4633 patria
1781 4571 1878 4616 co-

372 4654 602 4736 gitatio
628 4672 851 4717 eorum
880 4660 976 4715 est
1005 4650 1449 4714 immobilitata
1479 4650 1545 4711 in
1579 4651 1724 4727 Dec,
1758 4669 1877 4714 nec

374 4752 467 4816 ibi
500 4760 652 4815 sunt
682 4750 1101 4832 cogitationes
1131 4748 1445 4813 volubiles
1471 4748 1639 4811 sicut
1666 4750 1870 4812 modo.

370 4850 565 4914 Nulla
592 4866 747 4915 vero
775 4855 983 4930 potest
1022 4847 1110 4909 ibi
1160 4846 1447 4927 evagatio
1477 4846 1685 4909 cordis
1734 4865 1879 4910 con·

371 4948 607 5012 sistere
639 4965 655 5010 :
689 4945 995 5029 quoniam
1039 4944 1357 5027 quidquid
1390 4943 1567 5007 aliud
1598 4944 1881 5023 cogitant

370 5066 571 5129 quam
634 5046 855 5121 Deum,
917 5042 1396 5107 indeviabiliter
1458 5041 1746 5105 referunt
1810 5043 1878 5105 in

372 5164 550 5209 eum.

456 5246 613 5305 Ideo
644 5243 967 5319 accipient
994 5260 1268 5318 reynum
1295 5240 1545 5300 decoris
1576 5238 1653 5300 de
1685 5257 1877 5302 manu

372 5339 659 5420 Domini,
691 5338 758 5403 id
796 5346 895 5402 est
930 5338 1524 5421 splendidissimum
1581 5336 1745 5400 illud
1788 5356 1881 5401 re-

1988 4366 2084 4420 est
2129 4356 2298 4439 quod
2346 4354 2740 4437 promittitur
2781 4354 2848 4416 in
2897 4353 3145 4418 Psalmo
3186 4371 3202 4416 τ
3246 4355 3480 4438 Scapu-
3507 4378 3766 4430 Paneas.

1989 4455 2067 4517 lis
2127 4454 2259 4516 suis
2308 4451 2715 4515 obumbrabit
2768 4452 2908 4527 tibi,
2961 4461 3026 4516 et
3074 4452 3196 4515 sub
3248 4453 3476 4535 pennis

1987 4554 2127 4635 ejus
2166 4550 2494 4634 sperabis;
2534 4558 2714 4613 scuto
2753 4549 3177 4614 circumdabit
3222 4560 3284 4615 te
3314 4552 3480 4616 veri·

1988 4661 2081 4715 tas
2122 4651 2286 4733 ejus,

2066 4749 2543 4830 Consequenter
2582 4746 2963 4810 describitur
2992 4747 3336 4830 impiorum
3369 4768 3482 4830 pu-

1988 4848 2172 4923 nitio,
2206 4846 2406 4926 magis
2438 4863 2629 4928 quam
2669 4853 2816 4907 ante
2855 4845 2922 4907 in
2953 4846 3216 4927 speciali
3252 4864 3266 4908 ε
3301 4855 3365 4909 et
3394 4846 3482 4910 lo-

1989 4946 2210 5027 quitur
2239 4945 2317 5007 de
2347 4944 2472 5007 Deo
2502 4944 2686 5026 quasi
2717 4944 2796 5007 de
2827 4943 3086 5007 homine
3119 4944 3476 5025 judicante,

1990 5044 2174 5121 irato,
2215 5061 2410 5124 seque
2452 5050 2760 5119 armante,
2803 5049 2867 5105 et
2909 5041 3072 5105 alios
3121 5041 3188 5103 in
3231 5042 3484 5124 adjuto-

1989 5142 2157 5204 rium
2176 5147 2540 5203 assumente
2566 5139 2872 5203 adversus
2903 5158 3067 5203 reos,
3087 5139 3483 5223 Frequenter

1988 5240 2288 5322 equidem
2329 5238 2614 5320 loquitur
2655 5236 2979 5321 Scriptura
3016 5239 3094 5303 de
3137 5238 3262 5303 Deo
3303 5258 3482 5304 more

1991 5338 2294 5415 humano,
2337 5343 2407 5399 ut
2451 5337 2749 5401 humanae
2795 5337 3030 5403 mentis
3071 5337 3483 5403 imbecillitas
