4284 6267
1147 502 1497 551 rmaaaano
1540 505 1603 549 m
1644 504 1784 550 mr.
1830 504 1893 551 1v
1933 504 2417 553 rnovaanroamr.
2466 526 2548 536 —
2588 508 2731 555 Ait-r.
2776 510 2838 555 ιν
3453 493 3533 556 39

425 674 622 737 modo
673 675 975 738 videntur
1020 674 1127 739 hic
1173 676 1400 758 accipi,
1452 696 1653 759 quum
1701 678 1931 740 subda-
1963 672 2014 737 A
2045 678 2245 740 rendo
2284 678 2499 759 aliquo
2540 678 2797 742 homine
2838 688 3147 761 praesente
3184 699 3257 743 ac
3288 681 3533 745 intuen-

426 780 536 835 tur
569 791 584 835 :
611 794 933 852 perversoe
979 795 1125 835 vero
1171 784 1325 836 sunt
1370 796 1514 856 quoe
1561 798 1602 837 a
1643 779 1930 837 sinistris

421 880 608 941 sunt,
649 872 714 933 id
759 878 876 946 est,
917 872 997 934 ad
1038 880 1392 935 extremum
1429 882 1645 956 aperte
1688 874 1926 937 malurn

425 968 780 1032 declinant.
829 973 979 1049 Ipse
1022 981 1240 1032 autem
1291 972 1451 1033 Deus
1490 982 1686 1033 rectos
1730 975 1931 1051 faciet

422 1088 682 1145 yressus
732 1078 892 1135 tuos,
931 1069 1142 1133 dando
1192 1069 1308 1132 tibi
1354 1070 1622 1151 gratiam
1669 1088 1930 1135 conver-

428 1166 614 1228 sandi
663 1166 846 1247 juxta
891 1186 1151 1231 suorum
1201 1168 1646 1231 rectitudinem
1697 1188 1930 1251 praece-

149 1276 268 1319 Osee
298 1290 392 1327 m,
426 1272 688 1345 ptorum
723 1282 738 1326 :
771 1266 850 1327 de
880 1265 1119 1348 quibus
1148 1266 1402 1339 dicitur,
1436 1267 1640 1331 Rectae
1670 1267 1790 1330 viae
1817 1268 1928 1331 Do-

107 1341 178 1384 ¹⁰⁵
425 1362 610 1437 mini,
638 1370 702 1424 et
730 1362 887 1444 justi
917 1363 1336 1426 ambulabunt
1367 1364 1433 1425 in
1461 1364 1576 1427 eis,
1611 1365 1747 1427 Non
1777 1384 1928 1448 ergo

426 1480 892 1542 praesumamus
921 1463 1000 1525 de
1030 1461 1274 1526 viribus
1319 1463 1575 1540 nostriS‚
1609 1466 1718 1527 sed
1756 1466 1928 1527 auxi-

425 1559 514 1623 lio
545 1560 766 1639 gratiae
793 1560 1033 1642 jugiter
1061 1561 1432 1638 innitamur,
1456 1564 1760 1643 quoniam
1789 1562 1928 1625 sine

425 1657 569 1739 ipso
621 1659 786 1721 nihil
845 1660 1243 1723 meritorium
1294 1680 1632 1743 possumus
1693 1660 1922 1725 facere.

107 1770 206 1873 ιζ’.
227 1784 390 1821 mxv.
425 1757 570 1821 ldeo
602 1777 752 1820 cum
789 1759 1124 1821 Psalmista
1160 1778 1517 1841 precemur,
1552 1759 1761 1822 Deduc
1800 1780 1922 1835 me,

108 1962 204 2001 ¹³³·
421 1973 504 2035 ge
547 1956 906 2019 secundum
951 1956 1278 2037 eloquium
1321 1964 1524 2018 tuum.
1558 1956 1770 2020 Nihilo
1811 1957 1929 2020 mi-

131 2066 282 2109 Πρω.
307 2081 386 2118 zu,
421 2073 546 2117 nus
576 2055 922 2136 Apostolus
946 2055 1432 2118 monetzRectos
1455 2074 1710 2137 gressus
1737 2055 1927 2119 facite

109 2133 176 2172 ¹²·
421 2152 701 2236 pedibus
739 2154 994 2215 vestris.
1028 2152 1288 2234 Oportet
1329 2153 1502 2216 enim
1547 2172 1662 2217 nos
1705 2172 1928 2236 coope-

425 2252 553 2315 rari
599 2253 822 2331 gratiae
873 2251 1006 2330 Dei,
1041 2260 1232 2334 atque
1279 2270 1394 2334 per
1441 2252 1716 2315 liberum
1761 2253 1927 2315 arbi-

417 2351 618 2412 trium
669 2358 1002 2433 acceptare
1061 2350 1353 2414 divinum
1415 2350 1810 2425 instinctum,
1865 2359 1927 2415 et

416 2447 792 2513 consentire
835 2448 1175 2511 directioni
1218 2448 1475 2513 divinae.
1519 2450 1771 2510 Itinera
1809 2471 1926 2511 au-

415 2558 550 2608 tem
583 2558 698 2607 cua
731 2548 804 2607 in
819 2568 983 2625 pace
1003 2551 1468 2625 producentur,
1488 2546 1552 2609 id
1582 2555 1699 2623 est,
1733 2565 1927 2629 opera

416 2653 531 2707 tua
551 2652 744 2706 erunt
763 2642 1052 2727 pacifica,
1067 2652 1131 2708 et
1157 2653 1336 2707 actus
1367 2644 1460 2707 tui
1486 2644 1628 2726 paci
1650 2646 1924 2726 pectoris

413 2750 611 2806 crunt
649 2742 1005 2823 conjuncti,
1053 2750 1116 2805 et
1152 2743 1232 2805 ad
1282 2762 1503 2825 pacem
1553 2742 1925 2806 aeternitatis

129 2858 209 2898 Ρ..
229 2870 378 2907 mm.
417 2842 800 2924 perducent.
833 2840 1085 2903 Etenim
1115 2860 1238 2922 pax
1267 2842 1470 2903 multa
1509 2840 1924 2921 diligentibus

103 2923 381 3035 'lg-„m
418 2940 629 3020 legem
661 2939 796 3001 Dei.
831 2939 908 3001 Et
934 2939 1051 3001 soh
1080 2939 1318 3001 dicitur
1349 2957 1362 3001 :
1396 2940 1744 3021 Aequiesce
1775 2940 1920 3017 Deo,

2041 775 2659 851 te,erubesceremus
2689 796 2804 841 nos
2835 779 3121 860 turpiter,
3138 780 3535 861 negligenter

2042 880 2106 935 et
2137 873 2471 939 inhoneste
2499 875 2734 939 habere
2763 894 2777 938 ε
2812 895 2927 939 cur
2954 897 3147 960 super
3175 878 3295 941 hoc
3323 879 3389 940 in
3424 878 3532 941 Dei

2043 972 2225 1035 vultu
2255 992 2384 1035 non
2412 975 2957 1037 verecundamur?
2986 975 3146 1039 Hinc
3179 976 3239 1039 S.
3275 978 3536 1039 Bernar-

2043 1070 2162 1132 dus
2206 1071 2271 1133 in
2318 1071 2589 1153 epistola
2630 1074 2707 1135 ad
2752 1074 2997 1136 Fratres
3037 1075 3113 1137 de
3151 1074 3357 1138 Monte
3396 1076 3530 1152 Dei,

2041 1168 2316 1244 edocuit,
2351 1170 2521 1250 quod
2564 1170 2642 1231 ad
2674 1169 3036 1233 habendum
3069 1190 3137 1233 se
3169 1173 3433 1235 honeste
3462 1192 3535 1235 ac

2043 1265 2325 1329 virtuose
2371 1267 2436 1328 in
2482 1267 2827 1330 solitudine
2873 1275 2938 1329 et
2977 1288 3285 1346 seorsum,
3337 1270 3537 1353 pluri-

2041 1383 2217 1427 mum
2247 1366 2417 1428 valet
2446 1375 2515 1427 ut
2544 1366 2736 1429 homo
2777 1366 3157 1446 imaginetur
3187 1369 3311 1431 sibi
3349 1369 3533 1451 quasi

2040 1472 2415 1545 praesentem
2475 1465 2751 1545 aliquem
2812 1466 3243 1529 venerabilem
3298 1468 3529 1545 virum,

2041 1561 2161 1623 sub
2192 1561 2376 1642 cujus
2416 1562 2716 1644 adspectu
2748 1571 2895 1644 agat
2930 1581 3121 1626 omne
3152 1566 3323 1645 quod
3362 1565 3527 1646 agit:

2039 1666 2104 1721 et
2133 1660 2305 1741 quod
2344 1659 2457 1721 illo
2498 1659 2787 1723 intuente
2827 1656 3013 1740 agere
3057 1670 3401 1739 vereretur,
3436 1682 3533 1725 co—

2039 1777 2172 1819 ram
2204 1758 2330 1821 Deo
2352 1775 2537 1838 agere
2568 1766 2875 1821 vereatur.
2889 1759 3125 1823 ldcirco
3154 1760 3219 1821 in
3244 1760 3529 1842 epistolis

133 1895 391 1945 ham„
423 1856 714 1934 Domine,
751 1858 818 1919 in
848 1856 954 1919 via
988 1865 1125 1937 tua3
1163 1865 1245 1934 et,
1278 1856 1542 1919 Gressus
1571 1876 1748 1922 meos
1779 1858 1926 1921 diri·
1966 1851 2010 1912 B
2039 1856 2173 1918 suis
2204 1856 2292 1918 ait
2320 1864 2382 1919 et
2418 1856 2655 1919 Seneca
2692 1874 2705 1918 ε
2741 1855 2843 1920 Sic
2882 1858 3027 1921 vive
3065 1878 3211 1921 cum
3256 1859 3531 1923 homini-

2039 1956 2181 2033 bus,
2236 1965 2537 2037 tanquam
2591 1956 2753 2019 Deus
2808 1956 3063 2037 videat3
3122 1958 3214 2021 sic
3269 1958 3529 2041 loquere

2037 2072 2185 2115 cum
2234 2054 2381 2131 Deo,
2437 2063 2738 2135 tanquam
2788 2054 3079 2119 homines
3129 2056 3391 2119 audiant
3444 2065 3524 2120 te.

2037 2152 2268 2235 Accipe
2298 2152 2799 2215 admonitionem
2836 2152 3180 2229 salubrem,
3215 2174 3405 2235 quam
3436 2154 3531 2217 as-

2039 2249 2242 2332 sigere
2285 2252 2499 2314 animo
2546 2260 2654 2313 tuo
2698 2251 2866 2315 volo.
2901 2252 3149 2333 Aliquis
3187 2252 3287 2316 vir
3323 2253 3531 2316 bonus

2039 2349 2223 2411 nobis
2267 2349 2601 2429 eligendus
2644 2358 2761 2427 est,
2806 2359 2869 2413 et
2910 2359 3057 2414 ante
3099 2351 3319 2415 oculos
3368 2371 3532 2414 sem-

2039 2466 2153 2528 per
2182 2447 2536 2524 habenduS,
2558 2456 2629 2509 ut
2660 2448 2751 2511 sic
2780 2467 3031 2531 semper
3064 2456 3365 2529 tanquam
3397 2469 3533 2533 spe-

2036 2553 2247 2607 ctante
2285 2563 2359 2607 eo
2400 2546 2714 2623 vivamus,
2748 2555 2811 2610 et
2848 2546 3065 2609 omnia
3108 2555 3408 2628 tanquam
3456 2548 3532 2609 il-

2038 2643 2098 2706 lo
2143 2644 2403 2706 vidente
2445 2642 2779 2706 faciamus
2829 2644 3046 2724 Magna
3088 2663 3235 2727 pars
3284 2644 3531 2707 tollitur

2036 2741 2361 2818 vitiorum,
2385 2742 2441 2803 si
2472 2741 2761 2824 peccanti
2792 2742 2969 2805 testis
2999 2744 3399 2807 venerandus
3426 2742 3533 2805 ad-

2037 2841 2240 2903 sistat.

2113 2939 2439 3015 Praeterea,
2474 2938 2540 2999 in
2572 2937 2692 3000 isto
2724 2937 3029 3019 capitulo,
3054 2939 3131 3001 ad
3161 2938 3532 3003 evitandum

415 3047 482 3101 et
512 3037 751 3100 habeto
783 3054 1050 3119 pacem;
1092 3045 1155 3100 et
1184 3056 1300 3119 per
1330 3038 1452 3101 hoc
1488 3038 1756 3101 habebis
1796 3037 1926 3100 fru-
1956 3038 1999 3100 C
2037 3036 2311 3101 sollicite
2340 3055 2595 3099 omnem
2633 3035 3091 3099 detractionem
3126 3037 3526 3100 instruimur.

413 3144 562 3200 ctus
599 3134 903 3217 optimos
1655 3194 1658 3197 ,

497 3235 664 3297 Εθθθ
713 3233 780 3295 in
831 3233 956 3297 isto
1003 3233 1286 3315 capitulo
1343 3234 1812 3316 multipliciter,
1867 3244 1928 3298 et

412 3352 536 3415 per
573 3333 772 3397 verba
812 3332 1046 3414 saepius
1091 3332 1384 3413 repetita,
1417 3334 1498 3395 ad
1539 3332 1927 3397 desiderium

419 3440 486 3493 et
529 3448 836 3507 amorem,
869 3430 950 3493 ad
993 3430 1278 3492 studium
1322 3439 1385 3493 et
1426 3430 1788 3512 amplexum
1835 3452 1928 3493 sa-

416 3529 684 3612 pientiae
713 3528 1156 3590 admonemur.
1191 3526 1316 3590 Nec
1345 3526 1602 3605 mirum,
1627 3528 1928 3608 quoniam

417 3634 600 3690 tanta
624 3635 723 3689 est
747 3627 1026 3707 dignitas
1057 3626 1220 3706 ejuS,
1239 3627 1410 3707 quod
1437 3626 1503 3687 in
1531 3634 1674 3688 actu
1699 3626 1924 3708 ipsiuS,

413 3726 804 3805 Unigenitus
834 3725 949 3788 Dei
977 3724 1441 3787 beatitudinem
1473 3732 1750 3788 nostram
1784 3744 1930 3788 con-

109 3840 384 3891 Joamum,
415 3824 636 3886 stituit
669 3840 685 3885 ε
719 3823 863 3886 Haec
892 3832 1012 3899 est,
1045 3822 1369 3904 inquiens,
1404 3823 1537 3885 vita
1565 3830 1822 3901 esterna,
1859 3830 1927 3885 ut

111 3906 150 3946 ³·
415 3930 818 4003 cognoscant
858 3930 922 3984 te
966 3922 1172 3985 solum
1217 3940 1441 3984 verum
1490 3921 1708 3984 Deum.
1745 3921 1928 3983 Deni-

415 4040 572 4103 que,
607 4020 780 4082 sicut
811 4019 878 4081 in
921 4018 1055 4081 suis
1093 4018 1452 4083 Proverbiis
1482 4020 1571 4082 ait
1599 4018 1872 4102 Cyrillus
1907 4040 1920 4084 :

413 4118 593 4182 Nihil
624 4126 722 4181 est
755 4118 969 4195 homo,
1005 4118 1058 4179 si
1085 4117 1172 4179 sit
1200 4116 1512 4199 sapientia
1542 4118 1880 4180 destitutus
1905 4137 1922 4197 ;

2034 3135 2345 3209 Quocirca
2384 3135 2783 3217 pensandum
2824 3133 2999 3216 quia,
3033 3142 3104 3197 ut
3142 3134 3233 3197 ait
3260 3134 3530 3199 Thomas

2041 3235 2108 3296 in
2150 3234 2425 3297 secunda
2463 3233 2776 3307 secundae,
2813 3232 3161 3313 quaestione
3202 3232 3302 3310 73,
3357 3232 3533 3296 Sicut

2040 3334 2186 3415 quis
2231 3341 2416 3395 nocet
2454 3330 2633 3394 alteri
2673 3330 2841 3395 facto
2879 3331 3241 3414 dupliciter,
3287 3330 3531 3394 scilicet

2040 3429 2404 3505 manifeste,
2438 3437 2510 3490 ut
2542 3428 2606 3490 in
2638 3429 2944 3491 violentia
2974 3438 3036 3491 et
3069 3430 3316 3510 rapina,
3350 3436 3415 3492 et
3443 3448 3532 3491 se-

2041 3538 2225 3604 crete,
2262 3528 2426 3591 sicut
2454 3528 2522 3589 in
2560 3526 2732 3590 furto
2758 3547 2774 3608 3
2808 3527 2900 3590 sic
2930 3547 3097 3590 unus
3126 3536 3312 3591 nocet
3342 3528 3527 3591 alteri

2039 3626 2253 3689 verbis
2296 3625 2546 3688 duobus
2592 3625 2795 3689 modis
2832 3643 2845 3687 :
2897 3626 3103 3707 primo
3144 3626 3413 3703 occulte,
3460 3633 3532 3689 ut

2039 3723 2108 3786 in
2158 3724 2590 3803 detractione;
2632 3724 2909 3786 secundo
2956 3731 3195 3805 aperte,
3249 3722 3416 3785 sicut
3462 3723 3529 3785 in

2036 3821 2449 3887 contumelia.
2483 3821 2726 3883 Dicitur
2765 3829 2976 3884 autem
3017 3821 3206 3884 homo
3245 3821 3531 3884 detrahe-

2038 3940 2128 3995 re,
2180 3938 2307 3983 non
2356 3918 2509 4001 quia
2557 3937 2809 4000 semper
2854 3919 3100 4000 aliquid
3157 3919 3403 3981 minuat
3450 3920 3529 3983 de

2038 4018 2323 4095 veritate,
2357 4018 2468 4080 sed
2506 4016 2810 4097 quoniam
2840 4025 3150 4098 quantum
3192 4017 3260 4079 in
3301 4036 3368 4080 se
3406 4024 3525 4094 est,

2039 4116 2313 4179 intendit
2332 4115 2681 4178 bonitatem
2714 4113 2897 4177 iamae
2925 4114 3187 4177 alterius
3212 4114 3529 4179 minorare

415 4217 537 4299 qui
569 4236 638 4279 se
669 4216 940 4296 ignorat,
966 4214 1130 4278 nihil
1162 4223 1258 4278 est
1288 4215 1433 4278 sibi.
1467 4215 1545 4277 Et
1573 4216 1924 4297 praesertim
1956 4215 2005 4276 D
2037 4215 2274 4277 directe
2302 4221 2411 4276 aut
2451 4212 2778 4274 indirecte.
2818 4212 3079 4288 Directe,
3106 4220 3378 4294 quatuor
3409 4232 3531 4277 mo-

415 4315 621 4377 miscr
662 4322 727 4376 et
757 4332 1002 4396 pauper
1045 4321 1157 4389 est,
1195 4313 1307 4394 qui
1353 4332 1538 4375 suum
1579 4332 1706 4376 non
1752 4313 1928 4379 novit

415 4412 810 4475 Creatorem.
842 4412 1104 4493 Propter
1144 4412 1315 4492 quod
1343 4412 1504 4473 dixit
1533 4411 1872 4494 Apostolus
1907 4429 1921 4473 :

135 4523 386 4576 mmm,
419 4509 542 4584 Qui
597 4510 874 4591 ignorat,
927 4509 1346 4589 ignorabitur.
1404 4509 1607 4591 Atque
1655 4510 1722 4570 in
1771 4509 1926 4573 Osee

117 4591 372 4701 {Jews-
419 4606 656 4670 asserit
683 4607 1032 4670 Dominus:
1059 4606 1382 4669 Conticuit
1412 4607 1687 4688 populus
1717 4626 1919 4681 meuS,

419 4723 500 4767 eo
536 4704 711 4785 quod
741 4722 870 4766 non
903 4704 1198 4767 habuerit
1227 4703 1561 4766 scientiam
1600 4704 1733 4765 Dei.
1765 4704 1925 4777 Quid

417 4804 690 4885 prodest
730 4802 1061 4864 rutilantia
1089 4820 1277 4879 caeco,
1313 4802 1678 4884 eloquentia
1707 4802 1920 4878 surde,

419 4900 770 4983 prudentia
802 4899 1024 4963 fatuo?

502 4999 838 5074 Praeterea,
871 4998 949 5060 ad
991 4998 1544 5077 vigilantissimam
1579 4999 1790 5063 cordis
1818 5018 1928 5062 cu-

423 5095 702 5159 stodiam
763 5096 869 5159 hic
924 5114 1262 5159 monemur
1314 5115 1328 5159 :
1382 5116 1575 5179 quam
1634 5116 1927 5161 exercere

421 5193 879 5276 poterimuS,si
909 5194 1364 5276 omnipotentis
1396 5196 1795 5277 praesentiam
1824 5195 1930 5258 Ju-

423 5292 592 5355 dicis
623 5292 938 5373 sagaciter
970 5292 1418 5374 ponderemus,
1455 5292 1519 5355 Si
1550 5293 1721 5355 enim
1755 5312 1929 5356 reve-

2037 4314 2135 4375 dis
2171 4329 2185 4373 ε
2222 4313 2450 4393 primo,
2493 4311 2644 4372 dum
2693 4310 2877 4373 alteri
2929 4310 3160 4373 falsum
3212 4311 3525 4393 imponit;

2035 4411 2337 4485 secund0,
2372 4410 2524 4471 dum
2563 4408 2817 4489 culpam
2864 4408 3003 4489 ejus
3044 4418 3381 4490 exaggerat
3416 4428 3529 4471 seu

2037 4509 2334 4589 adauget;
2366 4507 2573 4579 tertio,
2596 4506 2749 4568 dum
2783 4507 3023 4569 revelat
3050 4507 3330 4587 occulta3
3350 4524 3531 4588 quar-

2033 4614 2122 4683 to,
2158 4607 2309 4668 dum
2339 4624 2413 4667 ea
2441 4622 2583 4686 quae
2615 4603 2779 4666 bona
2818 4612 2986 4681 sunt,
3018 4603 3307 4667 affirmat
3334 4623 3528 4686 prava

2036 4704 2392 4767 intentione
2423 4710 2690 4785 peracta.
2704 4702 3013 4766 indirecte
3043 4719 3300 4784 quoque
3328 4702 3531 4783 dupli-

2035 4803 2196 4865 citer
2232 4820 2245 4864 :
2282 4803 2511 4884 primo,
2546 4802 2699 4862 dum
2734 4810 2921 4881 negat
2950 4799 3191 4863 bonum
3231 4799 3525 4879 alterius3

2038 4901 2337 4977 secundo,
2390 4901 2540 4962 dum
2590 4897 2908 4961 malitiose
2953 4898 3175 4962 reticet
3224 4898 3405 4960 illud.
3451 4898 3531 4960 At

2040 5016 2189 5062 vero
2218 5015 2408 5079 quam
2438 5014 2630 5076 grave
2660 4994 2742 5057 sit
2771 4995 3013 5057 crimen
3042 4994 3363 5069 detracti0‚
3383 5013 3529 5059 con-

2038 5105 2161 5159 stat
2190 5116 2266 5158 ex
2306 5095 2447 5171 hoc,
2480 5094 2649 5175 quod
2689 5092 3027 5175 Apostolus
3067 5094 3144 5155 ad
3184 5094 3522 5170 RomanoS,

2038 5195 2427 5257 detractores
2457 5198 2640 5255 vocat
2679 5189 2951 5253 odibiles
2981 5189 3128 5252 Deo.
3160 5190 3235 5254 Et
3265 5190 3417 5253 item
3449 5209 3525 5253 ex
3560 5216 3817 5267 nom.1,³0.

2039 5292 2183 5369 hoc,
2217 5291 2413 5372 quod,
2444 5295 2517 5350 ut
2554 5285 2750 5349 refert
2788 5287 2850 5349 S.
2891 5286 3203 5365 clamem,
3238 5287 3528 5351 beatissi-
