4284 6267
77 2586 186 2630 Luc.
203 2602 250 2639 x,
270 2590 338 2630 ¹⁹.

991 522 1342 571 RNARRATIO
1386 523 1447 569 m
1490 523 1626 569 CAP.
1673 524 1694 567 1
1737 522 1975 570 cAN‘rlct
2018 523 2421 571 CANthotttm.
2470 544 2546 553 --
2588 525 2729 570 ΛΒΤ.
2776 524 2844 570 111

3343 505 3459 569 307

367 692 724 772 equitatum
755 694 1121 773 Pharaonis,
1141 696 1302 759 bene
1328 695 1731 778 accipiuntur
1761 696 1868 756 ad·
1895 694 1946 755 A
1979 694 2273 759 Ecclesiae
2310 695 2731 773 declarantur,
2766 696 2877 777 qui
2908 694 3217 759 castitatis
3256 702 3317 756 et
3349 714 3463 776 pu-

369 790 666 853 versariae
697 799 1062 872 potestate3‚
1095 802 1158 856 et
1187 794 1398 874 angeli
1431 794 1861 868 tenebrarum,

369 906 439 950 ac
471 888 646 951 acies
685 891 1014 953 vitiorum.
1047 892 1256 955 Potest
1297 893 1512 973 itaque
1543 900 1604 955 et
1633 892 1724 954 sic
1759 910 1866 953 ex-

369 986 523 1067 poni
561 1006 576 1050 :
621 986 669 1049 O
705 991 944 1057 amica,
977 988 1039 1051 id
1081 998 1196 1067 est,
1234 989 1612 1052 universalis
1651 988 1866 1051 Eccle-

369 1084 485 1161 sia,
539 1086 913 1146 assimilavi
966 1098 1022 1147 te
1067 1090 1393 1168 equitatui
1445 1109 1598 1159 me0,
1651 1087 1716 1149 id
1772 1094 1868 1149 est

367 1183 616 1264 angelis
648 1184 907 1261 sanctiS,
937 1187 1010 1245 in
1041 1188 1341 1247 curribus
1371 1187 1776 1255 PlzaraoniS,
1800 1184 1864 1245 id

367 1290 466 1343 cst
513 1300 629 1365 per
676 1282 818 1359 hoc,
855 1283 1025 1364 quod
1076 1283 1342 1366 proestiti
1397 1284 1512 1346 tibi
1563 1284 1862 1347 virtutem

371 1380 710 1443 resistendi
736 1401 808 1444 ac
834 1382 1223 1463 praevalendi
1255 1382 1552 1463 malignis
1586 1382 1716 1444 illis
1746 1381 1868 1464 spi-

369 1478 625 1558 ritibus,
659 1480 898 1563 quibus
932 1490 996 1543 et
1023 1480 1236 1561 angeli
1266 1482 1472 1545 sancti
1500 1482 1867 1545 restiterunt

369 1598 442 1641 ac
491 1577 970 1661 praevaluerunt
1019 1580 1085 1642 in
1143 1580 1401 1643 exordio
1459 1581 1860 1656 saeculorum,

369 1696 497 1740 non
526 1677 994 1760 acquiescendo
1025 1678 1288 1741 elationi
1321 1678 1600 1755 illorum,
1622 1679 1731 1741 sed
1763 1697 1866 1760 po-

367 1776 495 1840 tius
527 1775 910 1858 expellendo
943 1777 1119 1859 ipsos
1148 1778 1228 1840 de
1267 1777 1538 1841 statione
1568 1776 1812 1839 coelesti
1847 1796 1858 1841 :

1975 794 2209 857 dicitiae
2246 795 2541 857 excolunt
2580 793 2999 857 honestatem.
3033 794 3149 856 Pro
3194 793 3273 854 iis
3312 811 3460 873 ergo

1974 893 2051 955 ad
2102 902 2301 956 totum
2344 912 2575 975 corpus
2614 893 2911 956 Ecclesiae
2949 892 3183 955 dicitur
3217 911 3230 956 :
3266 891 3465 966 Quam

1978 992 2260 1075 pulchrae
2291 1002 2441 1055 sunt
2470 1010 2647 1072 genae
2678 1000 2834 1055 tuaet
2884 1011 3156 1073 quarum
3186 990 3469 1073 pulchri-

1977 1091 2264 1153 tudinem
2293 1090 2539 1171 accepit
2570 1110 2646 1153 ex
2675 1090 2894 1153 osculo
2930 1088 3171 1172 sponsi.
3196 1090 3284 1151 Ex
3316 1098 3464 1151 tunc

1977 1189 2149 1252 enim
2194 1189 2449 1251 castitas
2494 1196 2557 1251 et
2607 1188 2915 1270 pudicitia
2962 1197 3152 1269 atque
3206 1187 3467 1269 virgini-

1979 1296 2093 1364 taS,
2117 1306 2262 1369 quae
2304 1288 2483 1370 prius
2523 1306 2651 1349 non
2696 1286 2973 1364 fuerant,
3008 1306 3122 1369 per
3163 1286 3461 1350 Ecclesiae

1974 1404 2169 1465 genas
2210 1386 2372 1449 miro
2401 1387 2629 1448 decore
2667 1384 2928 1448 diffusae
2958 1393 3109 1447 sunt
3141 1404 3155 1448 :
3190 1404 3333 1467 quae
3363 1402 3464 1465 ge-

1977 1503 2199 1545 narum
2234 1483 2594 1547 formositas
2628 1484 2857 1545 turturi
2890 1484 3468 1565 comparatur.'l'ur-

1977 1590 2189 1644 turum
2231 1582 2401 1645 enim
2445 1581 2648 1645 fertur
2691 1601 2831 1645 csse
2870 1590 3115 1658 natura,
3150 1589 3217 1643 ut
3258 1600 3465 1663 neque

1975 1681 2297 1743 masculus
2328 1689 2556 1763 praeter
2588 1700 2779 1743 unam
2812 1680 3114 1757 feminam
3145 1680 3327 1743 adeat
3355 1679 3465 1741 ali-

1976 1798 2102 1855 am,
2156 1798 2363 1861 neque
2415 1779 2650 1841 femina
2698 1778 2975 1860 amplius
3023 1797 3212 1859 quam
3267 1796 3464 1840 unum

365 1876 546 1957 juxta
579 1875 1131 1955 illud(secundum
1165 1897 1354 1940 unam
1378 1876 1867 1959 expositionem)
1904 1880 1948 1941 B
1981 1879 2255 1961 patiatur
2301 1898 2563 1955 marem,
2618 1878 2707 1939 ita
2763 1886 2832 1939 ut
2888 1896 3185 1960 compare
3233 1877 3467 1940 exstin-

261 2003 288 2031 ι
369 1974 434 2037 in
477 1975 865 2057 Apocalypsi
920 1994 934 2039 :
986 1976 1242 2039 Factum
1304 1984 1398 2038 est
1458 1975 1745 2059 praelium
1798 1974 1864 2036 in

365 2074 554 2137 coelO.
587 2072 854 2137 Michael
883 2082 946 2136 et
983 2074 1192 2155 angeli
1235 2074 1374 2155 ejus
1414 2074 1868 2155 praeliabantur

365 2190 512 2234 cum
545 2172 849 2247 dracone,
881 2180 947 2235 et
975 2172 1163 2235 draco
1196 2171 1518 2254 pugnabat
1557 2180 1619 2234 et
1656 2170 1863 2250 angeli

365 2271 547 2351 ejus3
581 2278 646 2332 et
690 2287 821 2332 non
859 2270 1357 2353 praevaluerunt,
1397 2288 1604 2351 neque
1647 2270 1868 2333 inven-

367 2377 468 2431 tus
493 2376 594 2431 est
625 2367 804 2431 locus
837 2387 1058 2431 eorum
1089 2368 1366 2451 amplius
1404 2368 1471 2429 in
1503 2368 1687 2431 coelo.
1711 2368 1866 2430 Hinc

367 2468 434 2530 in
463 2465 813 2549 Evangelio
843 2486 1117 2549 sponsus
1159 2467 1474 2549 promittit
1511 2466 1810 2530 Ecclesiae
1846 2484 1859 2528 ε

369 2566 528 2629 Ecce
559 2566 706 2629 dedi
732 2565 916 2629 vobis
949 2573 1327 2647 potestatem
1358 2565 1642 2629 calcandi
1678 2584 1868 2647 super

369 2673 702 2749 serpentes
741 2673 805 2727 et
849 2664 1216 2745 scorpiones
1265 2672 1328 2727 et
1368 2683 1560 2747 supra
1610 2684 1867 2728 omnem

373 2764 678 2829 virtutem
729 2762 1000 2824 inimici.
1042 2761 1154 2824 Cui
1200 2770 1264 2825 et
1308 2763 1373 2824 in
1423 2762 1670 2827 Psalmo
1727 2784 1870 2846 pro-

199 2898 226 2926 ι
329 2916 342 2933 ,
371 2862 654 2925 mittitur
686 2881 700 2925 z
737 2861 976 2923 Cadent
1007 2880 1044 2922 a
1071 2860 1270 2924 latere
1301 2869 1412 2925 tuo
1443 2861 1642 2940 mille,
1677 2871 1740 2925 et
1769 2864 1872 2927 de·

373 2981 508 3027 cem
544 2960 752 3023 millia
781 2979 818 3021 a
845 2960 1086 3022 dextris
1119 2960 1287 3039 tuis;
1321 2961 1624 3043 itemque,
1669 2962 1870 3044 Super

1977 1987 2101 2055 cto,
2137 1977 2464 2059 superstiti
2504 1996 2647 2040 cum
2690 1977 2963 2058 conjuge
3004 1976 3353 2039 exstinctus
3387 1976 3470 2037 sit

1977 2076 2356 2140 concubitus
2397 2094 2597 2139 amor.
2632 2075 3096 2139 Convenienter
3143 2075 3337 2156 igitur
3386 2074 3469 2136 si-

1979 2176 2275 2239 militudo
2309 2175 2566 2237 turturis
2594 2182 2851 2256 aptatur
2890 2174 3377 2255 pulchritudini,
3404 2174 3467 2237 id

1977 2284 2074 2338 est
2112 2274 2439 2357 pudicitiae
2476 2292 2548 2337 ac
2585 2272 2883 2349 castitati,
2918 2292 3221 2355 genarum
3258 2272 3469 2336 Eccle-

1978 2375 2088 2438 siae
2125 2393 2138 2436 ε
2178 2374 2329 2454 quia
2356 2372 2635 2436 Ecclesia
2666 2372 2929 2435 alterius
2964 2371 3086 2435 viri
3120 2379 3263 2454 post
3288 2372 3469 2435 Chri-

1979 2482 2143 2535 stum
2177 2472 2381 2535 nescit
2408 2471 2800 2553 conjugium,
2825 2479 2887 2533 et
2927 2470 3231 2551 quoniam
3263 2470 3467 2532 abun·

1979 2572 2197 2635 dantia
2236 2569 2561 2653 pudicitiae
2609 2588 2682 2632 ac
2730 2568 3142 2632 continentiae
3184 2568 3354 2650 viget
3401 2568 3467 2630 in

1979 2688 2073 2731 ca.
2117 2670 2259 2733 Haec
2310 2666 2772 2732 sententialiter
2815 2666 3138 2745 Origenes,
3170 2702 3251 2713 —
3278 2667 3468 2730 Porro

1978 2768 2318 2830 Anselmus
2349 2774 2412 2829 et.
2449 2766 2582 2842 alii,
2616 2784 2731 2847 per
2759 2783 2953 2846 genas
2992 2783 3243 2847 sponsae
3284 2766 3471 2828 intel-

1981 2865 2187 2945 ligunt
2226 2866 2516 2928 doctores
2554 2884 2629 2927 ac
2659 2864 3104 2946 praedicatores
3144 2863 3463 2942 Ecclesiae,

1980 2964 2283 3045 quoniam
2319 2980 2497 3042 genae
2536 2963 2757 3025 dentes
2806 2962 2975 3023 intra
3014 2980 3082 3024 se
3111 2961 3463 3039 continent,

371 3060 662 3143 aspidem
703 3066 764 3121 et
803 3057 1174 3121 basiliscum
1217 3058 1597 3137 ambulabiS‚
1624 3068 1687 3123 et
1726 3079 1870 3123 con·
1905 3066 1948 3129 C
1981 3072 2041 3125 et
2074 3082 2185 3145 per
2216 3081 2325 3125 eos
2356 3060 2713 3138 masticant,
2744 3067 2955 3122 terunt
2986 3067 3048 3122 et
3084 3058 3149 3121 in
3181 3068 3467 3124 ventrem

371 3158 660 3224 culcabis
691 3158 942 3221 leonem
975 3165 1038 3219 et
1069 3158 1433 3221 draconem.
1468 3159 1611 3221 ideo
1639 3159 1869 3221 Paulus

279 3296 340 3332 «ι,
371 3257 680 3323 disseruit
713 3276 728 3322 ε
762 3256 922 3318 Deus
951 3264 1238 3319 conteret
1281 3256 1573 3320 Satanam
1603 3257 1724 3320 sub
1765 3278 1872 3339 pe-

373 3358 566 3421 dibus
609 3354 842 3419 vestris
885 3354 1211 3419 velociter.

457 3458 766 3519 Pulchrae
801 3462 954 3514 sunt
989 3474 1172 3530 yeme
1206 3462 1331 3515 tuae
1366 3456 1534 3515 sieut
1568 3457 1867 3517 turturis.

373 3555 556 3619 Circa
586 3554 710 3616 hoc
749 3552 1034 3633 loquitur
1070 3550 1373 3632 Origenes
1409 3571 1423 3616 ε
1456 3553 1686 3615 Paulus
1729 3573 1875 3635 apo-

175 3686 242 3715 0r.
297 3653 581 3721 ...stolus
624 3652 716 3713 ait
761 3668 774 3712 :
820 3650 1064 3732 Corpus
1115 3667 1240 3712 non
1291 3658 1388 3713 est
1436 3670 1635 3713 unum
1682 3671 1874 3715 mem-

373 3751 588 3827 brum,
625 3750 736 3813 sed
768 3748 1010 3827 multa3
1061 3766 1174 3811 vos
1211 3757 1424 3811 autem
1458 3750 1608 3811 estis
1642 3768 1874 3833 corpus

373 3849 636 3925 Christi,
687 3857 750 3911 et
806 3846 1094 3910 membra
1141 3846 1220 3909 de
1268 3848 1576 3910 membro.
1635 3848 1708 3910 Et
1757 3850 1873 3912 ite-

333 3968 520 4015 .rum
561 3969 576 4014 :
623 3948 819 4011 Nemo
861 3963 1114 4008 carnem
1166 3963 1344 4007 suam
1396 3965 1681 4027 unquam
1728 3948 1876 4011 odio

379 4046 644 4122 habuit;
695 4046 807 4108 sed
851 4045 1026 4108 fovet
1065 4050 1130 4106 et
1175 4043 1372 4105 nutrit
1413 4062 1574 4122 eam,
1612 4045 1775 4109 sicut
1813 4056 1877 4111 et

375 4146 664 4211 Christus
705 4142 1052 4206 Ecclesiam
1088 4160 1101 4205 :
1133 4142 1286 4225 quia
1328 4143 1616 4207 membra
1655 4165 1874 4209 sumus

1981 3160 2329 3243 projiciunt
2388 3159 2605 3222 cibum
2662 3176 2675 3221 :
2732 3159 2824 3221 sic
2883 3158 3035 3222 boni
3093 3158 3337 3240 praelati
3398 3178 3470 3221 ac

1978 3260 2422 3342 praedicatores
2464 3258 2659 3321 verbo
2698 3257 2810 3319 Dei
2850 3256 3152 3320 reficiunt
3209 3256 3472 3319 audien-

1979 3367 2095 3435 teS‚
2129 3366 2192 3421 et
2229 3356 2608 3420 difficiliora
2652 3374 2923 3437 quaeque
2970 3355 3063 3417 eis
3107 3355 3292 3436 quasi
3342 3375 3472 3417 ma-

1981 3457 2269 3520 sticando
2311 3463 2376 3517 et
2416 3454 2764 3533 frangendo
2809 3461 3155 3535 exponunt.

2061 3556 2325 3636 Insuper
2351 3569 2530 3633 gcnae
2570 3570 2819 3633 sponsae
2859 3550 3158 3614 dicuntur
3189 3551 3471 3634 pulchrae

1983 3663 2052 3716 ut
2107 3651 2395 3729 turturiS,
2455 3650 2759 3733 quoniam
2821 3649 2959 3732 ipsa
3015 3649 3300 3712 Ecclesia
3357 3668 3473 3732 pro

1982 3752 2114 3815 suis
2147 3758 2210 3813 et
2238 3748 2525 3835 filiorum
2558 3767 2817 3811 suorum
2849 3746 3203 3810 defectibus
3235 3756 3299 3811 ct
3328 3766 3473 3831 pec-

1981 3850 2139 3914 catis
2172 3848 2654 3924 verecundatur,
2690 3854 2751 3909 et
2781 3865 2857 3909 ea
2884 3864 3027 3909 cum
3067 3845 3473 3929 poenitentia-

1983 3949 2030 4011 li
2072 3968 2144 4011 ac
2184 3944 2547 4030 sapientiali
2598 3946 2841 4028 pudore
2885 3944 3217 4008 humiliter
3265 3945 3473 4009 confi-

1983 4054 2174 4110 tetur.

2067 4148 2315 4207 Collum
2337 4154 2521 4205 tuum
2538 4144 2706 4203 sicut
2734 4141 3159 4204 monilia.Per
3186 4140 3475 4205 membra

375 4242 666 4325 corporis
714 4242 878 4323 ejus.
916 4240 1031 4303 Per
1079 4240 1212 4305 haec
1264 4240 1459 4323 igitur
1506 4242 1870 4319 edocemur,
1905 4248 1956 4309 D
1986 4262 2291 4326 corporea
2318 4242 2384 4305 in
2420 4243 2539 4305 hoc
2572 4240 2758 4316 libre,
2792 4248 2856 4303 et
2884 4259 2999 4322 per
3029 4258 3177 4303 aves
3208 4260 3282 4304 ac
3311 4248 3475 4305 cete·

374 4340 700 4424 quomodo
747 4358 984 4423 sponsa
1031 4340 1264 4403 Christi
1298 4342 1471 4422 (quae
1517 4350 1614 4405 est
1661 4342 1876 4406 Eccle-

373 4441 496 4519 sia)
529 4439 616 4501 sit
647 4457 882 4520 corpus
921 4437 1153 4500 Christi
1186 4446 1250 4501 et
1289 4438 1594 4502 membra.
1631 4440 1699 4503 ln
1741 4443 1876 4522 qui-

373 4540 498 4603 bus
527 4536 837 4601 membris
869 4535 1080 4615 [sicut]
1114 4544 1264 4598 sunt
1285 4537 1486 4619 aliqui
1518 4538 1628 4620 qui
1655 4540 1876 4603 dicun—

373 4646 482 4700 tur
519 4636 716 4712 oculi,
747 4653 864 4718 pro
907 4634 1345 4714 intelligentiae
1389 4636 1526 4699 sine
1569 4637 1766 4702 dubio
1812 4648 1876 4703 et

373 4734 664 4801 scientiae
694 4732 974 4812 lumine3
1005 4741 1070 4796 et
1097 4733 1208 4796 alii
1240 4753 1446 4811 aureS‚
1471 4754 1587 4817 pro
1615 4737 1876 4801 audien-

375 4834 460 4897 do
490 4832 690 4898 verbo
729 4832 1072 4911 doctrinae3
1116 4831 1227 4893 alii
1258 4852 1507 4910 manuS,
1540 4853 1656 4916 pro
1687 4835 1872 4899 bonis

373 4930 682 5015 operibus
714 4929 1161 5011 religiosisque
1189 4930 1592 4993 ministeriis:
1610 4932 1698 4994 ita
1723 4943 1874 4995 sunt

375 5030 580 5113 aliqui
632 5028 745 5110 qui
789 5038 852 5091 et
898 5047 1077 5109 genae
1123 5027 1266 5110 ejus
1313 5037 1638 5091 vocantur.
1685 5029 1872 5095 Genae

375 5137 590 5192 autem
625 5128 886 5208 [partes]
918 5125 1134 5189 vultus
1172 5127 1495 5203 dicuntur,
1529 5127 1595 5189 in
1634 5128 1873 5211 quibus

377 5227 682 5291 honestas
715 5231 780 5287 et
806 5224 1192 5288 verecundia
1221 5226 1450 5289 animae
1479 5243 1877 5306 cognoscun-

378 5334 528 5389 tur:
563 5342 680 5407 per
705 5324 880 5407 quod
920 5321 1061 5386 sine
1103 5322 1298 5387 dubio
1327 5324 1424 5387 illi
1465 5325 1532 5387 in
1562 5326 1875 5391 membris

1987 4364 2053 4407 ra
2083 4341 2432 4405 inanimata
2467 4359 2540 4402 ac
2585 4337 3001 4415 irrationalia,
3038 4338 3471 4421 spiritualium

1986 4459 2056 4503 ac
2105 4438 2509 4503 rationalium
2558 4455 2771 4500 rerum
2821 4437 3237 4519 proprietates
3274 4446 3468 4519 atque

1984 4537 2210 4602 officia
2255 4537 2691 4617 designantur.
2743 4534 2974 4615 Sicque
3032 4554 3146 4617 per
3203 4535 3464 4611 collum,

1985 4656 2112 4721 quo
2154 4644 2345 4719 caput
2383 4635 2672 4717 jungitur
2710 4632 2985 4716 corpori,
3019 4653 3131 4715 per
3169 4635 3340 4715 quod
3390 4635 3475 4698 ci·

1986 4737 2105 4800 bus
2148 4733 2473 4799 descendit
2520 4732 2585 4795 in
2632 4732 2872 4809 alvum,
2918 4733 3089 4814 quod
3136 4733 3331 4797 etiam
3389 4733 3477 4795 le·

1985 4843 2171 4897 vatur
2210 4833 2277 4896 in
2325 4832 2549 4909 altum,
2588 4831 3003 4910 designantur
3046 4830 3314 4913 praelati,
3358 4830 3470 4914 qui

1985 4933 2151 4995 inter
2194 4931 2389 4995 Deum
2430 4940 2495 4995 et
2538 4930 2847 5013 populum
2890 4928 3193 5006 mediant,
3232 4940 3295 4993 et
3340 4950 3473 5013 my-

1985 5032 2214 5094 sticum
2240 5048 2470 5112 corpus
2499 5028 2729 5092 Christi
2748 5030 2932 5109 (puta
2954 5027 3331 5107 Ecclesiam)
3354 5047 3471 5091 suo

1983 5128 2200 5211 capiti,
2225 5127 2523 5192 videlicet
2549 5126 2820 5202 Christo,
2853 5126 3174 5206 jungunt:
3209 5124 3313 5187 cui
3345 5125 3468 5189 sibi

1984 5226 2359 5291 commissos
2398 5223 2809 5289 reconciliare
2860 5231 3177 5300 tenentur,
3230 5224 3471 5287 orando

1985 5334 2048 5390 et
2091 5322 2517 5389 sacrificando
2553 5340 2670 5405 pro
2717 5322 2899 5405 ipsiS,
2928 5340 3166 5405 eosque
3206 5321 3474 5406 corripi-
