4284 6267
1018 529 1369 577 mutuno
1412 531 1477 577 IN
1518 531 1655 579 GAP.
1702 532 1853 577 xxxl
1894 532 2379 580 rnovnnmonmt.
2427 554 2506 565 —
2546 536 2690 581 ΛΒΤ.
2735 536 2883 582 xxxi

3383 516 3500 581 199

388 708 761 762 mentorum
798 701 1079 764 maculas
1125 702 1369 780 odienS,
1403 711 1465 767 et
1511 702 1899 767 sensualium
1932 703 1982 765 A
2016 724 2111 767 nae
2153 724 2412 788 prorsus
2459 709 2798 771 renuntiet.
2833 709 3198 772 Munditiam
3242 725 3500 790 quoque

388 796 816 861 affectionum
852 798 1205 863 foeditatem
1245 801 1617 879 abhorrenS,
1652 801 1903 864 castita-

388 897 473 958 tis
522 906 585 960 et
623 896 1017 977 virginitatis
1058 898 1311 981 fulgore
1356 910 1641 977 ornatur,
1688 909 1751 964 et
1801 921 1901 964 ca-

390 995 579 1059 ritate
622 995 725 1059 sui
766 994 1081 1061 Creatoris
1124 1000 1397 1078 ardenti,
1431 1008 1735 1082 tanquam
1785 1021 1901 1064 nu-

390 1093 573 1176 ptiali
606 1104 808 1174 veste,
844 1116 913 1159 se
944 1096 1151 1161 fulcit.

206 1197 269 1251 23
472 1197 733 1257 Nobilis
752 1198 826 1256 in
846 1198 1060 1273 porcis
1080 1200 1188 1258 vir
1210 1200 1368 1275 eju-³,
1382 1202 1645 1279 quando
1664 1202 1899 1262 sederit

385 1316 537 1357 cum
564 1297 965 1355 senatoribus
996 1305 1202 1359 terroe.
1237 1296 1350 1360 Vir
1388 1297 1688 1360 Ecclesiae
1724 1297 1898 1360 Chri-

388 1402 527 1456 stus
578 1400 699 1469 est,
731 1393 845 1474 qui
887 1394 953 1456 in
994 1394 1204 1477 primo
1249 1414 1363 1459 suo
1401 1396 1679 1459 adventu
1722 1416 1759 1460 a
1793 1397 1897 1459 Ju-

386 1489 543 1553 daeis
576 1490 641 1553 in
678 1498 921 1553 tantum
955 1501 1359 1574 contemptus
1388 1501 1499 1570 est,
1520 1501 1581 1555 et
1613 1502 1896 1575 tempore

389 1589 711 1670 passionis
752 1608 885 1653 suae
922 1590 1170 1668 irrisuS,
1204 1600 1274 1654 ut
1313 1591 1587 1655 fateatur
1627 1592 1693 1654 in
1732 1592 1899 1654 Psal-

140 1707 347 1757 raum.
390 1705 495 1749 mo
522 1688 697 1768 :Ego
726 1697 939 1752 autem
973 1709 1115 1752 sum
1140 1690 1391 1763 vermis
1416 1700 1481 1753 et
1510 1709 1637 1755 non
1670 1690 1893 1770 homo;

390 1786 816 1869 opprobrium
860 1787 1218 1866 hominum,
1250 1797 1315 1852 et
1341 1790 1618 1871 abjectio
1661 1790 1891 1873 plebiS.

2012 804 2222 866 cordis
2273 804 2427 867 facit
2470 805 2535 868 in
2589 805 2749 869 filiis
2797 807 2952 884 suiS‚
2999 825 3160 889 quos
3207 804 3500 887 exemplo

2010 911 2074 965 et
2103 903 2299 967 verbo
2339 905 2417 967 ad
2461 905 2634 968 illam
2677 906 2964 969 hortatur
2996 926 3011 971 ε
3047 924 3239 986 quam
3282 903 3501 968 vendit

2008 1001 2272 1079 eisdem,
2321 1003 2623 1084 quoniam
2675 1004 3102 1068 obedientiam
3153 1002 3370 1084 exigit.
3417 1006 3500 1064 Ec

2008 1103 2350 1177 cinqulum
2381 1104 2658 1163 tradidit
2690 1104 3052 1163 Chananoeo
3074 1122 3096 1161 .·
3121 1102 3186 1163 id
3215 1108 3331 1176 est,
3355 1119 3501 1163 con-

2008 1216 2226 1260 versos
2270 1216 2347 1261 ex
2390 1200 2743 1278 gentilitate
2785 1200 3003 1262 docuit
3045 1199 3296 1262 lumbos
3339 1216 3500 1261 zona

2006 1295 2316 1360 castitatis
2348 1298 2736 1379 praecingere
2756 1318 2770 1363 :
2789 1298 3027 1380 quibus
3058 1297 3312 1380 scripsit
3343 1299 3500 1380 Apo-

2008 1396 2211 1459 stolus
2245 1397 2324 1459 ad
2375 1395 2682 1477 Ephesios
2729 1396 2984 1477 quinto,
3033 1396 3389 1459 Fornicatio
3433 1404 3496 1459 et
3525 1414 3789 1469 Ephema.

2009 1495 2408 1559 immunditia
2437 1514 2554 1557 nec
2583 1496 2950 1558 nominetur
2981 1496 3048 1557 in
3079 1495 3296 1575 vobis3
3319 1494 3496 1558 item-

2005 1615 2133 1677 que
2183 1593 2360 1671 alibi,
2407 1594 2648 1675 Spiritu
2693 1594 3037 1671 ambulate,
3081 1604 3144 1657 et
3177 1594 3493 1658 desideria
3522 1610 3794 1665 calamae.

2006 1693 2216 1757 carnis
2257 1712 2381 1755 non
2429 1691 2799 1776 perficietis,
2833 1695 3175 1755 Fortitudo
3210 1704 3271 1755 et
3308 1697 3496 1755 decor
3621 1706 3693 1761 25

2008 1795 2468 1852 indumentum
2495 1792 2646 1868 eju-3.
2666 1791 2996 1855 Fortitudo
3029 1810 3154 1855 uno
3185 1792 3372 1855 modo
3402 1798 3501 1853 est

141 1904 351 1953 amau.
392 1886 477 1948 De
512 1904 648 1967 quo
698 1886 863 1949 Deus
905 1886 1087 1950 Pater
1125 1886 1358 1951 fatetur
1401 1906 1415 1951 ε
1460 1888 1635 1952 Sicut
1682 1888 1897 1952 obstu-
1936 1894 1981 1954 B
2010 1909 2208 1953 unum
2241 1890 2320 1952 de
2351 1897 2589 1971 septem
2621 1890 2844 1970 donis3
2874 1890 3002 1954 alio
3031 1891 3221 1953 modo
3249 1898 3347 1952 est
3376 1890 3502 1954 vir·
3559 1914 3622 1958 12.
3646 1928 3702 1965 ιι,
3723 1916 3764 1957 2.

392 1993 677 2067 puerunt
717 2004 911 2068 super
943 1994 1003 2049 te
1046 1986 1255 2063 multi,
1292 1986 1383 2050 sic
1430 1986 1739 2069 inglorius
1777 1988 1897 2051 crit

394 2082 559 2146 inter
599 2082 775 2147 viros
817 2085 1154 2166 adspectus
1198 2086 1361 2167 ejuS‚
1405 2093 1468 2149 et
1509 2085 1711 2148 forma
1760 2086 1898 2168 ejus

394 2182 562 2245 inter
594 2181 774 2246 filios
814 2182 1173 2246 hominum.
1208 2184 1293 2247 De
1333 2203 1462 2266 quo
1496 2204 1717 2247 rursus
1748 2186 1902 2249 scri-

130 2299 363 2349 ιῡεωιιφ.
392 2280 567 2343 bitur
585 2280 1075 2363 :‚Reputavimus
1104 2300 1249 2345 eum
1273 2284 1452 2363 quasi
1477 2283 1822 2364 leprosum,
1840 2292 1904 2347 et

394 2398 774 2461 percussum
806 2399 843 2441 a
875 2379 1023 2443 Deo,
1047 2379 1163 2454 Qui
1194 2380 1387 2442 etiam
1420 2400 1621 2462 usque
1651 2381 1718 2443 in
1752 2401 1905 2464 prae-

393 2497 543 2541 sens
571 2476 655 2541 ab
688 2477 1039 2542 incredulis
1068 2480 1415 2562 spernitur,
1431 2488 1621 2562 atque
1651 2500 1687 2543 a
1715 2482 1903 2543 malis

391 2576 777 2640 Christianis
810 2577 953 2641 dire
982 2577 1663 2643 inhonoratur.Verum
1701 2580 1767 2641 in
1799 2579 1903 2641 die

392 2674 645 2757 judicii,
700 2695 903 2757 quum
946 2661 1191 2739 'sederit
1249 2696 1397 2740 cum
1448 2677 1788 2759 ApostoliS,
1841 2686 1905 2740 et

392 2773 751 2857 Prophetis,
777 2775 1137 2856 ceterisque
1165 2774 1473 2859 perfectis
1511 2777 1588 2838 ad
1618 2776 1907 2858 judican-

395 2873 549 2936 dum
591 2874 933 2937 universos
972 2873 1037 2935 in
1071 2874 1293 2957 portis,
1331 2874 1451 2938 hoc
1491 2875 1682 2937 estin
1724 2875 1907 2938 exiti-

122 2992 369 3042 umum,
395 2971 515 3035 bus
553 2971 828 3049 ultimiS,
863 2973 1123 3053 quando
1162 2981 1225 3035 et
1265 2973 1329 3035 hi
1373 2972 1559 3035 ibunt
1598 2973 1665 3035 in
1707 2974 1902 3037 vitam

122 3060 181 3100 δῦ.

396 3186 545 3231 vere
588 3167 829 3231 nobilis
880 3168 1237 3250 apparebit,
1272 3177 1336 3233 et
1381 3189 1669 3233 summus
1716 3178 1905 3251 atque

394 3266 809 3349 omnipotens
836 3266 920 3330 ab
948 3265 1248 3329 omnibus
1278 3277 1680 3349 agnoscetur,
1712 3287 1903 3350 quan-

124 3389 277 3441 ιιω,
298 3392 365 3434 2⁵.
394 3366 500 3442 do,
533 3376 607 3427 ut
636 3364 826 3427 isaias
865 3365 1181 3447 praedixit,
1216 3366 1311 3429 Ad
1342 3385 1487 3429 eum
1527 3368 1809 3443 venient,
1843 3376 1905 3430 et

396 3463 880 3528 confundentur
908 3483 1131 3528 omnes
1159 3465 1271 3546 qui
1300 3474 1657 3548 repugnant
1686 3466 1767 3529 ei.
1794 3467 1906 3530 De-

124 3584 367 3636 nudasti.
398 3563 599 3644 nique
629 3563 709 3626 de
740 3563 863 3626 hoc
894 3562 1065 3625 idem
1095 3562 1410 3645 Propheta
1442 3563 1610 3625 fatur
1645 3586 1658 3628 :
1698 3565 1906 3627 Domi-

398 3681 521 3725 nus
564 3662 646 3724 ad
686 3661 1005 3744 judicium
1047 3663 1264 3726 veniet
1309 3681 1454 3725 cum
1498 3662 1761 3725 senibus
1801 3682 1906 3745 po-

398 3759 535 3843 puli
580 3760 702 3835 sui,
744 3767 810 3823 et
859 3759 1261 3842 principibus
1311 3761 1466 3842 ejus.
1503 3760 1680 3823 Unde
1728 3770 1791 3825 et
1840 3762 1903 3824 in

144 3870 257 3913 παι
280 3873 342 3915 ιι.
396 3858 717 3922 canonica
746 3857 809 3921 S.
833 3859 1009 3922 Judae
1038 3859 1309 3939 apostoli
1344 3877 1357 3921 ε
1391 3859 1553 3923 Ecce
1583 3860 1762 3923 venit
1790 3861 1907 3923 Do-

399 3958 616 4021 minus
663 3956 727 4019 in
774 3956 1023 4020 Sanctis
1064 3957 1353 4021 millibus
1402 3957 1556 4021 suiS.
1606 3959 1711 4021 lsti
1757 3968 1907 4021 sunt

122 4066 369 4119 Mem-m.
400 4066 731 4119 senatores
781 4055 1017 4137 quibus
1066 4056 1359 4138 praedixit
1405 4056 1693 4120 Salvator
1727 4077 1740 4120 :
1775 4057 1900 4121 Vos

124 4130 183 4173 ²⁸·
398 4156 511 4237 qui
555 4154 750 4217 secuti
778 4152 933 4216 estis
972 4173 1098 4231 me,
1132 4154 1433 4217 sedebitis
1476 4174 1666 4237 super
1696 4156 1898 4233 sedeS,

2009 1997 2111 2051 tus
2140 1987 2482 2051 cardinalis
2509 2007 2524 2051 :
2549 1996 2612 2049 et
2643 1995 2914 2069 utroque
2943 1988 3132 2051 modo
3161 1996 3368 2069 potest
3398 1987 3504 2049 hic

2008 2085 2236 2167 accipi.
2272 2086 2482 2149 Potest
2511 2085 2702 2148 etiam
2737 2085 2843 2149 hic
2873 2086 3040 2149 sumi
3070 2104 3185 2169 pro
3215 2094 3506 2149 constan-

2010 2184 2098 2246 tia
2145 2183 2376 2260 cordiS,
2411 2202 2522 2246 seu
2570 2202 2685 2266 pro
2735 2184 3041 2267 patientia
3087 2183 3151 2246 in
3194 2183 3499 2246 adversis,

2011 2282 2211 2345 Decor
2241 2299 2393 2343 vero
2436 2280 2542 2343 hic
2571 2281 2845 2343 sumitur
2876 2299 2993 2363 pro
3035 2280 3505 2364 supernaturali

2012 2389 2240 2444 ornatu
2271 2378 2488 2460 gratiae
2519 2398 2591 2441 ac
2621 2379 2878 2442 virtutis
2917 2379 3148 2443 infusae
3179 2398 3195 2460 3
3247 2378 3348 2443 vel
3389 2397 3505 2462 pro

2013 2479 2325 2543 modestia
2358 2497 2372 2542 :
2407 2479 2486 2541 de
2521 2497 2649 2560 qua
2688 2480 2779 2541 ait
2810 2478 3174 2561 ApostoluS‚
3209 2478 3506 2542 Modestia
3536 2498 3797 2555 Philsppav,

2013 2587 2226 2645 vestra
2272 2585 2420 2641 nota
2467 2578 2552 2641 sit
2595 2577 2895 2641 omnibus
2942 2576 3352 2656 hominibus3
3397 2586 3508 2641 aut
3534 2566 3575 2606 ⁵·

2015 2696 2131 2761 pro
2176 2675 2471 2739 exteriori
2511 2683 2848 2740 venustate
2891 2675 2956 2737 in
2999 2675 3176 2739 omni
3227 2675 3503 2753 incessu,

2012 2784 2196 2857 gestu
2241 2782 2304 2837 et
2346 2782 2655 2856 apparatu
2696 2794 2770 2837 ac
2812 2774 3122 2837 moribus,
3143 2777 3228 2837 Ec
3271 2775 3508 2835 ridebit

2014 2878 2086 2936 in
2114 2876 2224 2934 die
2251 2874 2596 2934 novissimo
2626 2892 2649 2933 .·
2681 2872 2832 2954 quia
2870 2881 3022 2935 tunc
3053 2873 3120 2935 in
3152 2890 3416 2955 corpore
3443 2879 3509 2934 et

2015 2972 2228 3037 anima
2274 2968 2749 3051 glorificabitur
2802 2970 3064 3034 omnino
3108 2970 3502 3053 plenissime.

394 3078 723 3148 aeternam,
752 3069 819 3131 hi
852 3069 919 3132 in
949 3070 1249 3134 aeternale
1278 3070 1662 3154 supplicium
1702 3090 1715 3134 ε
1754 3080 1904 3135 tunc
1941 3067 1983 3129 C
2011 3072 2190 3134 Unde
2227 3069 2317 3133 ait
2359 3068 2644 3133 Salvator
2680 3087 2694 3131 :
2729 3068 2896 3132 Beati
2942 3069 3054 3150 qui
3094 3088 3265 3131 nunc
3307 3067 3502 3146 fletis,
3536 3087 3797 3137 Lamum.

2014 3170 2166 3252 quia
2222 3167 2534 3231 ridebitis.
2596 3168 2938 3231 Laetabitur
2995 3184 3252 3249 quoquc
3305 3186 3504 3249 quum
3538 3187 3798 3239 Parvum.

2016 3270 2249 3335 viderit
2295 3268 2668 3331 vindictam.
2703 3268 2860 3331 Hinc
2897 3267 3202 3330 Dominus
3249 3267 3340 3330 ait
3387 3267 3507 3331 ele-

2013 3368 2134 3431 ctis
2178 3386 2292 3450 per
2329 3365 2705 3447 Prophetam
2747 3384 2760 3427 :
2795 3364 3044 3428 Salietis
3086 3365 3266 3445 quasi
3314 3365 3502 3429 vituli
3534 3384 3798 3437 Mazacam,

2013 3468 2091 3530 de
2148 3473 2458 3538 armento,
2503 3473 2566 3526 et
2620 3464 2946 3527 calcabitis
2999 3462 3252 3544 impios,
3305 3464 3381 3525 Et
3438 3464 3503 3527 in
3534 3449 3636 3499 ²⁰⁹⁶·

2014 3562 2360 3645 Evangelio
2406 3562 2692 3627 Christus
2728 3579 2742 3624 ε
2777 3562 2997 3636 Amen,
3031 3581 3239 3638 amen,
3269 3562 3498 3644 inquit,
3548 3582 3794 3634 Joaumv..

2013 3666 2158 3727 dieo
2191 3662 2393 3737 vohis,
2429 3660 2582 3742 quia
2614 3659 2946 3742 plorabitis
2975 3668 3038 3722 et
3068 3659 3313 3723 flebitis
3345 3678 3499 3739 v0s3
3532 3645 3600 3689 ²⁰·

2014 3763 2123 3825 sed
2156 3760 2414 3823 tristitia
2443 3767 2652 3822 vestra
2683 3766 2964 3821 vertetur
2995 3758 3062 3820 in
3092 3758 3417 3838 gaudium.

2095 3865 2175 3924 Os
2200 3882 2392 3921 suum
2426 3860 2686 3936 aperuit
2714 3858 3050 3935 sapientise
3079 3878 3100 3917 .·
3132 3856 3194 3919 id
3225 3864 3341 3932 est,
3367 3865 3503 3919 tan·
3627 3864 3698 3919 26

2014 3969 2075 4022 ta
2104 3959 2314 4023 cordis
2343 3958 2644 4020 aviditate
2675 3954 2921 4019 audivit
2941 3954 3341 4038 sapientialia
3368 3975 3503 4019 ver-

2011 4058 2093 4120 ba
2149 4065 2212 4120 et
2267 4054 2684 4118 saluberrima
2742 4055 3144 4130 documenta,
3195 4054 3369 4134 quod
3426 4073 3501 4116 ex

2010 4153 2417 4220 vehementia
2461 4152 2788 4228 desiderii,
2821 4153 3011 4215 etiam
3061 4170 3132 4215 os
3174 4152 3502 4233 corporale

396 4253 759 4336 iudicantes
789 4252 1127 4316 duodecim
1160 4253 1363 4316 tribus
1394 4253 1605 4316 lsrael.
1636 4254 1723 4317 De
1760 4255 1903 4336 qui·
1934 4262 1983 4323 D
2012 4255 2282 4339 aperuit,
2309 4254 2474 4316 sicut
2497 4251 2834 4314 asseritur:
2854 4250 2970 4325 Qui
3001 4270 3104 4313 me
3133 4250 3499 4327 audiebant,
3579 4272 3665 4317 10⁶
3680 4288 3791 4325 mx,

122 4364 367 4417 mama-t.
400 4352 521 4416 bus
560 4351 654 4414 ait
688 4350 1022 4414 Psalmista
1057 4369 1071 4413 :
1104 4351 1467 4416 Constitues
1512 4371 1621 4415 eos
1664 4353 1901 4436 princi-

399 4470 513 4533 pes
542 4467 737 4531 super
764 4468 1023 4513 omnem
1055 4457 1302 4511 terram.
1316 4449 1661 4514 Consuevit
1689 4460 1898 4515 autem

399 4548 553 4612 olim
589 4546 737 4610 fieri
768 4546 1081 4629 judicium
1121 4547 1328 4630 plebis
1360 4548 1424 4609 in
1458 4549 1715 4611 urbium
1758 4568 1902 4631 por-

402 4647 505 4721 tis,
542 4654 613 4709 ut
649 4645 895 4709 dictum
933 4654 1032 4709 est
1076 4666 1265 4729 saepe.
1305 4647 1447 4711 ldeo
1489 4647 1579 4710 ait
1610 4668 1624 4713 :
1660 4648 1900 4711 Nobilis

402 4744 469 4808 in
498 4745 704 4826 portis
735 4744 835 4806 vir
865 4745 1029 4825 ejus.

210 4848 281 4904 24
482 4844 843 4905 sindonem
872 4842 1058 4920 fecit,
1084 4852 1144 4903 et
1173 4846 1495 4905 vendidit.
1529 4843 1644 4907 Per
1690 4844 1904 4907 sindo-

406 4940 955 5017 nem,innocentia
986 4960 1098 5005 seu
1128 4942 1371 5023 puritas
1400 4942 1633 5003 mentis
1667 4942 1903 5005 insinu-

402 5046 567 5101 atur.
588 5038 875 5101 Ecclesia
905 5046 1115 5101 autem
1157 5040 1225 5101 in
1254 5038 1575 5121 Baptismo
1606 5040 1903 5103 innocen-

408 5137 557 5199 tiam
592 5134 1104 5199 ministerialiter
1134 5135 1288 5199 facit
1321 5154 1335 5198 :
1366 5156 1556 5219 quam
1588 5138 1903 5220 baptizato

404 5235 682 5299 vendere
732 5233 1131 5317 perhibetur,
1188 5234 1340 5317 quia
1388 5234 1657 5316 requirit
1702 5235 1783 5299 ab
1830 5255 1903 5300 eo

406 5340 477 5399 ut
526 5332 708 5397 illam
758 5332 1099 5411 custodiat,
1150 5340 1341 5414 atque
1389 5332 1689 5417 operibus
1739 5332 1908 5399 Sata-

2012 4353 2464 4435 exspeetabant
2493 4349 2904 4429 sententiam3
2929 4348 3379 4431 exspectabant
3401 4369 3504 4414 me
3531 4338 3595 4387 ²¹·
3611 4339 3678 4379 ²³·

2016 4453 2180 4515 sicut
2201 4450 2503 4532 pluviam,
2522 4456 2584 4511 et
2606 4466 2678 4510 os
2707 4467 2892 4509 suum
2925 4447 3296 4530 aperiebant
3317 4449 3499 4531 quasi

1972 4578 1978 4585 ·
2012 4552 2091 4614 ad
2111 4549 2379 4612 imbrem
2405 4547 2774 4609 serotinum.
2791 4545 3000 4607 Potest
3024 4546 3216 4609 etiam
3238 4566 3352 4629 per
3373 4546 3502 4611 oris

2014 4649 2434 4732 apertionem,
2469 4644 2849 4727 praeparatio
2880 4651 2943 4706 et
2973 4641 3239 4707 affectio
3266 4644 3498 4720 cordis,

2014 4764 2142 4829 quo
2171 4745 2495 4807 internum
2527 4742 2793 4808 verbum
2818 4739 3164 4823 profertur,
3202 4741 3496 4821 intelligi.

2012 4846 2151 4921 Vel,
2183 4842 2262 4907 Os
2294 4861 2480 4905 suum
2521 4842 2776 4923 aperuit
2815 4839 3170 4922 sapientiae,
3203 4841 3267 4902 id
3297 4849 3395 4903 est
3419 4840 3498 4903 ad

2012 4941 2469 5026 proferendum
2495 4959 2567 5002 ac
2593 4938 3070 5020 praedicandum
3095 4936 3286 5002 verba
3307 4956 3500 5001 sacrae

2010 5040 2340 5114 doctrinae,
2374 5038 2543 5100 etad
2585 5036 2890 5099 honorem
2925 5036 3264 5118 Sapientiae
3301 5034 3502 5098 incre·

2010 5147 2152 5214 atae,
2186 5136 2476 5200 devitans
2509 5132 2797 5216 proferre
2833 5133 3029 5197 verba
3059 5132 3364 5209 stultitias,
3385 5132 3502 5193 im-

2012 5236 2198 5319 plens
2242 5233 2412 5314 quod
2463 5232 2554 5293 ait
2593 5229 2934 5313 Apostolus
2979 5252 2993 5295 ε
3031 5231 3246 5295 Omnis
3291 5247 3498 5292 sermo
3557 5254 3792 5310 Ephe-,m

2013 5332 2221 5398 malus
2253 5349 2328 5393 ex
2357 5348 2468 5393 ore
2497 5337 2710 5393 vestro
2741 5348 2872 5393 non
2904 5329 3224 5412 procedat,
3247 5328 3357 5390 sed
3387 5326 3498 5408 qui
3529 5320 3598 5362 ²⁹·
