4284 6267
883 502 1001 566 204

1472 518 1825 565 immuto
1867 518 1931 565 m
1972 518 2111 565 GAP.
2159 519 2313 565 xxxl
2355 516 2841 565 Pnovmmonmt.
2886 535 2967 546 —
3007 518 3149 563 ΛΒΤ.
3195 516 3392 563 xxxm

888 692 1119 751 timens
1148 692 1522 762 Dominum,
1540 688 1603 751 id
1635 697 1730 751 est
1761 688 2085 772 Scriptura
2111 690 2192 753 ad
2225 688 2386 752 filia·
2412 691 2464 753 A
2491 698 2555 753 et
2582 688 2748 752 actio
2778 687 3084 751 habitum.
3103 687 3304 762 Quum
3333 705 3481 768 ergo
3509 684 3806 750 universa
3828 703 3980 768 quae

886 787 1012 851 lem
1056 788 1166 852 Dei
1208 788 1501 853 timorem
1550 788 1882 865 inducens,
1916 792 2058 868 ipsa
2087 790 2385 851 laudabi-

2490 789 2696 864 docet,
2749 786 2950 869 jubet,
3003 786 3408 868 consulitque
3453 784 3793 867 Scriptura,
3845 781 3982 844 sint

687 886 755 943 31
885 896 1013 949 tur.
1046 890 1211 949 Date
1246 890 1309 948 ei
1344 892 1423 949 de
1450 890 1676 966 fructu
1714 908 2034 949 manuum
2070 910 2380 949 suarum:
2491 907 2661 965 vera,
2695 887 3000 965 virtuosa,
3021 887 3307 963 honesta,
3341 886 3414 948 ad
3448 884 3978 967 perfectissimam

880 985 942 1048 id
974 995 1090 1063 est,
1125 1005 1246 1069 pro
1276 985 1502 1049 notitia
1536 986 1713 1063 fidei,
1747 987 2039 1050 succedat
2067 988 2126 1049 ei
2160 986 2382 1050 notitia
2491 987 2598 1050 Dei
2643 985 3070 1063 dilectionem,
3104 994 3168 1048 et
3203 985 3450 1069 plenam
3491 982 3589 1046 sui
3633 982 3828 1065 ipsius
3865 982 3980 1045 ab·

880 1083 1147 1162 facialis,
1180 1094 1246 1147 et
1284 1084 1587 1149 studiosis
1630 1084 1697 1147 in
1737 1104 1811 1147 ea
1855 1085 2039 1148 detur
2080 1085 2380 1149 beatifica
2491 1084 2916 1167 negationem,
2959 1093 3148 1165 atque
3186 1083 3590 1167 purissimam
3629 1081 3860 1143 mentis
3907 1080 3974 1143 in

876 1183 1039 1246 visio
1067 1202 1182 1265 pro
1212 1185 1525 1246 mercede.
1545 1185 1631 1244 Ec
1662 1187 1931 1245 laudent
1959 1204 2101 1245 eam
2132 1187 2206 1244 in
2228 1204 2380 1262 por·
2491 1185 2614 1247 Deo
2663 1184 3174 1247 recollectionem
3224 1202 3295 1247 ac
3340 1181 3790 1244 stabilitionem
3838 1189 3978 1242 ten-

878 1284 958 1343 tis
985 1302 1179 1360 opera
1205 1284 1366 1360 ejuS.
1395 1282 1484 1344 Ex
1516 1282 1817 1364 operibus
1851 1282 2087 1345 etenim
2126 1284 2204 1345 ad
2235 1302 2378 1365 quae
2488 1283 2724 1360 dentia,
2758 1282 3172 1358 conferentia,
3211 1281 3499 1345 ordinata
3535 1297 3548 1341 ε
3587 1287 3759 1361 patet
3799 1279 3973 1361 quod

876 1401 1055 1446 sacra
1109 1382 1345 1445 inducit
1399 1382 1747 1464 Scriptura,
1806 1382 2113 1465 probatur
2170 1382 2377 1465 qualis
2489 1381 2627 1463 ipsa
2656 1381 2982 1463 Scriptura
3018 1381 3102 1444 sit
3138 1400 3396 1463 prorsus
3431 1378 3762 1453 laudanda,
3795 1396 3972 1439 sacra

877 1482 960 1544 sit
990 1481 1149 1563 ipsa.
1184 1480 1476 1564 Operatio
1506 1481 1804 1563 equidem
1837 1482 2047 1562 arguit
2080 1481 2372 1558 formam,
2485 1489 2678 1562 atque
2719 1480 2959 1544 divina.

1152 2184 1465 2232 Exposmo
1508 2186 1773 2231 musonii
1816 2184 2077 2243 cANrrcl,
2121 2185 2198 2230 nu
2242 2184 2699 2231 GLoR10s1ssmA
2739 2184 2986 2231 vincum
3027 2184 3226 2229 MAmA
3267 2184 3684 2231 cnmsrmssm.

997 2466 1099 2527 AL
1115 2464 1459 2529 OMONEM
1496 2465 1864 2548 praevidisse
1904 2465 1969 2526 in
2012 2463 2241 2547 spiritu
2281 2464 2373 2525 in·
2407 2465 2452 2526 B
2482 2465 2589 2547 qui
2622 2464 2831 2528 Sancti
2861 2465 3446 2547 exponunt.Melius
3474 2473 3680 2528 autem
3714 2469 3971 2549 exponi-

1022 2564 1453 2629 carnationem
1490 2564 1804 2645 unigeniti
1834 2564 1977 2626 Filii
2011 2564 2119 2627 Dei
2151 2564 2228 2626 ad
2261 2562 2375 2626 sal·
2483 2573 2584 2626 tur
2613 2565 2691 2627 de
2720 2564 3191 2645 Christo‚cujus
3223 2564 3359 2647 ipsa
3393 2562 3515 2627 fuit
3546 2573 3607 2629 ct
3635 2573 3731 2627 est
3760 2567 3971 2647 singu-

875 2665 1151 2727 vandum
1185 2683 1388 2745 genus
1420 2664 1793 2741 humanum,
1817 2682 1893 2725 ex
1922 2661 2202 2726 Canticis
2233 2682 2373 2725 can·
2481 2662 2631 2725 laris
2664 2680 2897 2745 sponsa
2925 2681 2937 2725 :
2962 2663 3072 2746 qui
3115 2664 3324 2726 sciens
3351 2682 3489 2726 eam
3521 2663 3968 2727 confirmatam

876 2763 1146 2827 ticorum
1207 2762 1561 2826 certissime
1618 2771 1885 2825 constat.
1946 2761 2120 2836 Quod
2177 2762 2368 2824 etiam
2481 2762 2546 2824 in
2576 2762 2801 2843 gratia,
2837 2762 3230 2826 certissimus
3263 2762 3386 2825 fuit
3421 2763 3500 2825 de
3545 2763 3718 2826 omni
3761 2764 3968 2846 ipsius

876 2881 1088 2927 veram
1140 2860 1436 2925 deitatem
1482 2860 1623 2924 Filii
1676 2861 1783 2923 Dei
1834 2861 2155 2942 cognovit,
2203 2859 2372 2923 clare
2482 2859 2816 2937 fidelitate,
2857 2860 3168 2943 profectu,
3204 2862 3579 2925 constantia.
3621 2864 3869 2924 Reddet
3905 2866 3969 2923 ei
4097 2876 4158 2930 12

582 2983 846 3088 'From-n,
877 2961 1084 3044 patuit
1123 2969 1347 3024 octavo
1395 2959 1846 3041 tricesimoque
1898 2959 2216 3041 capitulis·
2267 2958 2372 3021 Sa-
2479 2964 2740 3031 boreum,
2760 2970 2819 3020 et
2847 2982 2976 3021 non
3010 2965 3283 3031 malum,
3305 2962 3597 3021 omnibus
3625 2963 3848 3021 diebus
3877 2964 3970 3022 vi-

610 3049 823 3097 23xxx,4.

875 3060 1091 3124 lomon
1133 3077 1283 3140 ergo
1326 3059 1597 3141 desuper
1640 3060 1895 3141 copiose
1944 3058 2365 3133 illuminatuS‚

873 3159 1082 3223 sciens
1104 3157 1327 3220 mundi
1362 3157 1630 3221 salutem
1662 3177 1739 3221 ex
1767 3158 1910 3219 Filii
1944 3158 2051 3221 Dei
2087 3158 2372 3220 incarna-

875 3257 1045 3321 tione
1076 3257 1374 3339 pendere,
1393 3275 1509 3319 nec
1538 3257 1770 3319 decens
1800 3276 1938 3319 esse
1959 3255 2369 3336 Unigenitum

870 3357 981 3421 Dei
1030 3356 1346 3420 incarnari
1394 3356 1515 3418 nisi
1558 3375 1635 3418 ex
1674 3355 2094 3419 mundissima
2131 3374 2206 3418 ac
2245 3355 2371 3417 vir-

871 3455 1237 3519 tuosissima
1275 3454 1569 3531 muliere,
1606 3455 1735 3518 imo
1774 3463 1835 3516 et
1878 3453 2125 3535 virgine
2160 3471 2174 3515 :
2207 3453 2371 3517 affe-

870 3563 1110 3630 ctuosa,
1136 3553 1503 3627 admirante,
1529 3553 2123 3634 gratulabundaque
2157 3561 2370 3616 mente

2480 3072 2560 3123 tce
2600 3082 2754 3121 succ.
2798 3059 3232 3122 Sacratissima
3271 3058 3462 3138 Virgo
3501 3060 3793 3140 quamvis
3840 3078 3968 3123 non

2479 3167 2695 3242 posset
2734 3158 3074 3239 Unigenito
3113 3177 3228 3221 suo
3274 3158 3532 3221 reddere
3581 3158 3970 3240 aequivalens

2477 3268 2542 3321 et
2578 3259 2970 3339 condignum
3014 3274 3129 3339 pro
3169 3255 3502 3320 beneficiis
3544 3256 3668 3319 sibi
3711 3256 3792 3319 ab
3831 3258 3972 3340 ipso

2479 3357 2810 3439 impensiS,
2827 3364 3104 3419 attamen
3135 3354 3279 3419 totis
3304 3355 3552 3419 viribus
3573 3355 3812 3437 jugiter
3841 3356 3974 3419 red-

2477 3457 2641 3520 didit
2679 3456 2920 3519 bonum
2959 3454 3018 3517 ei
3046 3454 3390 3535 gratiarum
3431 3454 3700 3518 actionis
3739 3463 3803 3517 et
3840 3454 3974 3517 lau-

2478 3556 2598 3632 dis,
2623 3552 3086 3617 ardentissimae
3115 3552 3396 3615 caritatis
3425 3550 3753 3628 affectum,
3777 3552 3972 3615 hono-

678 3654 745 3711 10
871 3654 1121 3717 locutus
1158 3659 1255 3715 est
1290 3670 1303 3715 :
1340 3654 1683 3713 Mulierem
1731 3654 1966 3730 fortem
2009 3653 2156 3731 quis
2197 3653 2370 3713 inve·
2399 3650 2441 3712 C
2477 3652 2864 3717 rificentiam
2896 3651 3387 3734 praecordialem,
3413 3650 3972 3732 obedientiamque

869 3755 1046 3815 niet?
1074 3751 1257 3833 quasi
1288 3751 1458 3814 dicat
1494 3769 1507 3813 ε
1540 3750 1587 3812 Ο
1620 3750 1863 3812 utinam
1897 3750 2041 3812 talis
2073 3758 2368 3812 nascatur
2477 3752 2938 3834 plenissimam,
2973 3750 3083 3813 sed
3123 3758 3185 3812 et
3228 3756 3529 3812 maternae
3573 3748 3825 3831 pietatis
3867 3749 3972 3811 ob-

867 3870 941 3914 ac
972 3852 1214 3915 veniat!
1249 3848 1296 3913 O
1326 3848 1470 3931 quis
1511 3869 1649 3912 eam
1692 3849 1967 3931 reperiet
1996 3857 2059 3911 et
2086 3848 2360 3912 videbit!
2474 3850 2788 3931 sequium,
2823 3838 3263 3912 educationem
3304 3866 3691 3929 corpore-am,
3726 3854 3972 3910 contre-

866 3949 1014 4024 Quae
1046 3950 1269 4030 utique
1301 3948 1423 4010 nisi
1455 3967 1492 4010 a
1523 3948 1647 4011 Deo
1679 3947 1987 4023 mittatur,
2023 3955 2084 4009 et
2120 3946 2262 4009 talis
2293 3967 2365 4010 ac
2472 3950 2814 4012 ctationem
2841 3945 3965 4028 reverendissimam,compassionem

866 4056 1041 4112 tanta
1090 4067 1204 4131 per
1254 4046 1713 4129 specialissima
1765 4046 2113 4128 gratiarum
2163 4046 2367 4109 chari·
2475 4047 2943 4124 fidelissimam,
2976 4046 3412 4110 adsistentiam
3453 4063 3654 4126 usque
3682 4045 3762 4107 ad
3801 4063 3968 4107 mor·
4002 4068 4228 4111 mmm.

866 4155 1068 4209 smata
1095 4145 1443 4222 efficiatur,
1466 4164 1793 4227 nunquam
1828 4144 2061 4228 poterit
2089 4164 2228 4207 esse
2258 4152 2368 4207 aut
2473 4155 2599 4211 tem
2649 4146 2912 4209 omnino
2964 4144 3369 4208 fidissimam.
3411 4143 3534 4205 Nec
3581 4142 3858 4205 reddidit
3903 4144 3962 4205 ei
3993 4132 4060 4173 ²⁵·

866 4244 1166 4322 inveniri,
1199 4264 1395 4327 quum
1440 4252 1614 4307 tanta
1644 4246 1727 4306 sit
1764 4244 2147 4307 feminarum
2182 4243 2366 4305 infir·
2473 4245 2720 4327 aliquid
2760 4244 3020 4317 malum,
3055 4243 3208 4325 quia
3246 4242 3313 4305 in
3351 4242 3649 4305 omnibus
3694 4241 3832 4303 istis
3872 4240 3964 4303 nil

863 4345 1052 4409 mitas
1076 4343 1738 4413 naturalis.Procuz,ec
1758 4348 1837 4404 de
1858 4345 2111 4403 ultimis
2126 4345 2368 4421 finibus
2473 4344 2700 4426 culpae‚
2753 4343 2845 4405 nil
2895 4341 3298 4422 negligentiae
3343 4350 3453 4404 aut
3509 4341 3783 4423 torporis
3842 4339 3968 4403 fuit

857 4445 1145 4525 pretium
1173 4444 1314 4521 ejus
1344 4462 1366 4504 .·
1400 4443 1467 4505 id
1498 4451 1615 4519 est,
1650 4450 1825 4505 tanta
1858 4450 1953 4504 est
1983 4441 2261 4521 dignitas
2292 4461 2365 4504 ac
2473 4442 2866 4520 admixtum3
2919 4440 3029 4503 sed
3088 4440 3304 4501 omnia
3359 4458 3502 4501 cum
3563 4439 3966 4503 vivacissima

865 4540 1225 4625 pretiositas
1258 4540 1515 4604 feminae
1543 4560 1617 4603 ac
1646 4539 1914 4619 virginis
1945 4538 2162 4621 hujuS,
2194 4540 2364 4621 quod
2473 4540 2822 4616 alacritate,
2872 4558 3016 4602 cum
3062 4537 3573 4618 vigilantissima,
3617 4536 3968 4617 diligentis-

867 4641 934 4703 in
964 4641 1204 4702 mundo
1236 4639 1358 4701 isto
1390 4637 1705 4714 inferiori,
1732 4638 1790 4700 ei
1824 4637 1913 4700 nil
1946 4638 2179 4720 poterit
2201 4657 2368 4700 com-
2473 4639 2636 4701 sima
2677 4645 2742 4701 et
2772 4636 3177 4717 integerrima
3217 4634 3478 4699 caritate
3516 4635 3826 4699 exhibuit.
3847 4634 3971 4697 Un-

867 4738 1079 4822 parari
1113 4737 1249 4801 sive
1276 4736 1541 4818 aequari,
1574 4737 1685 4798 sed
1727 4736 2031 4817 angelicae
2071 4736 2365 4817 dignitati
2475 4740 2554 4802 de
2583 4736 3066 4820 praeclarissime
3095 4736 3150 4799 ei
3186 4734 3629 4811 conveniebat,
3663 4735 3833 4816 quod
3861 4732 3969 4795 Se-

867 4844 1173 4918 aequatur,
1209 4837 1337 4899 imo
1378 4843 1442 4899 et
1482 4833 1905 4897 ineffabiliter
1945 4834 2319 4899 antefertur.
2397 4836 2446 4898 D
2477 4855 2633 4900 neca
2671 4836 2736 4897 in
2783 4832 2914 4897 suis
2953 4834 3044 4896 ait
3081 4832 3439 4896 Proverbiis
3473 4848 3489 4893 :
3529 4831 3730 4895 Homo
3767 4831 3972 4895 bonus

677 4931 738 4987 11
954 4937 1231 5014 Confidic
1276 4936 1347 4994 in
1394 4954 1468 4995 ea
1510 4954 1617 4993 cor
1656 4935 1791 4993 viri
1826 4935 1955 4995 sui.
1994 4933 2203 4997 Posset
2248 4934 2369 4998 hoc
2477 4934 2720 5016 est,qui
2754 4934 2821 4995 in
2851 4940 3094 4995 tantum
3127 4931 3422 5013 perduxit
3448 4930 3730 4992 animum
3764 4949 3968 5005 suum,

870 5033 1072 5115 accipi
1115 5032 1193 5094 de
1233 5030 1463 5114 Joseph
1518 5049 1751 5113 sponso
1788 5031 2069 5112 Virginis
2114 5031 2371 5095 benedi-
2479 5042 2548 5096 ut
2579 5051 2706 5096 non
2739 5032 2928 5095 modo
2965 5029 3126 5093 nolit
3156 5048 3441 5112 peccare,
3473 5030 3582 5093 sed
3624 5028 3814 5092 etiam
3845 5048 3972 5091 non

615 5146 785 5190 κακὴ.
811 5160 840 5197 ι,
869 5138 987 5195 ctae
1014 5148 1028 5192 :
1052 5129 1163 5212 qui
1194 5129 1491 5211 quamvis
1523 5149 1661 5193 eam
1694 5130 2093 5212 conspiceret
2122 5130 2372 5214 imprae-
2479 5131 2703 5214 possit..
2737 5130 2912 5203 Item,
2949 5128 3114 5191 sicut
3152 5126 3428 5191 formosa
3465 5136 3562 5189 est
3605 5126 3873 5208 pictura,
3907 5124 3972 5189 in

580 5212 643 5253 ¹⁸·
869 5236 1199 5310 gnatam,a
1230 5247 1299 5291 se
1337 5227 2129 5309 incognitam,confidebat
2161 5238 2372 5292 tamen
2480 5248 2608 5312 qua
2638 5228 2816 5291 nulla
2853 5246 2998 5310 pars
3031 5234 3230 5305 errat3
3264 5225 3355 5288 sic
3385 5223 3701 5289 formosus
3741 5232 3838 5288 est
3865 5224 3976 5287 ho-

872 5345 1015 5391 eam
1058 5323 1141 5389 ab
1185 5324 1487 5389 adulterii
1528 5326 1716 5410 culpa
1754 5326 2128 5402 immunem,
2164 5335 2234 5390 ut
2261 5327 2376 5390 ali·
2481 5346 2609 5403 mo,
2656 5327 2723 5389 in
2757 5344 2887 5408 quo
2926 5325 3104 5388 nulla
3143 5342 3290 5407 pars
3330 5322 3608 5408 peccatis
3647 5320 3818 5385 foeda
3853 5330 3968 5385 est.
