4284 6267
1505 810 1722 931 EN
1738 810 2505 935 ARRATIO

445 1146 708 1311 IN
795 1144 1978 1312 CANTICUM
2055 1078 3546 1313 CANTICORUM

897 1408 902 1411 Ι
1423 1524 2593 1665 SALOMONIS

768 1868 1108 1984 ouon
1156 1868 1808 1965 HEBRAIGE
1873 1868 2076 1963 sm
2124 1822 2671 1965 H‘ASIRIM
2724 1870 3243 1967 merrus

519 2158 616 2207 DE
656 2158 967 2208 cflms‘ro
1006 2158 1095 2206 ET
1137 2157 1502 2222 ECCLESIA,
1540 2157 1633 2205 DE
1671 2158 1902 2207 ANIMA
1941 2157 2369 2207 CUJUSLlBET
2408 2157 2630 2222 Jus'rl,
2668 2156 2911 2217 DEQUE
2950 2158 3179 2209 ΒΕΔΤΑ
3216 2160 3469 2213 mama,

1352 2729 2080 2816 ARTICULUS

2174 2729 2653 2816 PRIMUS

641 3004 726 3051 AN
769 3004 946 3050 LIBER
987 3004 1120 3051 ism
1163 3005 1248 3050 An
1290 3004 1594 3050 LITTERAM
1635 3002 2036 3050 ssxPoNENnns
2080 3004 2173 3049 SIT
2214 3002 2292 3047 DE
2335 3002 2451 3048 Duo
2495 3002 2569 3048 ΕΤ
2610 3002 2958 3065 SYNAGOGA,
2993 3006 3105 3051 vm.
3148 3006 3356 3053 Portus

1571 3102 1649 3149 DE
1699 3100 1954 3148 cnms‘ro
2003 3101 2077 3146 ET
2121 3100 2429 3147 ECCLESIA.

521 3382 574 3444 N
605 3381 781 3447 omni
819 3380 1086 3445 scientia
1121 3388 1372 3463 oportet
1403 3380 1468 3442 in
1500 3380 1725 3463 primis
1756 3380 1939 3455 scire,
1973 3380 2022 3443 A
2053 3399 2186 3442 sam
2223 3398 2362 3443 esse
2400 3380 2661 3462 praecise
2699 3380 2954 3463 plebem
2992 3381 3361 3446 Hebraicam
3394 3404 3542 3447 cum

551 3500 696 3562 quae
730 3479 815 3543 sit
849 3478 1117 3542 materia
1155 3498 1268 3541 seu
1307 3478 1666 3560 subjectum
1705 3487 1815 3541 aut
1845 3498 1946 3560 ge-

439 3598 570 3641 nus
617 3578 846 3642 scibile
887 3577 1036 3640 libri
1081 3577 1256 3640 illius
1304 3577 1585 3640 scientiae
1624 3594 1638 3639 :
1681 3577 1772 3640 sic
1812 3578 1943 3658 jam

437 3678 524 3740 de
575 3676 742 3741 libro
793 3676 914 3740 isto
963 3694 1222 3739 necesse
1269 3683 1366 3739 est
1415 3693 1817 3756 cognoscere,
1866 3676 1944 3737 de

435 3794 575 3859 quo
606 3783 852 3839 tractet.
886 3776 963 3838 Et
990 3777 1069 3839 de
1109 3774 1230 3839 hoc
1271 3774 1363 3837 sic
1401 3782 1616 3837 narrat
1649 3774 1942 3837 Nicolaus

435 3876 526 3937 de
573 3876 735 3958 Lyra
768 3893 783 3937 ε
817 3874 1066 3938 Hebraei
1107 3874 1350 3950 dicunt,
1400 3873 1570 3955 quod
1620 3872 1784 3936 liber
1825 3873 1942 3935 iste

436 3974 730 4055 loquitur
762 3973 1124 4057 parabolice
1155 3974 1233 4036 de
1261 3990 1478 4036 amore
1503 3972 1608 4034 Dei
1642 3980 1705 4034 et
1735 3970 1942 4052 plebis

431 4071 738 4149 Iudaicae,
789 4090 981 4153 quam
1030 4070 1153 4133 sibi
1203 4068 1616 4154 desponsavit
1663 4069 1728 4131 in
1784 4069 1940 4148 legis

392 4166 722 4247 'datione,
778 4170 1000 4252 sicque
1050 4169 1274 4232 habuit
1331 4187 1470 4232 eam
1525 4168 1592 4231 in
1641 4186 1938 4251 sponsam

115 4790 294 4831 Joamu.
311 4798 408 4833 ιιι,

105 4855 170 4895 3⁴.

118 4916 243 4957 Gen.
263 4924 314 4959 n.
333 4910 410 4953 21.

105 4980 150 5005 2⁴

437 4270 899 4353 praedilectam.
961 4268 1364 4351 Expositores
1426 4286 1576 4331 vero
1642 4268 1938 4331 catholici

438 4368 668 4431 dicunt
697 4366 1144 4445 communiter,
1179 4368 1350 4448 quod
1391 4366 1552 4429 liber
1582 4366 1700 4429 iste
1742 4366 1942 4448 loqui-

439 4475 550 4529 tur
591 4465 954 4547 parabolice
990 4465 1070 4529 de
1107 4484 1322 4528 amore
1359 4464 1592 4527 Christi
1630 4474 1693 4527 et
1730 4466 1942 4529 Eccle-

2053 3478 2243 3562 plebe
2292 3498 2597 3544 conversa
2646 3480 2724 3542 ad
2774 3480 3001 3562 ipsam,
3035 3480 3344 3546 Catholici
3394 3502 3545 3548 vero

2052 3577 2307 3660 plebem
2338 3577 2747 3641 christianam
2778 3579 2970 3660 :quia
3000 3578 3063 3641 in
3096 3579 3217 3643 hoc
3248 3580 3411 3645 libro
3440 3600 3547 3662 po-

2052 3684 2293 3739 nuntur
2340 3676 2574 3758 aliqua,
2609 3696 2752 3758 quae
2800 3696 2927 3740 non
2977 3676 3275 3741 videntur
3324 3698 3549 3743 conve-

2053 3774 2303 3837 nienter
2342 3775 2594 3857 exponi,
2626 3775 2963 3840 referendo
3003 3778 3081 3839 ad
3111 3785 3342 3840 statum
3384 3786 3550 3841 vete-

2052 3874 2140 3935 ris
2192 3874 2611 3954 Testamenti;
2644 3883 2708 3937 et
2750 3894 3093 3939 econverso
3135 3876 3371 3957 aliqua,
3404 3896 3546 3960 quae

2051 3990 2179 4035 non
2212 3981 2481 4055 possunt
2516 3973 2749 4054 exponi
2780 3972 3234 4037 convenienter
3269 3975 3349 4038 de
3377 3983 3545 4038 statu

2051 4069 2225 4132 novi.
2260 4070 2351 4131 Ex
2380 4070 2500 4133 hoc
2540 4070 2829 4152 sequitur
2865 4068 3154 4133 defectus
3193 4069 3379 4148 aliuS‚
3415 4090 3543 4153 quo

2047 4167 2246 4230 Judaei
2286 4168 2503 4249 aliqua
2542 4169 2619 4231 ad
2660 4177 2891 4231 statum
2935 4168 3085 4232 novi
3129 4168 3537 4250 pertinentia,

2051 4265 2575 4329 inconvenienter
2614 4276 2939 4349 exponunt
2968 4267 3047 4331 de
3076 4276 3241 4330 statu
3272 4269 3538 4348 veteris;

2048 4371 2111 4427 et
2137 4382 2485 4428 econverso
2514 4365 2819 4428 Catholici
2849 4365 3064 4447 aliqua
3100 4366 3180 4428 ad
3211 4375 3396 4430 vetus
3433 4368 3543 4431 Τ6-

2049 4470 2433 4525 stamentum
2469 4463 2875 4545 pertinentia,
2910 4464 3125 4527 minus
3160 4466 3543 4530 convenien-

441 4566 576 4642 siae,
605 4563 980 4646 accipiendo
1025 4563 1370 4627 Ecclesiam
1411 4573 1598 4645 prout
1636 4564 1941 4628 dividitur
1978 4564 2024 4625 B
2050 4569 2147 4624 ter
2176 4570 2493 4644 exponunt
2515 4563 2592 4625 de
2621 4570 2782 4625 statu
2810 4564 2975 4626 novi.
2994 4563 3137 4627 Haec
3166 4564 3341 4645 Lyra.
3360 4563 3544 4645 Cujus

439 4672 666 4726 contra
709 4662 1102 4746 Synagogam
1142 4680 1156 4725 :
1191 4681 1333 4744 quae
1375 4662 1656 4725 Ecclesia
1698 4681 1944 4744 proces-

442 4762 530 4825 sit
574 4763 655 4825 de
696 4762 890 4825 latere
929 4760 1163 4824 Christi
1202 4760 1577 4823 dormientis
1623 4760 1687 4822 in
1731 4779 1940 4838 cruce,

442 4861 611 4923 sicut
640 4860 772 4922 Eva
803 4857 1076 4922 formata
1107 4858 1228 4921 tuit
1258 4860 1336 4922 de
1366 4868 1540 4922 costa
1570 4858 1946 4921 dormientis

441 4961 616 5021 Adae.
649 4958 727 5021 Et
770 4958 864 5021 sic
911 4968 1038 5021 tam
1083 4958 1215 5037 isti,
1259 4978 1450 5040 quam
1491 4958 1613 5035 illi,
1660 4958 1948 5022 nituntur

440 5058 522 5121 ad
554 5077 703 5120 suas
737 5056 1126 5121 intentiones
1154 5057 1431 5121 litteram
1462 5057 1807 5140 applicare.
1827 5058 1948 5121 Sed

443 5156 626 5219 salvo
659 5156 912 5220 meliori
951 5155 1216 5237 judicie,
1252 5156 1510 5237 utrique
1546 5156 1845 5218 videntur
1884 5156 1948 5219 in

439 5254 666 5335 aliquo
697 5251 1001 5316 deficere.
1035 5251 1264 5329 Primo,
1299 5254 1472 5334 quod
1511 5271 1808 5334 sponsam
1851 5272 1952 5315 ac-

441 5352 700 5435 cipiunt
731 5350 926 5414 nimis
957 5350 1174 5415 stricte
1200 5350 1420 5427 Judaei,
1454 5350 1738 5413 dicentes
1769 5369 1950 5433 spon·

2053 4659 2249 4723 verba
2279 4679 2405 4723 non
2446 4661 2744 4726 videntur
2782 4661 3028 4739 idonea,
3064 4661 3295 4743 quibus
3333 4661 3422 4725 ait
3459 4661 3548 4725 in·

2054 4760 2495 4835 determinate,
2514 4760 2685 4842 quod
2716 4760 3010 4823 catholici
3040 4760 3429 4842 expositores
3457 4760 3550 4822 di-

2057 4867 2211 4920 cunt
2239 4858 2411 4921 hunc
2453 4857 2688 4921 librum
2731 4858 2907 4939 loqui
2947 4859 3028 4921 de
3063 4875 3278 4921 amore
3316 4856 3549 4921 Christi

2058 4966 2116 5021 et
2163 4958 2483 5036 Ecclesiae,
2531 4957 2908 5040 accipiendo
2960 4956 3309 5020 Ecclesiam
3362 4964 3551 5039 prout

2059 5064 2279 5119 contra
2323 5056 2714 5139 Synagogam
2757 5055 3087 5118 dividitur.

2142 5154 2402 5234 Antiqui
2436 5153 2606 5216 enim
2650 5161 2709 5216 et
2741 5154 2943 5217 sancti
2984 5152 3416 5237 praecipuique
3452 5174 3554 5217 ex-

2061 5251 2395 5335 positoreS‚
2428 5250 2765 5314 affirmant
2802 5252 2972 5315 hunc
3007 5252 3239 5315 librum
3283 5260 3552 5315 tractare

2058 5351 2136 5412 de
2178 5348 2427 5412 Christo
2471 5358 2663 5431 atque
2707 5349 3009 5427 Ecclesia,
3045 5358 3234 5432 prout
3268 5350 3551 5414 Ecclesia
