4284 6267
634 1202 702 1258 13

538 2998 669 3043 Cant.
683 3012 725 3051 n,
734 3001 748 3041 l
757 3001 799 3043 4.

634 3378 703 3434 14

654 5032 681 5087 1

821 516 941 581 438

1378 534 1733 581 mumulo
1776 534 1839 580 m
1881 533 2019 582 CAP.
2056 534 2167 580 vm
2208 532 2448 581 cANncl
2488 533 2893 581 cAN'nconmt.
2939 554 3020 565 --
3059 534 3202 581 Am.
3246 534 3372 581 XXV

824 706 1067 769 bonum
1110 705 1432 782 Ecclesiae,
1488 706 1838 788 praesertim
1888 706 2201 768 redundat
2251 704 2316 767 in
2346 704 2397 766 Α
2429 704 2626 767 illud:
2651 706 2832 767 Jesus
2863 704 3198 769 abscondit
3229 724 3296 767 se
3327 712 3391 767 et
3419 704 3617 767 exivit
3647 703 3724 767 de
3760 712 3918 767 tem·
3955 719 4182 769 acanum.

822 803 1167 881 Christum,
1208 812 1274 865 et
1317 804 1709 867 accidentale
1750 804 2083 887 praemium
2123 803 2183 865 ei
2224 811 2319 866 est

826 902 998 964 inde.
1034 905 1313 964 Ducenti
1358 921 1510 965 vero
1547 901 1815 979 fructuS,
1852 903 1915 965 id
1960 910 2078 979 est,
2115 902 2318 965 multo

824 1000 1038 1063 minor
1066 1009 1163 1063 est
1214 1001 1548 1065 retributio
1584 1021 1695 1065 seu
1734 1001 1937 1081 gloria
1974 1001 2321 1083 praesiden-

827 1098 989 1160 tium
1038 1099 1333 1177 aliorum,
1368 1100 1663 1182 quamvis
1705 1102 2045 1182 justorum.

911 1201 1063 1267 Quoe
1094 1200 1346 1259 habitas
1376 1201 1447 1259 in
1480 1200 1706 1267 hortis,
1742 1198 1804 1261 id
1836 1207 1952 1275 est,
1991 1207 2080 1276 tu,
2116 1198 2322 1261 Eccle-

828 1295 945 1373 sia,
989 1314 1132 1377 quae
1176 1295 1416 1378 ubique
1454 1306 1763 1361 terrarum
1800 1296 2213 1361 commoraris
2253 1297 2320 1359 in

827 1392 1100 1456 diversis
1134 1394 1347 1473 regnis
1386 1402 1450 1457 et
1490 1394 1647 1457 locis
1685 1395 2048 1474 uberrimiS,
2083 1414 2156 1457 ac
2189 1413 2323 1476 par-

828 1491 1208 1555 ticularibus
1236 1492 1559 1571 EcclesiiS,
1591 1493 2321 1576 congregationibusque

830 1591 1079 1653 devotis
1116 1609 1131 1653 ε
1167 1592 1332 1655 sicut
1361 1601 1564 1655 totum
1596 1592 1830 1656 dicitur
1860 1612 1999 1655 esse
2030 1593 2097 1654 in
2129 1593 2323 1675 parti-

830 1689 952 1751 bus
998 1690 1153 1767 suiS,
1204 1699 1268 1753 et
1315 1692 1902 1755 denominationem
1940 1692 2203 1754 sortitur
2239 1691 2321 1753 ab

828 1787 944 1850 eis.
1006 1789 1074 1851 ln
1126 1789 1328 1853 hortis
1388 1808 1664 1871 quoque,
1718 1790 1783 1852 id
1832 1799 1948 1867 est,
2003 1791 2314 1852 virtutum

2429 804 2571 885 plo;
2606 812 2670 865 et
2700 806 2910 868 denuo
2945 822 2958 865 :
2992 804 3172 867 Jesus
3211 821 3360 884 ergo
3389 821 3516 866 non
3545 804 3676 886 jam
3709 803 3776 864 in
3805 823 3918 885 pa-

2428 901 2554 965 lam
2585 902 2954 965 ambulabat
2984 904 3152 985 apud
3180 904 3448 965 Judaeos.
3471 901 3608 977 Vel,
3633 902 3820 981 Fuge,
3849 902 3916 963 id

2426 1009 2545 1078 est,
2580 1009 2792 1063 tecum
2831 1001 3163 1064 celerrime
3203 999 3477 1064 transfer
3515 1020 3618 1063 me
3647 1001 3727 1063 de
3758 1019 3916 1082 prae-

2430 1099 2630 1161 sentis
2656 1100 2802 1162 vitae
2823 1100 3125 1161 aerumnis
3150 1101 3228 1162 ad
3260 1118 3524 1179 regnum
3549 1098 3820 1174 coeleste,
3845 1098 3913 1160 in

2429 1216 2556 1277 quo
2607 1197 2991 1260 aeternaliter
3034 1198 3626 1278 incessabiliterque
3659 1217 3761 1261 me
3805 1218 3916 1261 au-

2429 1296 2566 1358 dias
2613 1305 2674 1359 te
2717 1297 3104 1359 laudantem.
3141 1297 3308 1377 Fuge
3347 1315 3600 1379 quoque
3643 1315 3680 1358 a
3717 1296 3916 1360 cordi-

2428 1393 2548 1455 bus
2580 1396 3020 1477 reproborum,
3055 1403 3117 1457 et
3156 1396 3234 1457 ad
3275 1414 3480 1457 meam
3525 1394 3916 1477 praedicatio-

2431 1511 2578 1555 nem
2627 1494 2818 1556 corda
2854 1494 3184 1573 ingredere
3221 1494 3606 1573 electorum3
3651 1493 3799 1574 fuge
3834 1495 3914 1557 ab

2429 1590 2750 1655 obstinata
2808 1600 2872 1654 et
2931 1592 3256 1655 incredula
3317 1592 3666 1675 Synagoga,
3729 1602 3916 1673 atque

2430 1689 2702 1769 gentiles
2747 1690 3245 1753 misericorditer
3285 1691 3493 1753 visita.
3541 1695 3626 1753 Et
3667 1693 3918 1751 assimi-

2435 1792 2594 1859 lare,
2628 1790 2692 1852 id
2741 1798 2860 1867 est,
2897 1790 3169 1853 similem
3205 1798 3266 1852 te
3299 1790 3586 1867 ostende,
3619 1790 3756 1853 haec
3785 1806 3918 1852 om-

830 1886 1416 1966 exercitationibuS,
1482 1889 1546 1950 in
1616 1889 1854 1970 quibus
1915 1896 2065 1951 sunt
2123 1887 2320 1952 flores
2356 1887 2402 1950 B
2432 1888 2538 1949 nia
2585 1888 2987 1952 velocissime
3037 1888 3418 1971 peragendo,
3461 1909 3704 1967 capreoe
3772 1892 3918 1951 kin-

829 1983 1068 2061 gratiae,
1106 1982 1349 2047 fructus
1371 1984 1703 2061 virtutum,
1737 1985 2027 2063 gramina
2056 1985 2322 2049 medita-

831 2082 1079 2145 tionum
1130 2091 1193 2145 et
1238 2081 1658 2146 affectionum
1703 2092 2088 2161 sanctarum,
2140 2092 2204 2147 et
2255 2084 2320 2146 in

832 2181 990 2243 Iocis
1020 2181 1442 2264 spiritualiter
1469 2182 1816 2261 deliciosiS‚
1842 2192 2033 2265 atque
2066 2184 2131 2245 in
2165 2184 2322 2267 ipsis

830 2279 1141 2343 virtutum
1171 2280 1443 2343 deliciis.
1466 2284 1687 2343 Amici
1714 2287 2087 2344 auscultant
2119 2289 2220 2346 te:
2258 2282 2321 2344 id

830 2386 948 2455 est,
1001 2378 1069 2440 hi
1119 2380 1229 2459 qui
1275 2379 1435 2442 mihi
1484 2380 1815 2459 obediunt,
1868 2389 1932 2443 et
1976 2389 2035 2443 te
2081 2388 2319 2459 amant,

828 2477 1014 2539 avide
1061 2497 1134 2541 ac
1164 2477 1505 2558 diligenter
1550 2487 1611 2542 te
1640 2480 1943 2560 audiunt3
1978 2481 2088 2543 sed
2120 2488 2184 2543 et
2213 2500 2324 2543 an-

826 2576 954 2655 geli
984 2576 1187 2639 sancti
1219 2578 1512 2640 custodes
1544 2578 1659 2655 tui,
1685 2578 1764 2641 de
1795 2587 1903 2642 tuo
1932 2580 2323 2657 gratulantes

828 2672 1144 2758 profectu,
1198 2675 1537 2756 diligenter
1595 2676 2000 2739 considerant
2047 2686 2154 2739 tua
2202 2678 2323 2740 elo-

828 2773 1003 2855 quia,
1029 2773 1359 2856 cupientes
1391 2782 1462 2838 ut
1493 2774 1819 2838 fructuose
1853 2775 2156 2856 loquaris,
2191 2780 2323 2835 Fac

830 2894 929 2933 me
984 2876 1219 2935 audire
1268 2893 1477 2934 vocem
1538 2884 1740 2946 cuam,
1802 2874 1967 2936 sicut
2026 2872 2320 2955 superius

828 2970 983 3049 dixi,
1021 2972 1213 3035 Sonet
1243 2990 1363 3035 vox
1415 2980 1523 3035 tua
1568 2972 1635 3033 in
1684 2972 1948 3035 auribus
1997 2971 2158 3035 meis
2195 2989 2208 3033 :
2254 2970 2321 3033 id

2429 1991 2709 2065 nuloque
2733 2008 3064 2049 cervorum
3087 2010 3110 2047 .·
3132 2006 3274 2068 quae
3303 1996 3454 2049 sunt
3483 1988 3704 2050 bestiae
3735 1988 3917 2051 valde

2430 2085 2700 2161 veloceS,
2735 2087 2813 2148 de
2845 2104 3114 2167 quarum
3147 2086 3644 2168 proprietatibus
3675 2086 3917 2149 dictum

2427 2192 2524 2245 est
2555 2203 2743 2265 saepe,
2777 2192 2841 2248 et
2871 2204 2984 2247 cur
3015 2204 3285 2267 sponsus
3325 2185 3423 2247 eis
3464 2193 3589 2247 tam
3621 2184 3919 2265 frequen—

2428 2292 2525 2345 ter
2553 2283 2964 2345 assimiletur.
2999 2283 3189 2363 Fuge,
3217 2284 3718 2365 inquam‚super
3747 2306 3919 2345 mon-

2430 2393 2516 2443 tes
2561 2392 2955 2452 aromatum,
2984 2382 3048 2443 id
3086 2390 3204 2457 est,
3241 2400 3436 2463 super
3473 2382 3670 2445 coelos
3703 2401 3920 2446 ascen-

2428 2482 2529 2558 de,
2572 2488 2636 2542 et
2676 2480 2743 2541 in
2784 2479 2946 2542 coelo
2986 2497 3287 2562 empyreo
3333 2480 3563 2557 reside,
3605 2500 3680 2543 ac
3729 2499 3920 2563 super

2428 2578 2715 2643 omnium
2772 2578 3030 2641 ordines
3086 2579 3458 2658 angelorum
3514 2579 3774 2661 quiesce
3837 2581 3917 2643 ad

2428 2678 2746 2741 dexteram
2779 2676 2979 2739 Patris
3014 2677 3163 2757 :qui
3194 2676 3340 2740 coeli
3373 2696 3447 2740 ac
3475 2677 3685 2757 angeli
3715 2679 3917 2741 sancti

2429 2784 2578 2838 sunt
2615 2783 2864 2838 montes
2903 2784 3280 2853 aromatum,
3313 2775 3469 2857 quia
3503 2775 3919 2857 corporaliter

2427 2882 2538 2937 aut
2565 2874 2982 2956 spiritualiter
3005 2874 3289 2937 eminent
3318 2873 3502 2936 valde
3532 2874 3913 2951 sublimiter,

2429 2982 2492 3036 ct
2537 2973 2602 3035 in
2653 2973 2812 3054 ipsis
2863 2981 3014 3034 sunt
3062 2972 3424 3053 voluptates
3462 2972 3668 3053 plenae
3718 2971 3918 3035 felici-

828 3079 945 3149 est‚
980 3071 1439 3153 praedicationi,
1475 3071 1747 3134 orationi
1782 3080 1845 3134 et
1874 3070 2172 3133 laudibus
2209 3069 2319 3134 Dei
2349 3076 2394 3139 C
2431 3072 2598 3147 tatis,
2648 3070 3140 3151 suavissimique
3190 3070 3416 3133 odores
3469 3070 3798 3148 virtutum,
3845 3090 3916 3134 ac

828 3178 955 3232 tam
989 3169 1243 3233 assidue
1274 3189 1345 3232 ac
1376 3170 1603 3233 devote
1649 3169 1929 3245 insistas,
1972 3178 2045 3232 ut
2094 3169 2160 3230 in
2211 3168 2320 3231 hu-

825 3267 1108 3351 jusmodi
1157 3268 1405 3331 actibus
1448 3268 1576 3331 tuis
1624 3268 1922 3330 delecter.

908 3366 1001 3429 Ad
1033 3367 1165 3430 haec
1197 3368 1538 3449 respondet
1565 3365 1846 3429 Ecclesia
1882 3382 1895 3427 :
1930 3370 2131 3444 Pitye,
2158 3368 2318 3427 dile-

826 3476 921 3527 cte
975 3468 1095 3537 mi,
1142 3464 1205 3528 id
1256 3472 1373 3542 est,
1428 3484 1541 3547 per
1596 3464 1937 3544 gloriosam
1988 3473 2163 3527 tuam
2220 3484 2318 3527 as—

826 3565 1193 3629 censionem
1244 3566 1478 3629 scande
1530 3565 1597 3626 in
1646 3564 1902 3641 coelum‚
1939 3573 2009 3627 ut
2058 3565 2212 3627 illuc
2255 3573 2315 3627 te

827 3684 1077 3746 sequar,
1103 3672 1168 3727 et
1196 3683 1297 3727 me
1328 3664 1481 3727 illuc
1511 3664 1842 3747 perducas
1868 3664 2005 3741 Vel,
2029 3664 2218 3743 Fuge,
2249 3663 2314 3726 id

827 3772 945 3841 est,
981 3784 1019 3826 a
1059 3763 1415 3828 Judaeorum
1458 3762 1902 3846 persecutione
1944 3763 2021 3825 ad
2062 3770 2314 3844 tempus

826 3869 889 3925 te
947 3861 1271 3939 subtrahe,
1325 3879 1658 3942 quousque
1719 3870 1970 3943 tempus
2031 3860 2314 3941 passioni

829 3967 953 4022 tuae
983 3959 1477 4042 praeordinatum
1500 3958 1869 4022 advenerit:
1896 3960 2066 4041 quod
2092 3958 2316 4039 utique

826 4058 1115 4123 Christus
1136 4058 1203 4120 in
1234 4058 1579 4139 Evangelio
1606 4056 1836 4121 fecisse
1867 4057 2120 4139 legitur,
2137 4058 2316 4138 juxta

2429 3168 2878 3253 perfectissimi
2920 3177 3098 3231 actus
3129 3169 3462 3231 donorum.
3498 3169 3736 3231 Montes
3765 3188 3918 3249 quo-

2427 3288 2552 3351 que
2581 3277 2954 3343 aromatum,
2977 3275 3127 3330 sunt
3155 3268 3344 3330 corda
3365 3266 3708 3330 electorum
3739 3268 3918 3331 devo-

2427 3376 2511 3444 ta,
2547 3366 2906 3431 coelestium
2955 3365 3475 3448 contemplativa,
3507 3374 3571 3428 et
3600 3384 3742 3447 quae
3785 3386 3920 3430 sur-

2425 3484 2567 3528 sum
2605 3472 2754 3526 sunt
2792 3482 3044 3545 semper
3079 3463 3432 3544 quaerentia
3467 3480 3481 3525 :
3535 3482 3728 3546 super
3761 3482 3918 3545 quos

2426 3572 2674 3627 montes
2714 3561 2971 3626 advenit
3013 3579 3312 3643 sponsuS,
3346 3562 3623 3642 gratiose
3662 3581 3921 3626 conver„

2424 3671 2587 3737 tenS‚
2625 3661 2914 3737 visitanS,
2944 3660 3320 3722 illuminans
3353 3668 3543 3742 atque
3572 3661 3919 3724 accendens

2425 3779 2555 3839 θος,
2591 3760 2656 3822 in
2689 3760 2926 3840 quibus
2957 3766 3109 3820 sunt
3140 3758 3556 3821 odoramenta
3589 3759 3914 3833 virtutum,

2426 3858 2704 3922 remedia
2763 3856 3191 3939 spiritualium
3259 3855 3739 3935 infirmitatum,
3792 3877 3919 3920 sua-

2425 3957 2654 4021 vitates
2703 3955 3088 4033 orationum,
3123 3954 3634 4033 meditationum,
3676 3956 3916 4021 divina-

2427 4074 2700 4137 rumque
2744 4055 3027 4117 laudum.

1906 4478 2564 4567 ARTICULUS
2639 4480 2874 4563 XXV

1084 4758 1465 4806 DECLARATIO
1506 4758 1776 4806 Emsnlm
1817 4757 2094 4805 CAPITULI
2137 4757 2378 4818 OCTAVI,
2425 4756 2504 4803 Dr:
2546 4755 2804 4803 cnmsro
2846 4757 2920 4801 m*
2965 4756 3198 4803 SPONSA
3241 4755 3668 4803 PAn‘rlanAm.

834 5034 1126 5235 QUIS
1166 5038 1333 5099 mihi
1359 5040 1464 5098 det
1498 5045 1555 5097 te
1579 5037 1859 5114 fratrem
1891 5056 2126 5103 meum,
2161 5040 2326 5099 etc]
2353 5034 2402 5097 D
2434 5034 2655 5099 aeterni
2690 5033 3210 5097 humanationem
3239 5042 3253 5097 t
3289 5034 3378 5096 ita
3407 5042 3478 5095 ut
3516 5051 3686 5109 eum,
3731 5051 3908 5113 quem

1000 5135 1048 5199 Ο
1091 5155 1282 5217 quam
1338 5134 1764 5197 ineffabiliter
1806 5133 2186 5216 dignificata
2229 5144 2325 5197 est

830 5244 1055 5296 natura
1084 5234 1385 5311 humana,
1411 5242 1474 5296 et
1495 5240 1696 5296 totum
1718 5250 1920 5311 genus
1944 5232 2318 5308 humanum,

830 5352 945 5414 per
994 5332 1450 5395 lncarnationis
1511 5331 1907 5413 mysterium,
1960 5350 2074 5413 per
2125 5331 2316 5395 Verbi

2431 5134 2772 5197 Cherubim
2795 5152 2866 5195 ac
2899 5132 3229 5213 Seraphim
3255 5131 3790 5215 comprehendere
3819 5150 3910 5192 ne-

3943 786 4013 825 59.

3943 857 3964 899 1
3969 856 4064 899 bid.
4075 868 4129 902 ιι,
4138 858 4185 897 st.

3949 3387 4124 3492 ¹colom-
4135 3398 4181 3433 m,

2431 5239 2697 5313 queunt,
2731 5239 2794 5293 et
2824 5250 2969 5294 cum
3000 5230 3357 5295 reverentia
3387 5230 3812 5293 inaestimabili
3839 5248 3904 5291 ac
3927 5244 3979 5288 ιι.
4005 5258 4062 5295 n.
4083 5246 4170 5293 ιι.

2430 5349 2664 5413 pavore
2693 5329 3078 5412 adspiciunt,
3097 5329 3207 5412 qui
3241 5337 3339 5391 est
3363 5328 3526 5391 Deus
3553 5336 3617 5392 et
3645 5336 3899 5401 creator,
