4284 6267
92 1203 173 1246 Pa.
190 1208 331 1255 und
348 1208 391 1249 Ι.

100 2186 297 2291 ’ξοίηι
309 2200 391 2237 xv,

149 2779 305 2825 leor.
326 2796 373 2824 m

105 2846 173 2887 ss.

106 4855 388 4960 gentum,

124 5054 185 5095 Ιε.
208 5068 291 5105 ιιι,
313 5058 357 5097 5.

185 5118 203 5135 ·
222 5117 321 5161 ovis

1098 524 1453 574 numium
1494 526 1559 574 m
1599 526 1739 574 cAP.
1784 528 1847 574 1v
1887 526 2046 575 Lmnt
2086 526 2444 575 sumum.
2488 546 2570 559 ·—
2609 528 2751 575 ΛΒΤ.
2797 528 2860 573 lv

3403 505 3523 569 475

422 693 530 759 Sic
572 704 637 759 et
677 696 877 761 sudaei
914 696 1237 761 Christum
1276 696 1739 779 crucifigendo,
1773 696 1925 763 facti
1953 698 2007 761 A
2034 698 2602 781 operantibuS,per
2629 697 3165 783 comparationem
3199 698 3277 762 ad
3307 716 3522 763 veram

422 803 576 856 sunt
606 794 857 860 occasio
887 796 1262 861 salvationis
1293 796 1486 859 totius
1516 797 1761 860 mundi.
1782 797 1929 860 Ter-

424 891 541 969 tio,
566 894 722 975 quia
752 894 817 957 in
853 894 1140 978 ipsorum
1172 895 1502 959 relictione
1532 915 1604 958 ac
1633 897 1928 959 condem-

423 992 687 1056 natione
717 993 961 1057 relucet
983 992 1202 1059 divina
1229 994 1493 1076 justitia.
1508 994 1757 1073 Quarto,
1774 994 1927 1077 quia

423 1108 504 1154 ex
552 1090 809 1155 illorum
859 1092 1198 1175 punitione
1242 1102 1511 1174 augetur
1557 1094 1759 1175 gloria
1806 1093 1928 1158 ele-

425 1197 699 1265 ctorum,
733 1190 913 1272 juxta
954 1191 1112 1256 illud
1153 1192 1500 1256 Psalmistae
1535 1210 1549 1255 :
1585 1192 1928 1256 Laetabitur

422 1287 639 1369 justus
694 1308 897 1371 quum
952 1290 1189 1355 viderit
1242 1290 1613 1355 vindictam.
1668 1290 1923 1369 Quinto,

424 1386 580 1467 quia
609 1387 677 1449 in
717 1388 1179 1471 temporalibus
1218 1409 1385 1473 saepe
1424 1390 1796 1453 deserviunt
1823 1391 1927 1473 ju-

422 1485 563 1548 stis·
615 1488 705 1549 Ec
762 1490 1155 1551 adulterium
1192 1491 1657 1567 plantatione&
1708 1488 1772 1551 id
1830 1496 1927 1552 est

424 1603 638 1667 pravae
668 1585 1082 1650 collectiones
1112 1606 1256 1669 quae
1289 1586 1681 1651 fornicantur
1708 1607 1743 1650 a
1773 1589 1919 1664 Deo,

422 1705 553 1745 non
582 1688 839 1747 dabunt
868 1688 1120 1747 radices
1148 1691 1344 1758 altas,
1362 1685 1425 1749 id
1454 1695 1572 1764 cst,
1592 1706 1719 1751 non
1750 1686 1925 1749 emit·

424 1791 561 1845 tent
609 1801 687 1845 ex
736 1802 805 1847 se
855 1781 1209 1865 profundas
1258 1784 1522 1860 radiceS‚
1563 1794 1629 1847 ut
1678 1784 1923 1849 faciunt

2034 797 2302 861 salutem
2341 815 2356 860 ε
2390 798 2684 880 quamvis
2715 798 3032 861 interdum
3070 817 3182 879 per
3209 815 3406 879 opera
3431 796 3524 862 vi-

2034 896 2196 961 tiosa
2226 905 2698 979 consequantur
2737 896 3112 979 temporalia
3145 896 3519 975 commoda3

2034 997 2143 1060 sed
2182 996 2303 1065 hoc
2342 1004 2438 1059 est
2475 996 2553 1059 ad
2601 995 3074 1059 damnationem
3122 1013 3341 1059 eorum
3390 1012 3523 1056 ma-

2029 1094 2258 1176 jerem.

2112 1196 2224 1255 Εω
2251 1194 2501 1275 iniquis
2539 1196 2714 1254 enim
2742 1192 3113 1276 parentibus
3145 1211 3360 1253 omnes
3385 1192 3523 1269 filii

2032 1294 2152 1371 qui
2197 1302 2581 1362 nascuntur,
2634 1303 2810 1354 testes
2857 1301 3012 1353 sunt
3059 1291 3368 1371 nequitiae
3415 1292 3523 1351 ad-

2034 1412 2255 1453 versus
2285 1402 2586 1469 parentes
2614 1394 2684 1453 in
2719 1393 3220 1469 interi-effatione
3252 1410 3374 1451 sua
3404 1410 3428 1450 .·
3459 1388 3522 1451 id

2032 1499 2151 1567 est,
2184 1489 2309 1553 filii
2340 1490 2497 1553 tales
2531 1508 2869 1572 pravorum
2901 1498 3257 1572 parentum,
3292 1496 3356 1552 et
3385 1487 3527 1551 imi-

2034 1597 2268 1653 tatores
2327 1588 2638 1653 scelerum
2696 1596 3128 1671 paternorum,
3183 1586 3368 1651 factis
3413 1594 3528 1650 aut

2030 1687 2245 1753 verbis
2279 1696 2589 1753 testantur
2622 1688 2791 1769 quod
2824 1695 3118 1770 parentes
3145 1704 3363 1751 eorum
3397 1685 3528 1748 sint

2032 1806 2304 1868 nequam
2338 1794 2401 1850 et
2431 1786 2637 1869 impii,
2656 1794 2876 1869 utpote
2901 1786 3012 1868 qui
3046 1785 3220 1849 filios
3251 1803 3402 1849 suos
3431 1784 3524 1847 sic

421 1880 683 1943 arbores
715 1882 921 1959 bonae,
954 1882 1073 1945 hoc
1104 1891 1197 1945 est
1230 1882 1512 1947 sobolem
1545 1884 1915 1963 virtuosam,
1958 1888 2004 1950 B
2033 1886 2447 1967 neglexerunt
2486 1904 2559 1948 ac
2600 1884 2985 1949 infecerunt.
3017 1884 3302 1966 Denique
3337 1884 3522 1946 istam

421 1998 535 2042 seu
565 1979 766 2043 vitam
796 1980 1206 2058 laudabilem,
1242 1982 1593 2045 secundum
1629 1982 1802 2065 quod
1832 1992 1922 2046 ta-

424 2078 515 2141 les
552 2096 566 2140 :
600 2097 747 2160 quae
796 2088 1010 2143 tamen
1055 2088 1355 2164 poterunt
1395 2080 1729 2163 poenitere.
1765 2082 1919 2145 Hinc

420 2177 513 2239 ait
549 2177 889 2241 Salvator:
932 2177 1153 2241 Omnis
1195 2178 1506 2261 plantatio
1552 2198 1743 2262 quam
1790 2198 1917 2243 non

422 2275 740 2359 plantavit
777 2276 962 2340 Pater
1006 2297 1187 2341 meus
1234 2278 1535 2355 coelestis,
1576 2277 1921 2341 eradicabi-

422 2384 549 2437 tur.
572 2378 707 2437 Nec
722 2376 951 2436 stabile
967 2377 1475 2454 fundamentum
1496 2379 1915 2446 collocabunt,

422 2472 487 2536 id
520 2481 639 2549 est,
676 2473 741 2535 in
777 2472 933 2537 rid-ei
967 2473 1293 2549 firmitate,
1330 2474 1395 2536 in
1426 2474 1535 2537 Dei
1570 2474 1813 2553 timore,
1850 2474 1915 2537 in

420 2572 747 2655 profundo
786 2572 1173 2635 humilitatis
1214 2590 1341 2636 non
1383 2571 1655 2636 fundant
1686 2592 1774 2648 se,
1811 2592 1918 2636 ne-

421 2690 551 2756 que
601 2672 669 2734 in
708 2671 961 2736 Christo
1004 2690 1255 2735 summo
1304 2681 1367 2735 et
1410 2672 1916 2736 incommutabili

378 2814 392 2833 .
420 2772 593 2835 bono
636 2788 653 2833 t
696 2771 775 2834 de
813 2789 945 2852 quo
992 2770 1081 2833 ait
1117 2771 1480 2853 ApostoluS,
1524 2770 1921 2834 Fundamen-

424 2869 783 2933 tumaliud
827 2887 1017 2933 nemo
1051 2887 1288 2951 ponere
1334 2878 1560 2952 potest,
1596 2877 1826 2951 praeter
1854 2870 1917 2933 id

420 2970 596 3052 quod
627 2968 906 3051 positum
938 2977 1057 3045 est,
1076 2968 1246 3051 quod
1279 2977 1375 3031 est
1398 2968 1685 3032 Christus
1713 2968 1914 3031 JesuS.

2032 1984 2411 2048 sententiam
2443 1982 2732 2046 Christus
2770 1982 2940 2065 apud
2969 1982 3323 2045 Matthaeum
3353 2000 3522 2045 com-

2030 2082 2398 2165 pendiosius
2437 2082 2925 2163 evidentiusque
2967 2081 3383 2163 deprompsit,
3425 2079 3520 2143 di-

2028 2182 2231 2245 cendo
2265 2197 2278 2241 :
2313 2179 2532 2243 Omnis
2568 2178 2682 2261 qui
2732 2178 2912 2241 audit
2948 2178 3142 2241 verba
3178 2196 3321 2241 mea
3357 2178 3514 2255 haec,
3561 2197 3810 2249 nattam,

2028 2287 2091 2342 ct
2119 2296 2248 2342 non
2280 2277 2433 2341 facit
2459 2296 2557 2355 ea,
2588 2276 2820 2340 similis
2849 2277 2971 2339 erit
3003 2276 3142 2341 viro
3182 2276 3378 2339 stulto
3407 2274 3517 2357 qui
3547 2266 3615 2315 ’θ’
3637 2264 3705 2305 ²⁷·

2027 2376 2379 2441 aedificavit
2405 2378 2665 2441 domum
2699 2395 2878 2438 suam
2911 2395 3102 2458 supra
3130 2393 3427 2455 arenam3
3459 2383 3523 2438 et

2028 2476 2359 2539 descendit
2393 2475 2637 2558 pluvia,
2669 2482 2732 2537 et
2770 2482 3084 2539 venerunt
3132 2473 3426 2551 flumina,
3459 2482 3524 2536 et

2030 2574 2354 2641 flaverunt
2379 2573 2579 2651 venti,
2611 2581 2676 2636 et
2708 2572 3032 2637 irruerunt
3059 2571 3127 2633 in
3159 2572 3419 2635 domum
3451 2572 3524 2634 il·

2029 2674 2180 2749 lam,
2214 2682 2274 2736 et
2316 2672 2569 2749 cecidit,
2603 2680 2666 2734 et
2708 2670 2831 2734 fuit
2869 2670 3054 2734 ruina
3091 2670 3232 2752 ejus
3265 2688 3516 2752 magna.

2026 2772 2103 2835 Et
2132 2772 2372 2835 ibidem
2409 2788 2424 2834 ε
2457 2770 2592 2834 Non
2624 2777 2853 2853 potest,
2878 2769 3110 2851 inquit,
3134 2768 3324 2833 arbor
3351 2768 3518 2831 mala
3548 2788 3811 2839 masam.

2029 2870 2276 2935 fructus
2332 2870 2534 2933 bonos
2589 2868 2835 2949 facere3
2885 2867 3096 2931 omnis
3141 2867 3330 2931 arbor
3375 2887 3518 2950 quae

2030 2989 2158 3035 non
2189 2968 2342 3033 facit
2380 2968 2656 3031 fructum
2698 2966 2960 3043 bonum,
2995 2965 3320 3029 excidetur
3356 2965 3517 3029 etin

499 3071 587 3130 Ec
626 3070 688 3129 si
729 3069 802 3129 in
842 3070 1051 3128 ramis
1088 3069 1163 3128 in
1212 3078 1489 3145 tempore
1514 3069 1919 3146 yerminave-
1954 3063 1997 3128 C
2030 3068 2242 3151 ignem
2293 3067 2602 3130 mittetur.
2645 3065 2806 3128 Hinc
2845 3064 3128 3147 loquitur
3175 3064 3363 3127 lsaias
3392 3082 3407 3127 ε
3441 3064 3518 3127 Et
3559 3082 3797 3133 lasau.

412 3170 569 3235 rint,
587 3165 655 3229 id
684 3174 799 3243 est,
820 3166 899 3228 ad
930 3174 1180 3248 tempus
1215 3164 1555 3228 floruerint
1586 3165 1653 3228 in
1683 3164 1914 3230 sobole,

410 3273 521 3328 aut
556 3254 1093 3347 prosperitatibus
1135 3263 1327 3345 hujus
1359 3262 1527 3338 vitae,
1562 3266 1917 3342 infirmiter

400 3367 658 3441 positae,
694 3361 758 3425 id
792 3370 911 3439 est,
948 3360 1145 3425 debili
1175 3380 1251 3425 ac
1284 3360 1497 3425 fallaci
1539 3361 1915 3425 fundamen-

404 3472 471 3527 to
510 3462 919 3536 inhaerenteS,
974 3460 1274 3524 videlicet
1319 3460 1511 3524 rebus
1552 3460 1833 3539 caducis,
1871 3484 1914 3523 a

405 3570 593 3623 vento
613 3562 1207 3622 commovebuntur:
1228 3558 1290 3621 id
1322 3568 1438 3635 est,
1464 3559 1737 3623 irruente
1767 3578 1913 3642 qua·

402 3677 687 3741 cumque
739 3657 1111 3734 tentatione,
1152 3658 1618 3740 persecutione,
1653 3667 1763 3721 aut
1803 3659 1911 3721 ad-

405 3757 735 3834 versitate,
757 3774 871 3838 per
896 3755 1363 3838 impatientiam
1390 3758 1655 3837 cadent3
1677 3768 1738 3819 et
1756 3778 1799 3817 a
1816 3760 1912 3819 m·-

406 3859 671 3919 mietate
690 3864 1027 3916 ventorum
1038 3856 1557 3916 'eradicabuntur
1573 3876 1595 3916 .·
1614 3854 1677 3918 id
1708 3864 1818 3933 est,
1838 3874 1911 3919 ex

407 3952 818 4018 vehementia
875 3952 1415 4035 persecutionum,
1462 3954 1905 4032 tentationum,

408 4055 813 4136 justarumve
862 4052 1178 4115 ultionum
1228 4050 1484 4133 penitus
1530 4052 1906 4128 evellentur,

412 4160 479 4216 et
524 4149 944 4233 corporaliter
990 4148 1541 4232 spiritualiterque
1582 4149 1909 4214 deficient.

2026 3168 2290 3250 quidem
2333 3183 2460 3228 non
2507 3174 2703 3241 satus,
2749 3184 2868 3228 nec
2917 3163 3231 3227 radicatus
3278 3161 3346 3226 in
3394 3171 3518 3225 ter-

2027 3286 2096 3329 ra
2134 3274 2396 3329 truncus
2445 3281 2704 3343 eorum3
2738 3271 2999 3346 repente
3045 3262 3230 3326 flavit
3277 3262 3342 3325 in
3380 3280 3512 3339 θος,

2024 3374 2088 3429 et
2129 3360 2626 3437 aruerunthui
2675 3381 2896 3424 rursus
2937 3362 3017 3425 de
3060 3360 3263 3443 impio
3308 3361 3514 3425 Achaz

2021 3483 2096 3527 ac
2145 3462 2279 3526 suis
2324 3462 2594 3544 loquens
2629 3477 2644 3522 ε
2677 3458 3076 3523 Commotum
3116 3468 3232 3535 est,
3278 3457 3509 3541 inquit,
3543 3478 3805 3533 mmm.

2020 3580 2129 3627 cor
2177 3579 2420 3637 eorum,
2463 3560 2630 3622 sicut
2671 3564 3009 3622 moventur
3050 3556 3224 3638 ligna
3264 3576 3301 3619 a
3349 3556 3514 3621 facie

2020 3659 2216 3727 venti.

2101 3755 2549 3841 spiritualiter,
2570 3762 2741 3818 casta
2769 3753 3096 3834 generatio
3126 3753 3392 3836 pulchra
3418 3761 3514 3818 est

2020 3857 2226 3933 valde,
2264 3855 2326 3918 id
2375 3862 2472 3917 est
2510 3850 2915 3933 congregatio
2951 3870 3172 3917 eorum
3220 3852 3332 3935 qui
3381 3852 3514 3915 vita

2019 3962 2083 4018 et
2121 3953 2409 4018 doctrina
2448 3950 2744 4016 catholici
2776 3958 2946 4025 sunt,
2975 3958 3040 4013 et
3076 3950 3251 4013 nulla
3283 3949 3514 4014 infide-

2021 4054 2238 4117 litatis·
2269 4062 2378 4117 aut
2419 4051 2732 4115 haereticae
2771 4048 3105 4133 pravitatis
3149 4068 3260 4113 seu
3305 4050 3518 4115 inobe-

2020 4152 2277 4216 dientiae
2309 4150 2452 4214 labe
2481 4169 2548 4213 se
2577 4149 2896 4232 polluunt,
2930 4157 3122 4230 atque
3152 4147 3518 4213 custodiunt

417 4252 933 4328 Confrinyentur
962 4251 1138 4309 enim
1174 4249 1350 4310 rami
1386 4251 1992 4322 inconsummati,'D
2024 4270 2091 4313 se
2128 4268 2166 4313 a
2207 4247 2569 4312 simulacris
2607 4248 2972 4327 dogmatum
3021 4265 3466 4329 perversorum
3500 4264 3515 4309 ε

410 4349 477 4412 id
507 4356 629 4427 est,
650 4348 1035 4431 propagines
1064 4346 1285 4410 talium
1313 4347 1719 4411 destruentur
1746 4356 1916 4411 ante-

410 4466 609 4531 quam
640 4448 1107 4530 compleantur,
1140 4446 1294 4528 quia
1324 4446 1389 4509 in
1422 4465 1535 4509 sua
1575 4446 1914 4528 iniquitate

410 4546 798 4611 auferuntur
845 4545 925 4608 de
972 4542 1218 4621 medio;
1248 4554 1310 4605 et
1347 4546 1606 4622 fractus
1644 4548 1913 4607 illorum

412 4648 709 4715 inutile&
756 4654 818 4705 et
864 4646 1079 4705 acerbi
1116 4646 1206 4704 ad
1250 4646 1811 4712 manducandum,
1847 4642 1911 4706 id

411 4752 532 4821 est,
566 4751 747 4806 actus
778 4759 1000 4805 eorum
1036 4751 1183 4804 sunt
1224 4741 1578 4805 scandalosi
1617 4760 1691 4805 ac
1726 4760 1913 4806 vene·

414 4840 557 4905 nosi
608 4841 690 4903 ad
740 4838 1143 4917 imitandum,
1171 4839 1351 4921 juxta
1395 4839 1551 4901 illud
1587 4856 1602 4901 t
1637 4840 1770 4903 Uva
1808 4860 1913 4905 eo-

412 4957 555 5001 rum
589 4958 713 5003 uva
758 4936 954 5015 fellis,
990 4946 1054 5000 et
1094 4936 1258 5001 botri
1294 4936 1699 5000 amarissimi.
1732 4938 1911 5003 Unde

408 5038 685 5102 habetur
732 5038 797 5099 in
829 5036 987 5099 isaia
1022 5054 1037 5098 ε
1068 5036 1185 5110 Qui
1229 5035 1575 5099 comederit
1613 5037 1691 5100 de
1720 5037 1863 5099 uvis
1884 5040 1908 5064 *

406 5154 656 5210 eorum,
676 5135 1017 5215 morietur3
1042 5142 1107 5197 et
1134 5133 1304 5216 quod
1335 5133 1667 5197 confotum
1698 5133 1904 5212 fuerit,

403 5243 705 5318 erumpet
750 5233 818 5296 in
860 5232 1177 5315 regulum.
1212 5236 1294 5295 Ec
1320 5236 1409 5293 ad
1448 5234 1736 5294 nihilum
1764 5237 1909 5312 apti

405 5342 559 5397 su‘nt
606 5332 855 5396 fructus
907 5348 1127 5396 eorum
1180 5330 1443 5408 directe,
1495 5338 1559 5394 et
1608 5330 1765 5412 ipsis
1816 5330 1907 5395 sic

2023 4369 2212 4431 quam
2264 4346 2822 4429 congregationem
2869 4354 3111 4423 amant,
3145 4345 3417 4428 eupiunt
3457 4354 3522 4409 et

2024 4456 2347 4511 sectantur
2376 4463 2598 4509 omnes
2629 4443 2840 4507 electi.
2875 4444 3214 4526 Multigena
3246 4462 3398 4509 vero
3425 4451 3522 4508 est

2022 4544 2364 4608 multitudo
2394 4542 2858 4618 haereticorum,
2895 4542 3006 4624 qui
3038 4542 3200 4606 sicut
3233 4562 3271 4605 a
3297 4542 3522 4605 Catho-

2022 4642 2187 4721 licis,
2223 4642 2316 4706 sic
2364 4642 2730 4723 discrepant
2772 4659 2810 4702 a
2857 4659 2924 4703 se
2973 4640 3131 4723 ipsis
3166 4657 3180 4703 ε
3216 4638 3520 4723 quoniam

2018 4740 2282 4824 quidam
2343 4748 2489 4803 sunt
2539 4738 2782 4815 Ariani,
2832 4739 3093 4821 quidam
3148 4738 3514 4817 Sabelliani,

2019 4840 2280 4921 quidam
2328 4836 2654 4901 Manichaei
2691 4856 2706 4899 :
2739 4837 2852 4918 qui
2892 4855 3115 4901 omnes
3155 4845 3303 4900 sunt
3345 4836 3520 4899 adul·

2020 4939 2241 5002 terinae
2291 4935 2742 5019 plantationeS,
2784 4953 2912 4998 non
2958 4933 3105 4999 fixae
3141 4935 3206 4997 in
3239 4934 3510 5012 Christo,

2019 5056 2136 5100 nec
2189 5035 2468 5107 fundatae
2516 5034 2582 5096 in
2635 5033 2922 5098 veritate.
2965 5032 3038 5096 Et
3086 5034 3138 5097 si
3190 5034 3508 5097 interdum

2017 5134 2354 5199 videantur
2387 5132 2450 5195 in
2482 5132 2702 5214 aliquo
2733 5130 2897 5196 bene
2937 5132 3194 5210 sentire,
3225 5131 3508 5216 impulsu

2018 5230 2394 5296 tentationis
2418 5228 2769 5307 diabolicae,
2813 5248 2926 5292 seu
2954 5229 3258 5311 pestifera
3286 5247 3510 5311 sugge-

2016 5330 2244 5409 stione,
2297 5328 2571 5393 faciliter
2622 5334 3149 5411 prosternuntur3
3198 5345 3294 5406 ac,
3345 5336 3507 5392 teste
