4284 6267
592 1956 757 2002 nauh.

536 2036 648 2074 xxn,
672 2024 739 2064 52.

577 4930 731 4974 Galat.
748 4943 805 4982 vi.

827 476 949 539 144

1462 493 1813 542 RNARRATIO
1856 492 1919 539 m
1961 491 2099 540 CAP.
2149 493 2281 538 xxu
2320 491 2804 541 Pnovnnmouun.
2852 513 2931 523 —
2971 495 3113 541 Am.
3159 494 3288 540 xm

829 663 971 740 hoc,
1026 673 1096 728 ut
1146 664 1551 748 passionibus
1610 663 1997 742 reformatiS,
2048 665 2127 728 ad
2177 682 2316 728 eam
2351 663 2402 726 A
2432 683 2582 743 suae,
2615 665 2679 728 id
2711 672 2828 742 est,
2852 665 3104 748 punitio
3133 685 3262 748 qua
3287 665 3671 729 aeternaliter
3699 664 3924 749 punie-

828 762 1253 826 sinceritatem
1307 772 1371 826 et
1429 763 1875 826 rectitudinem
1933 762 2123 827 bomo
2185 781 2322 844 per-

829 861 1063 938 veniat,
1098 863 1267 942 quod
1310 861 1544 944 jugiter
1592 863 1811 924 timeat
1858 859 2045 923 filiali
2094 861 2322 924 timore

828 959 1025 1022 Deum
1055 959 1245 1021 etiam
1276 957 1750 1042 quantumlibet
1780 959 2027 1022 modice
2056 959 2323 1023 inhono-

829 1076 969 1120 rare
1016 1059 1151 1121 sive
1195 1057 1552 1122 offendere.
1586 1059 1663 1120 Et
1709 1077 1837 1121 non
1882 1058 2086 1122 solum
2131 1059 2323 1121 timor

828 1156 1079 1218 Domini
1110 1165 1207 1219 est
1239 1155 1394 1218 finis
1434 1156 1780 1234 modestiae,
1818 1157 1927 1219 sed
1967 1155 2119 1218 item
2152 1160 2324 1217 dim·-

833 1257 960 1328 tioe,
995 1255 1056 1317 id
1106 1263 1199 1318 est
1248 1255 1599 1338 spiritualis
1646 1255 1975 1337 opulentia
2018 1255 2087 1318 in
2136 1255 2320 1318 donis

830 1354 1305 1435 virtutibusque
1350 1352 1744 1433 theologiciS,
1778 1364 1837 1415 et
1879 1357 2095 1431 gloria
2142 1362 2323 1416 aeter-

833 1452 1019 1529 naliS,
1050 1463 1108 1513 et
1138 1455 1273 1513 vita
1308 1451 1627 1516 beatificae
1658 1450 2005 1515 fruitionis,

912 1555 1119 1613 Arma
1160 1562 1219 1612 et
1248 1553 1469 1628 yladii
1506 1553 1577 1613 in
1626 1553 1738 1612 via
1770 1553 2052 1629 superbi,
2085 1551 2151 1613 id
2199 1559 2316 1629 θεῖ,

831 1648 1131 1731 superbia
1168 1649 1236 1711 in
1268 1649 1390 1712 viis
1422 1657 1484 1712 et
1524 1648 1709 1712 factis
1749 1649 1883 1710 suis
1927 1649 2006 1712 ad
2046 1649 2218 1712 bella
2259 1658 2322 1712 et

829 1748 1061 1811 bellica
1122 1748 1545 1811 instrumenta
1606 1748 2022 1824 convertitur,
2083 1748 2320 1830 quibus

2427 770 2531 824 tur
2567 772 2826 846 propter
2867 765 3025 827 iram
3065 773 3128 827 et
3172 763 3471 846 injuriam
3506 781 3664 844 quas
3695 763 3924 826 intulit

2429 863 2594 940 aliis,
2625 863 2747 925 erit
2785 863 2937 926 finis
2977 871 3040 926 et
3077 863 3545 927 consummatio
3586 881 3698 925 seu
3739 863 3921 924 dam-

2430 960 2602 1024 natio
2662 961 2802 1042 ejus
2864 960 3102 1025 finalis.
3159 961 3318 1024 Hinc
3373 961 3679 1044 scriptum
3741 969 3838 1022 est
3899 978 3914 1022 ε

2430 1059 2669 1121 Arastis
2723 1059 3138 1141 impietatem,
3191 1059 3592 1142 iniquitatem
3643 1057 3918 1122 messui-
3973 1075 4279 1122 oannis.

2431 1158 2567 1234 stiS‚
2620 1166 2683 1221 et
2730 1158 3118 1222 comedistis'
3147 1157 3392 1238 frugem
3445 1157 3782 1222 mendacii.
3829 1195 3918 1203 —

2433 1258 2561 1325 Qui
2608 1277 2858 1335 pronus
2907 1269 2998 1320 est
3047 1261 3136 1318 ad
3191 1261 3730 1328 misericordiam,
3785 1276 3918 1321 non

2430 1354 2636 1417 solum
2678 1374 2754 1418 ex
2793 1356 3211 1420 inclinatione
3247 1356 3532 1437 ingenita
3565 1365 3629 1419 et
3669 1366 3920 1420 natura-

2431 1452 2477 1514 li
2511 1455 2972 1537 complexione,
3005 1456 3117 1519 sed
3159 1475 3234 1518 ex
3277 1455 3728 1519 exercitatione
3765 1456 3922 1519 assi-

2429 1553 2576 1631 dua,
2621 1556 3028 1616 benedicetur
3055 1575 3078 1615 .·
3108 1553 3260 1636 quia
3306 1573 3345 1616 a
3390 1555 3518 1617 Deo
3564 1554 3730 1617 dona
3772 1571 3920 1634 gra-

2431 1651 2534 1714 tiae
2581 1660 2644 1714 ct
2688 1652 2907 1733 gloriae
2953 1652 3273 1729 sortietur,
3319 1662 3382 1716 θῖ
3430 1651 3721 1716 homines
3769 1672 3920 1716 eum

2430 1750 2804 1829 laudabunt,
2849 1750 3014 1815 bona
3046 1751 3455 1834 imprecando
3484 1751 3712 1814 eidem.
3747 1750 3921 1813 Talis

4105 1266 4150 1320 9

834 1845 1203 1929 frequenter
1262 1845 1567 1922 abutitur,
1618 1865 1747 1910 non
1808 1847 2140 1910 advertens
2204 1865 2320 1910 nec
2358 1850 2404 1911 B
2435 1848 2556 1912 fuit
2585 1859 2839 1913 sanctus
2867 1849 3007 1928 Joh,
3040 1850 3153 1932 qui
3185 1850 3274 1912 ait
3304 1870 3317 1914 :
3356 1849 3450 1912 Ab
3480 1849 3753 1913 infantia
3782 1869 3922 1914 cre-
3949 1870 4272 1921 honusta

830 1954 1119 2010 metuens
1161 1946 1330 2027 quod
1389 1945 1480 2007 ait
1525 1944 1810 2009 Salvator
1861 1963 1875 2008 :
1927 1944 2322 2027 Quicumque

828 2045 1146 2128 acceperit
1192 2045 1499 2125 gladium,
1536 2044 1748 2126 gladio
1789 2044 2051 2127 peribit.
2102 2047 2322 2106 Custos

831 2155 1045 2206 autem
1088 2146 1329 2206 animoe
1372 2164 1529 2212 suoe,
1565 2162 1647 2206 nc
1674 2150 1914 2224 peccet,
1942 2147 2126 2221 lonqe
2164 2165 2324 2205 rece·

830 2246 930 2305 dit
978 2245 1058 2304 ab
1101 2245 1218 2312 eis,
1278 2241 1340 2305 id
1398 2249 1494 2304 est
1550 2261 1587 2304 a
1639 2249 1939 2324 praetacta
1993 2259 2314 2304 armorum

832 2341 1164 2424 tyrannide
1210 2349 1273 2403 ct
1318 2340 1543 2404 abusu.
1592 2375 1667 2386 -·
1704 2342 2129 2402 Proverbium
2172 2351 2261 2402 est
2298 2362 2322 2401 .-

828 2443 1204 2502 Adolescens
1236 2440 1445 2517 jum-ta
1494 2441 1671 2500 viam
1712 2459 1925 2509 suam,
1967 2437 2030 2500 id
2082 2445 2180 2502 θεῖ
2230 2457 2322 2501 εθ-

825 2539 1105 2602 cundum
1151 2538 1409 2600 modum
1452 2556 1637 2599 suum
1679 2554 2087 2614 conversanS,
2120 2540 2322 2600 etiam

824 2657 1027 2717 quum
1063 2637 1371 2704 senuerit,
1414 2656 1543 2696 non
1587 2639 1827 2696 recedet
1866 2639 1945 2696 ab
1983 2657 2059 2696 ea
2088 2657 2111 2696 .·
2140 2636 2318 2716 juxta

826 2734 981 2796 illud
1016 2733 1373 2809 metricum,
1407 2731 1582 2807 Quod
1613 2751 1780 2796 nova
1810 2740 1970 2796 testa
2000 2734 2193 2815 capit,
2227 2733 2320 2794 in-

824 2839 1104 2898 veterata
1140 2831 1323 2914 sapit.
1351 2831 1493 2894 ldeo
1524 2831 1879 2894 versiculus
1912 2830 2022 2894 ille
2059 2832 2315 2913 repudi-

823 2940 968 2994 atur
993 2930 1363 3009 :Angelicus
1392 2929 1649 3011 juvenis
1680 2929 1943 2992 senibus
1972 2929 2316 2993 satanescit

2432 1949 2526 2012 vit
2576 1968 2826 2012 meeum
2883 1948 3232 2013 miseratio.
3285 1953 3378 2010 De
3413 1951 3697 2027 panibus
3738 1952 3920 2010 enim

2427 2049 2564 2108 suis
2593 2051 2772 2108 dedit
2797 2049 3102 2126 pauperi.
3133 2083 3214 2093 —
3247 2049 3591 2109 Victoriam
3629 2059 3687 2109 et
3725 2049 3924 2108 Itono-
3947 2121 3966 2126 -

2429 2166 2564 2206 rem
2593 2147 2882 2225 acquiret
2911 2147 3028 2224 qui
3058 2147 3174 2206 dat
3209 2165 3501 2206 munera.
3535 2144 3702 2207 Talis
3741 2145 3920 2208 enim

2429 2261 2466 2304 a
2496 2242 2716 2305 multis
2746 2241 3032 2322 diligitur
3060 2250 3122 2305 θῖ
3157 2242 3438 2322 juvatur,
3467 2242 3611 2305 etsi
3654 2261 3730 2306 ex
3758 2243 3924 2305 cari-

2429 2349 2556 2404 tate
2604 2341 2822 2422 egenis
2875 2339 3160 2420 largitur,
3213 2341 3481 2422 gratiam
3523 2341 3910 2423 praevalendi

2428 2439 2720 2503 hostibus
2767 2459 2895 2502 suae
2943 2438 3166 2502 salutis
3204 2459 3243 2501 a
3285 2439 3410 2502 Deo
3450 2439 3728 2502 sortitur.
3747 2443 3926 2502 Ani-

2431 2559 2604 2599 mam
2635 2547 2852 2600 autem
2891 2541 3110 2617 aufert
3148 2539 3611 2615 accipientium
3639 2557 3663 2601 .·
3693 2537 3759 2600 id
3787 2546 3919 2616 est,

2428 2638 2618 2700 corda
2657 2635 3107 2719 accipientium
3149 2655 3416 2699 munera
3459 2656 3572 2699 sua
3603 2636 3804 2700 allicit
3831 2637 3926 2700 si-

2426 2736 2507 2812 bi,
2560 2735 3066 2798 benevolentiam
3105 2752 3320 2798 eorum
3352 2735 3688 2816 captando,
3728 2736 3922 2816 quasi

2427 2831 2673 2894 furatur
2701 2851 2775 2896 ea
2805 2831 2986 2914 ipsiS‚
3021 2840 3086 2895 et
3123 2831 3536 2896 transformat
3575 2832 3642 2895 in
3671 2851 3762 2896 se.
3797 2833 3922 2897 Ve-

2427 2940 2785 2995 rumtamen
2817 2931 2937 2994 istc
2968 2949 3190 2996 versus
3229 2950 3356 2994 non
3396 2939 3486 2995 est
3523 2932 3590 2994 in
3625 2931 3912 2996 Hebraeo.

828 3030 895 3092 in
940 3029 1147 3092 annis.
1183 3029 1311 3092 lmo
1351 3037 1413 3091 et
1460 3028 1551 3090 ait
1596 3028 2019 3111 Philosophus
2067 3027 2318 3092 Ethico-
2345 3033 2389 3096 C
2508 3033 2690 3110 Ejioe
2715 3033 3085 3098 derisorem,
3120 3038 3188 3092 tu
3217 3031 3331 3111 qui
3374 3030 3813 3095 auctoritative
3849 3041 3918 3096 et

830 3149 969 3192 rum
1004 3128 1233 3211 primo,
1279 3145 1404 3190 non
1437 3146 1661 3209 parum
1694 3128 2015 3210 prodesse,
2049 3127 2316 3207 juvenes

832 3227 1167 3290 assuefieri
1213 3226 1523 3289 virtutum
1571 3225 1893 3308 operibuS.
1945 3226 2021 3288 Et
2080 3225 2320 3289 Seneca

835 3325 901 3388 in
944 3326 1077 3388 suis
1121 3325 1209 3388 ait
1251 3323 1607 3388 Proverbiis
1644 3342 1658 3387 :
1690 3323 1899 3386 Facile
1930 3331 2027 3387 est
2067 3332 2320 3388 teneros

831 3425 1038 3488 adhuc
1082 3442 1284 3488 annos
1327 3441 1727 3505 componere.
1761 3458 1837 3468 -
1868 3425 2063 3484 Dives
2082 3443 2324 3501 paupe-

832 3527 1012 3586 ribus
1061 3526 1360 3602 imperat,
1393 3523 1454 3585 id
1505 3529 1621 3598 est,
1657 3521 1999 3604 imperiose
2037 3522 2322 3605 loquitur

832 3624 946 3701 θίε,
982 3621 1332 3706 praesertim
1379 3620 1808 3684 servientibus
1855 3619 2002 3698 sibi,
2048 3629 2109 3684 ct
2161 3620 2322 3682 indi-

829 3722 1127 3803 gentibus
1183 3721 1305 3783 sui.
1349 3719 1535 3784 Dives
1592 3737 1848 3801 quoque
1894 3718 1959 3781 in
2010 3719 2322 3802 sapientia

830 3830 1021 3903 atque
1066 3818 1434 3896 virtutibuS,
1479 3817 1768 3901 praecipit
1805 3817 2138 3900 discipulis
2188 3818 2322 3881 suis

829 3921 1036 3984 adhuc
1085 3917 1360 4001 pusillis,
1408 3920 1491 3979 Εἰ
1540 3919 1659 3996 qui
1706 3918 1941 3994 accipit
1992 3928 2318 3990 mutuum,

828 4041 1048 4082 servus
1076 4028 1166 4079 est
1195 4018 1596 4095 foeneranda,
1639 4015 1701 4078 id
1743 4024 1839 4078 θεῖ
1867 4017 2005 4098 ejus
2045 4015 2156 4099 qui
2197 4015 2321 4078 sibi

830 4116 1263 4182 accommodat
1311 4122 1605 4177 mutuum
1660 4134 1674 4178 ε
1727 4113 1879 4195 quia
1928 4123 2180 4178 tenetur
2224 4135 2326 4178 ac-

2427 3138 2573 3212 apte
2622 3138 2801 3212 potes
2851 3130 2969 3193 hoc
3017 3128 3248 3205 facere,
3290 3139 3350 3190 et
3395 3133 3598 3192 eoeibit
3643 3151 3792 3192 cum
3845 3153 3917 3194 eo

2412 3231 2752 3307 jurgium,
2772 3228 2958 3310 cujus
2988 3227 3126 3310 ipse
3152 3236 3249 3290 est
3279 3227 3575 3292 incitator
3603 3237 3667 3292 et
3700 3249 3914 3308 causa,

2427 3331 2880 3407 cessabuntque
2924 3348 3158 3398 causoe,
3195 3327 3260 3388 id
3305 3337 3401 3390 θεῖ
3455 3327 3622 3405 Ιίῖθε,
3661 3340 3722 3391 et
3771 3351 3921 3391 con-

2433 3429 2712 3488 tumeliae
2741 3447 2764 3486 .·
2793 3443 3062 3507 quarum
3104 3424 3242 3508 ipse
3280 3425 3577 3489 incitator
3613 3435 3732 3489 est.
3767 3427 3918 3492 ldeo

2430 3543 2618 3587 causa
2649 3531 2910 3599 remota,
2945 3523 3377 3588 removebitur
3403 3532 3467 3587 et
3496 3523 3794 3588 effectus,
3815 3526 3920 3590 Sic

2430 3632 2493 3686 et
2541 3622 2874 3686 haereticus
2932 3621 3517 3704 incorrigibilisque
3565 3631 3921 3705 transgres-

2431 3739 2558 3798 sor,
2581 3730 2646 3784 et
2673 3719 3146 3784 communitatis
3178 3719 3486 3798 turbator,
3517 3730 3666 3783 sunt
3695 3721 3778 3784 ab
3807 3722 3919 3786 Ec-

2431 3820 2626 3884 clesia
2672 3827 2734 3881 et
2781 3818 3270 3898 congregatione
3317 3818 3638 3901 ejiciendi.
3673 3857 3752 3867 —
3789 3825 3920 3890 Qui

2431 3919 2655 3994 diliyit
2686 3919 2897 3977 cordis
2927 3917 3349 3987 munditiam,
3385 3917 3474 3979 ita
3502 3919 3670 3998 quod
3701 3918 3917 3997 habet,

2430 4014 2837 4098 amplectitur
2867 4022 2930 4077 et
2959 4014 3234 4078 custodit
3271 4033 3412 4078 cam
3452 4015 3518 4077 in
3547 4016 3738 4080 corde
3777 4035 3921 4095 suc,

2424 4125 2688 4193 propter
2709 4115 3001 4191 qratiam
3037 4113 3354 4175 labiorum
3376 4134 3669 4186 suorum,
3712 4115 3778 4177 id
3825 4125 3925 4178 θεῖ

832 4214 1263 4280 commodanti
1314 4214 1662 4295 rependere
1702 4212 1929 4290 vicem,
1978 4222 2040 4276 et
2080 4211 2325 4294 indiget
2354 4219 2403 4280 D
2435 4219 2692 4294 propter
2722 4211 2988 4292 gratiam
3023 4229 3152 4274 suae
3193 4211 3488 4293 puritatis
3527 4231 3669 4294 quae
3699 4213 3926 4276 redun-

833 4333 903 4378 se
949 4313 1047 4375 illi
1094 4312 1432 4395 subjicere.
1482 4310 1661 4374 Unde
1710 4319 1771 4374 et
1822 4310 2059 4374 Seneca
2111 4311 2320 4374 dixit:

838 4410 1226 4474 Beneficium
1284 4409 1593 4491 accipere,
1647 4416 1743 4472 est
1792 4409 2070 4473 vendere
2130 4408 2326 4472 liber-

836 4520 1053 4575 tatem.

920 4612 1049 4680 Qui
1076 4612 1352 4670 seminat
1382 4609 1822 4688 iniquitatem,
1858 4607 1920 4670 id
1961 4615 2055 4670 θεῖ
2088 4607 2328 4670 discor-

836 4711 1006 4774 diam
1038 4717 1149 4772 aut
1180 4707 1404 4770 falsam
1438 4706 1814 4783 doctrinam,
1834 4716 2017 4766 metet
2047 4711 2243 4776 mala,
2263 4706 2327 4769 id

836 4818 955 4886 cst,
979 4807 1452 4871 damnationem
1485 4814 1549 4868 et
1575 4813 1887 4868 tormenta
1918 4804 2182 4886 recipiet
2211 4824 2327 4887 pro

837 4908 1149 4984 mercede,
1197 4905 1447 4968 dicente
1493 4902 1815 4985 Apostolo‚
1859 4901 2007 4976 Quae
2056 4902 2329 4965 semina-

838 5007 1001 5073 verit
1043 5006 1257 5080 homo,
1305 5003 1439 5066 haec
1482 5009 1545 5063 et
1593 5007 1786 5062 metet
1811 5018 1828 5080 3
1874 5010 1935 5062 et
1980 5003 2165 5076 virqa
2211 5003 2328 5064 irae

835 5127 991 5174 suoe,
1040 5103 1107 5166 id
1150 5111 1245 5166 est
1294 5098 1623 5164 tribulatio
1670 5117 1861 5180 quam
1914 5118 1991 5162 ex
2043 5098 2135 5161 ira
2181 5099 2325 5161 aliis

837 5201 1056 5280 infert,
1104 5201 1680 5268 consummabitur,
1729 5197 1792 5260 id
1832 5204 1949 5276 θεῖ,
1986 5195 2191 5260 finem
2229 5217 2327 5261 ac-

836 5302 1064 5385 cipiet3
1106 5300 1209 5365 vel
1239 5299 1378 5381 ipse
1405 5287 1955 5362 consummabitur
1995 5296 2182 5378 virga
2213 5295 2326 5361 irae

2433 4312 2541 4373 dat
2569 4311 2635 4373 in
2671 4311 2858 4374 labiis
2889 4310 3044 4388 suis,
3069 4310 3304 4392 quibus
3335 4311 3608 4375 libenter
3634 4313 3712 4376 de
3743 4333 3926 4377 mun-

2434 4410 2592 4474 ditia
2621 4410 2941 4492 loquitur3
2977 4410 3097 4486 vel,
3133 4409 3393 4490 Propter
3422 4411 3688 4493 gratiam
3725 4411 3926 4477 labio-

2437 4528 2577 4571 rum
2621 4527 2904 4583 suorum,
2939 4507 3004 4569 id
3041 4516 3137 4571 est
3173 4509 3516 4588 gratiosam
3553 4507 3920 4574 efficaciam

2435 4628 2565 4672 suae
2595 4605 3145 4670 sermocinationis
3171 4607 3510 4683 ,venientis
3541 4627 3618 4671 ex
3646 4610 3925 4691 puritate

2435 4708 2687 4769 interna
2718 4726 2732 4771 ε
2767 4725 2843 4769 ex
2869 4725 2996 4787 qua
3025 4705 3555 4770 sermocinatione
3583 4707 3926 4771 innotescit

2435 4805 2644 4869 cordis
2685 4805 2785 4867 sui
2824 4804 3184 4884 munditia3
3233 4805 3482 4866 habebit
3513 4810 3798 4868 amicum
3829 4829 3926 4867 re-

2427 4925 2573 4982 yem
2594 4903 2792 4967 Deum
2815 4902 3317 4984 omnipotentem
3340 4903 3762 4968 essentialiter
3787 4923 3927 4968 san-

2434 5011 2606 5065 ctum
2637 5009 2700 5065 et
2729 5020 2981 5084 purum.
3017 5000 3378 5064 Similitudo
3408 5001 3582 5063 enim
3609 5011 3706 5065 est
3733 5022 3926 5067 causa

2435 5099 2692 5164 amoris.
2717 5099 2884 5160 Talis
2915 5116 3171 5179 quoque
3202 5099 3408 5180 placet
3437 5099 3611 5162 omni
3643 5100 3774 5182 regi
3809 5109 3928 5164 ter-

2434 5215 2588 5262 reno
2615 5206 2680 5261 ct
2707 5197 2898 5260 bono.
2934 5231 3008 5243 —
3040 5199 3227 5258 Oculi
3254 5199 3525 5260 Domini
3549 5201 3926 5262 custodiunt

2429 5299 2768 5359 scientiam
2796 5295 2915 5358 :id
2955 5303 3074 5373 est,
3121 5293 3356 5361 divinas
3398 5295 3652 5378 pictatis
3699 5316 3927 5381 respe-

4080 3039 4158 3094 10

4073 3835 4148 3890 11

4060 5219 4144 5275 12
