4284 6267
114 1209 131 1227 ⁶
151 1210 299 1251 antem

110 1498 223 1541 Dan.
245 1510 339 1547 xm,

172 1778 239 1833 13

174 2378 245 2433 14

80 2692 155 2734 1²⁸.
168 2692 347 2741 xvu,27.

90 3972 165 4014 Pa.
180 3971 364 4021 xxle.

94 4566 197 4610 Gen.
226 4578 273 4617 v,
292 4564 369 4606 23.

122 5052 247 5096 [bid.
266 5052 343 5093 24.

92 5291 359 5335 Redi-mv

97 5357 163 5398 ¹⁶.

1036 520 1389 570 munuum
1429 518 1494 566 IN
1534 517 1673 565 cAP.
1719 518 1782 564 lv
1822 515 1982 563 unm
2022 517 2380 565 SAPIENTOE.
2425 537 2507 550 —
2545 520 2687 567 ΛΒΤ.
2736 520 2799 567 1v

3347 506 3464 569 477

356 702 573 775 ratur3
608 695 985 757 transvertit
1024 713 1305 765 sensum,
1346 690 1408 753 id
1442 698 1558 768 est,
1594 687 1861 754 rationis
1893 686 1944 749 A
1973 690 2268 754 radisum.
2297 690 2527 773 Sicque
2555 692 2764 755 littera
2792 690 2914 755 ista
2943 691 3095 755 satis
3123 691 3468 756 concordat

356 793 721 875 corrumpit
766 792 1103 874 judicium,
1155 798 1219 855 et
1279 790 1473 854 etiam
1520 787 1862 852 exteriores

360 910 592 955 sensus
620 892 701 955 ad
732 892 983 973 objecta
1012 910 1126 954 sua
1154 888 1488 965 convertit,
1511 890 1651 948 sine
1682 887 1866 946 mali-

364 992 492 1061 tia,
523 989 591 1053 id
628 998 727 1053 est
766 1009 845 1054 ex
882 988 1287 1052 infirmitate.
1328 988 1459 1051 Hoc
1486 1004 1767 1066 namque
1796 983 1863 1045 in

366 1088 595 1151 multis
644 1088 979 1169 contingit,
1032 1106 1163 1152 non
1211 1106 1289 1151 ex
1335 1085 1561 1149 habitu
1606 1082 1862 1158 vitioso,

366 1187 482 1249 sed
530 1204 609 1251 ex
656 1185 1000 1268 fragilitate
1044 1186 1355 1265 humana3
1403 1183 1481 1246 fit
1523 1182 1755 1246 etiam*
1799 1178 1866 1242 in

368 1284 622 1348 vitiosis
653 1283 1023 1350 hominibus
1066 1304 1145 1351 ex
1190 1282 1435 1346 malitia
1471 1279 1865 1354 eorumdem,

1972 789 2341 871 hujusmodi
2386 791 2579 854 dicto.

2052 888 2526 971 Consequenter
2572 890 2950 967 ostenditur,
2999 890 3272 973 qualiter
3319 890 3470 953 insi-

1974 986 2222 1069 pientes
2259 988 2768 1051 scandalizantur
2797 997 2860 1053 et
2889 997 3104 1052 errant
3139 1008 3217 1052 ex
3253 990 3464 1054 consi-

1976 1086 2300 1150 deratione
2349 1096 2478 1149 tam
2507 1088 2734 1151 celeris
2764 1087 2985 1152 mortis
3014 1088 3191 1170 justi.
3223 1089 3477 1167 Populi·

1975 1194 2192 1246 autem
2212 1187 2499 1247 videntes
2513 1187 2761 1268 justum
2785 1194 2989 1249 morte
3018 1186 3464 1269 praeoccupari,

1975 1293 2035 1343 et
2064 1304 2196 1344 non
2228 1286 2655 1361 intelliqentes
2684 1304 2799 1348 cur
2826 1285 2987 1348 Deus
3017 1285 3080 1348 id
3113 1284 3331 1362 faciat,
3355 1304 3470 1345 nec

370 1383 488 1465 qui
517 1403 595 1447 ex
624 1384 953 1466 proposito
975 1380 1559 1465 concupiscentiam
1592 1377 1871 1442 excitant
1968 1393 2278 1459 ponentes
2308 1391 2457 1445 sunt
2497 1386 2569 1445 in
2609 1386 2992 1463 praecordiis
3036 1386 3223 1455 talia,
3255 1384 3319 1446 id
3350 1391 3466 1460 est,

372 1481 443 1544 in
474 1500 566 1559 se,
596 1482 777 1563 juxta
806 1481 1004 1545 illud:
1040 1480 1270 1543 Semen
1298 1479 1619 1555 Chanaan,
1648 1485 1711 1539 et
1740 1494 1867 1539 non

368 1581 553 1655 suda,
580 1580 829 1663 species
859 1580 1113 1661 decepit
1142 1586 1225 1656 te,
1259 1587 1322 1641 et
1352 1574 1873 1659 concupiscentia

374 1680 693 1763 subvertit
734 1698 845 1743 cor
891 1687 1093 1742 tuum.

461 1782 958 1841 Consummatus
1002 1780 1072 1839 in
1108 1778 1309 1847 brevi,
1338 1777 1621 1855 explevit
1651 1783 1873 1849 tempo-

1981 1479 2048 1541 in
2080 1481 2339 1545 secretis
2371 1500 2500 1545 suae
2531 1482 2761 1545 mentis
2795 1501 2920 1546 non
2953 1490 3224 1565 pensant
3252 1482 3474 1563 hujus—

1980 1578 2153 1641 modi
2192 1598 2336 1661 quae
2367 1588 2743 1662 sequuntur,
2778 1580 3078 1644 videlicet
3113 1598 3126 1641 ε
3161 1586 3472 1661 quoniam

1977 1678 2200 1754 ,qratia
2220 1680 2342 1739 Dei
2369 1688 2429 1739 et
2459 1682 2905 1741 misericordia
2933 1682 3006 1741 in
3035 1688 3284 1740 sanctos
3309 1682 3466 1757 ejus

1984 1775 2046 1836 id
2068 1775 2382 1857 est,'quod
2404 1776 2564 1839 Deus
2587 1766 2884 1859 pietatem
2912 1785 2974 1839 et
2995 1774 3265 1858 gratiam
3296 1798 3476 1841 suam

3602 1593 3669 1648 15

375 1899 453 1939 ra
508 1881 719 1939 multa
749 1895 773 1937 .·
805 1876 867 1940 id
915 1882 1032 1953 est,
1063 1876 1274 1957 justus
1315 1882 1517 1937 morte
1557 1889 1875 1954 praeoccu-
1909 1875 1955 1937 Β
1986 1891 2111 1936 non
2156 1873 2325 1935 tollit
2364 1893 2401 1936 a
2443 1874 2575 1936 suis
2625 1875 2856 1951 electiS,
2889 1878 3182 1957 quamvis
3220 1877 3482 1940 videan-

370 1984 583 2057 patuS‚
618 1975 787 2037 intra
827 1993 1062 2056 paucos
1104 1992 1305 2037 annos
1348 1973 1668 2037 virtuosus
1711 1967 1875 2032 effe-

370 2082 538 2151 ctu5‚
558 2074 885 2154 vitamque
915 2072 1176 2149 finiens,
1216 2079 1459 2134 tantum
1491 2068 1786 2153 profecit,
1812 2073 1875 2129 et

376 2181 621 2235 tantam
668 2171 939 2234 salutem
979 2179 1077 2235 est
1119 2178 1518 2246 consecutuS,
1552 2187 1625 2231 ac
1668 2167 1721 2228 si
1764 2164 1874 2227 diu

376 2270 667 2348 vixisset,
706 2270 804 2334 vel
847 2270 1013 2333 sicut
1052 2269 1315 2351 quidam
1356 2269 1525 2331 intra
1552 2266 1775 2345 longos
1813 2271 1876 2325 et

376 2370 615 2433 multos
662 2368 911 2431 faciunt
953 2386 1177 2431 annos.
1214 2369 1473 2430 Placita
1514 2368 1692 2427 enim
1736 2370 1877 2423 erat

375 2472 508 2530 Deo
556 2470 790 2530 anima
826 2469 969 2545 ejus
989 2488 1013 2527 .·
1036 2475 1303 2547 propter
1348 2469 1463 2527 koc
1502 2463 1878 2543 properavit

376 2568 646 2627 educere
692 2567 889 2627 illum
935 2566 1017 2625 de
1061 2566 1271 2625 medio
1317 2564 1775 2643 iniquitatum,
1812 2557 1877 2620 id

377 2671 476 2727 est
521 2664 601 2726 de
650 2662 974 2727 consortio
1024 2662 1414 2743 iniquorum,
1447 2678 1526 2723 ne
1564 2678 1711 2723 cum
1742 2676 1879 2741 per-

378 2763 585 2825 versis
635 2769 1128 2844 perverteretur.
1182 2760 1258 2822 Et
1305 2760 1393 2822 ita
1444 2760 1567 2822 suit
1612 2759 1733 2821 hoc
1791 2757 1878 2819 si-

374 2878 579 2941 gnum
638 2859 1003 2924 dilectionis
1062 2859 1168 2921 Dei
1219 2859 1297 2922 ad
1355 2877 1523 2921 eum.
1577 2856 1877 2931 Quamvis

376 2967 591 3021 autem
640 2958 1059 3041 Omnipotens
1108 2957 1311 3039 possit
1357 2956 1630 3020 electum
1680 2963 1744 3019 et
1785 2954 1879 3037 ju-

1984 1957 2086 2033 tur
2121 1970 2276 2033 foris
2317 1970 2618 2053 relinqui,
2663 1992 2779 2036 nec
2819 1974 3126 2056 distingui
3168 1976 3233 2037 in
3277 1984 3482 2039 morte

1982 2068 2063 2131 ab
2107 2068 2366 2151 impiis3
2410 2079 2468 2130 ec
2517 2081 2830 2148 respectus
2877 2074 2951 2133 in
3001 2078 3222 2135 electos
3271 2075 3481 2143 illius,

1986 2168 2048 2230 id
2092 2176 2211 2244 est,
2248 2168 2419 2250 quod
2453 2170 2616 2231 Deus
2653 2170 3000 2247 gratiosum
3043 2190 3231 2234 suum
3266 2172 3487 2254 adspe-

1983 2274 2155 2328 ctum
2196 2285 2268 2329 ac
2310 2266 2839 2347 benignissimum
2867 2268 3138 2347 vultum,
3177 2288 3213 2332 a
3251 2271 3488 2352 praede-

1985 2363 2236 2426 stinatis
2268 2382 2397 2427 non
2443 2365 2672 2429 avertit
2715 2365 3017 2444 finaliter,
3050 2368 3181 2431 imo
3227 2368 3486 2451 copiose

1985 2480 2093 2525 eos
2143 2471 2524 2541 remunerat,
2567 2472 2632 2528 et
2677 2465 2756 2529 de
2801 2466 3003 2548 gratia
3054 2466 3355 2531 transfert
3399 2469 3482 2531 ad

1984 2559 2277 2639 gloriam.
2349 2602 2356 2611 ·

2070 2662 2464 2723 Condemnac
2496 2672 2713 2724 autem
2726 2664 2950 2740 justus
2979 2675 3270 2727 mortuus
3299 2669 3478 2729 vivos

1986 2760 2243 2835 impios,
2277 2759 2339 2821 id
2370 2767 2486 2836 est,
2523 2759 2588 2821 in
2634 2758 2848 2823 futuro
2889 2762 3136 2843 judicio
3179 2765 3478 2828 condem-

1988 2855 2168 2919 nabit
2197 2856 2534 2919 assessoria
2564 2857 2892 2939 dignitate,
2929 2860 3095 2923 sicut
3122 2863 3477 2945 expositum

1988 2962 2104 3016 est.
2136 2952 2529 3016 Condemnat
2559 2974 2816 3037 quoque
2845 2977 2952 3020 eos
2983 2962 3479 3043 comparatione,

3611 2668 3678 2723 16

378 3065 553 3120 stum
582 3057 778 3120 etiam
820 3057 987 3119 inter
1029 3055 1470 3137 iniquissimos
1503 3072 1881 3119 conservare
1914 3054 1959 3118 C
1987 3051 2140 3132 quia
2198 3070 2272 3114 ex
2321 3051 2830 3119 consideratione
2884 3065 2949 3120 et
3003 3060 3479 3140 comparatione

379 3155 761 3233 immunem,
792 3154 962 3218 sicut
990 3162 1053 3217 et
1092 3154 1327 3217 multos
1358 3153 1517 3217 tales
1547 3158 1882 3217 conservat

380 3254 715 3336 quotidie·;
767 3254 907 3337 ipse
954 3261 1168 3317 tamen
1219 3253 1286 3315 in
1335 3252 1608 3316 diversis
1661 3251 1882 3315 electis

378 3353 814 3416 diversimode
856 3359 1179 3435 operatur,
1226 3350 1765 3434 quemadmodum
1821 3356 1885 3412 et

383 3453 453 3515 in
493 3450 895 3515 naturalibus
941 3451 1155 3528 rebuS‚
1191 3469 1307 3513 nec
1355 3450 1572 3514 omnia
1622 3447 1753 3532 agit
1797 3465 1887 3510 se-

383 3550 669 3613 cundum
713 3548 1245 3629 omnipotentiam
1284 3566 1486 3625 suam,
1520 3547 1629 3610 sed
1670 3544 1887 3627 aliqua

384 3648 601 3731 potius
629 3648 807 3729 juxta
849 3646 1175 3728 sapientiae
1204 3665 1333 3710 suae
1366 3645 1741 3722 decentiam,
1776 3652 1886 3706 aut

389 3766 589 3830 penes
633 3764 849 3809 rerum
898 3744 1406 3826 dispositionem.
1450 3743 1627 3806 Unde
1667 3742 1887 3825 praedi-

390 3855 509 3909 ctae
546 3844 781 3907 rationi
821 3845 901 3906 de
938 3850 1069 3905 tam
1108 3842 1301 3905 celeri
1330 3841 1761 3904 subtractione
1786 3840 1888 3922 ju-

394 3942 499 4019 sti,
535 3949 849 4005 consonat
894 3940 1057 4003 illud
1094 3939 1437 4033 Psalmjstae
1471 3958 1485 4003 ε
1520 3938 1887 4001 Abscondes

394 4060 503 4105 eos
554 4041 621 4103 in
662 4040 1039 4105 abscondito
1086 4037 1277 4101 faciei
1318 4045 1439 4100 tuae
1483 4056 1520 4099 a
1559 4036 1893 4100 conturba·

395 4139 571 4204 tione
612 4138 971 4202 hominum.

1988 3149 2135 3212 vitae
2183 3169 2314 3213 suae
2351 3159 2635 3233 apparet,
2677 3171 2872 3234 quam
2908 3154 3080 3236 justa
3125 3156 3208 3218 sit
3251 3157 3487 3239 impio-³

1989 3266 2130 3309 rum
2167 3248 2512 3312 damnatio.
2547 3248 2678 3314 [mo
2720 3251 2812 3314 sic
2851 3252 3064 3314 minus
3108 3252 3259 3315 mali
3303 3254 3480 3317 dam-

1990 3354 2148 3408 nant
2174 3348 2445 3429 pejores,
2479 3348 2728 3412 Christo
2757 3348 3046 3413 dicente:
3082 3350 3216 3415 Viri
3251 3352 3486 3416 Ninivi-
3535 3370 3778 3426 matthan,

1993 3452 2073 3506 tae
2104 3454 2367 3526 surgent
2396 3446 2462 3509 in
2487 3446 2729 3527 judicio
2761 3456 2982 3511 contra
3009 3451 3486 3530 generationem
3515 3434 3586 3476 ⁴¹·

1996 3542 2206 3619 istam,
2245 3551 2308 3606 et
2344 3545 2861 3608 condemnabunt
2899 3566 3062 3610 eam.
3095 3549 3357 3627 RursuS,
3390 3549 3490 3631 ju-·

1998 3649 2132 3703 stus
2176 3650 2466 3705 mortuus
2511 3643 2770 3705 damnat
2808 3645 3038 3728 impios
3073 3647 3251 3711 vivos
3285 3666 3298 3711 :
3333 3648 3485 3729 quia

1998 3739 2351 3803 recordatio
2407 3740 2670 3821 justitiae
2737 3762 2867 3806 suae
2933 3744 3326 3808 demonstrat
3381 3765 3491 3810 eos

1999 3838 2406 3901 damnatione
2444 3839 2815 3920 condignos,
2857 3842 3121 3929 Iterum,
3143 3843 3355 3925 justus
3385 3846 3492 3908 de-

2000 3933 2260 3999 functus
2316 3938 2575 3999 damnat
2630 3937 2888 4020 iniquos
2938 3940 3227 4004 viventes
3277 3959 3291 4004 :
3338 3944 3492 4025 quia

1999 4034 2374 4098 Sanctorum
2411 4034 2639 4099 animae
2679 4035 2812 4100 zelo
2853 4038 3118 4120 justitiae
3145 4040 3493 4123 aliquando

2000 4141 2305 4215 expetunt
2332 4136 2411 4196 de
2442 4133 2574 4196 suis
2605 4137 3116 4218 persecutoribus
3157 4139 3487 4219 ultionem,

477 4240 557 4302 At
592 4256 745 4301 vero
787 4246 988 4301 totum
1028 4235 1201 4318 quod
1239 4235 1482 4299 dictum
1526 4242 1623 4296 est
1650 4233 1777 4311 hic,
1811 4233 1893 4295 ab
1922 4241 1971 4303 D
2000 4231 2176 4313 juxta
2205 4232 2366 4294 illud
2388 4233 2800 4317 Apocalypsis
2828 4253 2842 4297 ε
2868 4236 3111 4300 Animae
3132 4238 3494 4305 interfecto-
3535 4251 3785 4307 amna,

396 4338 511 4401 illo
544 4337 707 4413 loce,
741 4336 1000 4397 Placens
1042 4335 1189 4411 Deo,
1227 4332 1433 4396 factus
1461 4331 1752 4408 dilectuS,
1786 4333 1895 4395 ali-

398 4436 511 4518 qui
541 4434 767 4498 dicunt
806 4435 885 4495 ad
924 4433 1200 4496 litteram
1240 4431 1482 4494 dictum
1516 4432 1596 4495 de
1626 4431 1840 4494 Enoch
1875 4447 1889 4493 :

400 4535 513 4616 qui
574 4532 726 4597 licet
770 4531 1001 4596 vixerit
1056 4531 1241 4593 annis
1300 4530 1619 4607 trecentis,
1683 4539 1894 4592 tamen

398 4630 876 4714 comparatione
905 4648 1129 4693 eorum
1156 4630 1269 4711 qui
1302 4638 1451 4692 tunc
1482 4628 1899 4692 communiter

399 4730 741 4812 nongentis
772 4729 957 4791 annis
988 4729 1303 4805 vixerunt,
1329 4728 1581 4792 modico
1613 4736 1897 4810 tempore

399 4831 658 4895 videtur
688 4827 943 4904 vixisse,
976 4834 1049 4889 et·
1076 4827 1142 4888 in
1184 4826 1361 4889 brevi
1402 4826 1691 4908 explesse
1734 4834 1898 4889 tem-

400 4947 559 5011 pora
596 4928 833 5008 multa3
874 4934 1067 5007 atque
1106 4924 1450 4987 translatus
1480 4933 1575 4987 est
1614 4924 1679 4985 in
1720 4943 1900 5006 para-

399 5028 638 5105 disum,
660 5028 838 5109 juxta
864 5025 1027 5088 illud
1064 5044 1077 5089 :
1114 5023 1480 5086 Ambulavit
1508 5022 1724 5086 Enoch
1753 5042 1899 5086 cum

402 5127 554 5203 De0,
588 5134 652 5187 et
680 5144 807 5189 non
838 5123 1158 5207 apparuit,
1182 5122 1334 5204 quia
1368 5122 1688 5184 transtulit
1716 5122 1895 5185 illum

405 5223 735 5287 Dominus,
786 5223 864 5284 Et
917 5223 986 5286 in
1044 5220 1489 5285 Ecclesiastico
1545 5219 1814 5283 habetur
1878 5241 1891 5286 :

362 5320 377 5340 ⁹
404 5321 627 5385 Enoch
658 5320 899 5403 placuit
926 5321 1075 5397 Deo,
1108 5328 1175 5381 et
1201 5319 1543 5381 translatus
1570 5327 1668 5382 est
1694 5319 1761 5381 in
1791 5336 1903 5401 pa·-

2007 4349 2148 4393 rum
2189 4330 2550 4395 clamabant
2599 4351 2754 4396 voce
2794 4353 3024 4416 magna
3064 4353 3079 4398 t
3122 4337 3487 4421 Usquequo,
3525 4317 3592 4358 ¹⁰·

2006 4430 2292 4508 Domine,
2325 4440 2580 4495 sanctus
2620 4440 2683 4495 et
2726 4452 2935 4511 veruS,
2971 4452 3100 4499 non
3137 4436 3384 4518 judicas
3431 4449 3496 4504 et

2007 4546 2135 4591 non
2185 4528 2471 4593 vindicas
2518 4530 2893 4611 sanguinem
2937 4542 3226 4597 nostrum
3265 4538 3346 4600 de
3392 4538 3493 4601 his

2007 4627 2119 4708 qui
2152 4628 2442 4691 habitant
2480 4628 2547 4690 in
2587 4633 2790 4691 terra?
2820 4630 2998 4695 Unde
3026 4640 3089 4695 et
3118 4634 3185 4695 in
3218 4634 3499 4715 Evange-

2008 4726 2095 4789 lio
2123 4725 2410 4789 Christus
2439 4728 2776 4791 disseruit:
2801 4730 2963 4793 Deus
2994 4749 3118 4794 non
3153 4732 3341 4797 faciet
3368 4734 3528 4799 vin-·
3553 4752 3791 4807 Lamum,

2008 4824 2243 4888 dictam
2291 4845 2617 4890 servorum
2655 4845 2914 4890 suorum
2957 4829 3371 4894 clamantium
3416 4834 3495 4896 ad
3529 4818 3627 4868 ⁷‘⁸·

2010 4924 2220 5006 ipsum
2260 4924 2362 4987 die
2393 4944 2467 4987 ac
2505 4930 2725 4989 nocte?
2754 4926 2904 4990 Dico
2943 4927 3128 4991 vobis
3164 4930 3320 5012 quia
3369 4932 3496 4996 cito

2011 5021 2204 5085 faciet
2237 5022 2586 5086 vindictam
2627 5024 2906 5088 illorum.
2960 5026 3118 5090 Hinc
3164 5048 3384 5093 rursus
3427 5031 3495 5093 in

2009 5120 2382 5203 Apocalypsi
2430 5122 2752 5186 inducitur
2803 5140 2817 5185 ε
2869 5124 3132 5190 Reddite
3178 5127 3276 5189 illi
3330 5129 3498 5193 sicut
3538 5157 3790 5213 ameum,

2010 5228 2075 5285 et
2121 5220 2260 5301 ipsa
2301 5219 2577 5282 reddidit
2610 5220 3177 5306 vobis;-duplicate
3214 5226 3498 5309 duplicia
3529 5222 3571 5264 ⁶·

2012 5318 2362 5383 secundum
2392 5336 2583 5401 opera
2607 5319 2765 5402 ejus.
2791 5322 3200 5401 Etjuventuc
3227 5328 3500 5389 celerius
