4284 6267
863 477 984 540 286

1564 491 1916 539 munaum
1955 490 2022 537 m
2064 490 2204 539 GAP.
2252 488 2340 537 xn
2382 488 2819 538 BCGLBSIASTAE.
2864 512 2945 523 -
2984 492 3127 541 Am.
3172 492 3261 541 111

579 685 598 703 ·
617 682 832 735 Quoniam
862 666 1232 749 compescit.
1269 667 1538 735 Quando
1557 663 1582 686 *
1611 665 1733 725 ibit
1766 663 1949 725 homo
1977 664 2050 723 in
2081 665 2345 723 domum
2384 658 2435 721 A
2467 658 2652 724 tertio
2680 661 3005 743 digeritur,
3026 673 3585 750 sequestraturquc
3613 684 3847 747 purum
3874 666 3961 729 ab

858 767 1243 827 a’t-ernitatis
1269 786 1428 834 su-oe,
1467 762 1531 825 id
1571 772 1668 826 est
1708 770 1939 825 statum
1980 769 2044 825 et
2072 759 2356 823 mansio·

860 883 1004 949 nem
1058 863 1259 926 futuri
1317 862 1555 938 saeculi,
1608 862 1795 943 cujus
1847 860 2098 923 duratio
2150 858 2349 921 finem

857 981 986 1025 non
1036 962 1246 1038 habet,
1279 972 1338 1022 et
1379 962 1750 1023 circuibunt
1794 962 1867 1020 in
1909 963 2128 1037 platea
2168 962 2356 1036 plan-

850 1072 1092 1139 gentes,
1133 1061 1198 1123 id
1239 1069 1334 1123 est
1378 1059 1723 1143 propinqui
1761 1065 1825 1121 et
1867 1057 2079 1135 amici,
2128 1055 2357 1119 defun-

857 1169 1030 1223 ctum
1060 1158 1474 1247 ad·tumulum
1503 1156 1877 1234 deserentes,
1891 1157 2166 1239 ejusque
2194 1172 2356 1218 mor-

860 1266 986 1322 tem
1031 1259 1098 1322 in
1143 1257 1246 1321 via
1285 1256 1621 1321 deflentes,

677 1350 713 1404 6
939 1362 1306 1438 Antequam
1353 1367 1705 1436 rumpatur
1749 1356 1936 1433 funis
1987 1364 2347 1432 argenteus.

859 1458 924 1520 ln
957 1455 1257 1521 omnihus
1289 1455 1390 1517 his
1420 1455 1834 1537 repetendum
1867 1461 1960 1517 est
1993 1453 2155 1516 illud
2190 1470 2204 1515 ε
2240 1452 2351 1515 Me-

785 1618 798 1629 ,
857 1565 1073 1619 mento
1128 1554 1443 1619 Creatoris
1499 1553 1614 1618 tui.
1664 1554 1880 1635 Itaque
1942 1551 2355 1615 reminiscere

860 1654 967 1719 Dei
1009 1655 1101 1718 tui
1141 1654 1597 1728 indesinenter,
1630 1661 1972 1736 antequam
2013 1658 2352 1733 rumpatur

857 1753 1030 1817 funis
1063 1762 1422 1837 argenteuS,
1457 1752 1522 1815 id
1553 1752 1649 1815 est
1677 1749 2014 1833 splendida
2041 1749 2175 1813 vita
2206 1749 2347 1826 ista,

2467 758 2717 842 impuro
2752 779 2765 823 ε
2801 770 2865 824 et
2904 764 3225 845 impurum
3267 764 3582 828 emittitur
3619 784 3733 848 per
3772 766 3963 829 sudo-

2463 877 2595 921 rem
2640 869 2702 922 et
2744 870 3038 943 sputum;
3083 863 3314 927 deinde
3359 884 3587 945 purum
3634 864 3955 941 relictum,

2465 976 2579 1039 per
2634 959 2920 1022 membra
2980 962 3324 1043 spargitur.
3387 963 3461 1024 Et
3521 963 3583 1025 in
3649 961 3957 1026 membris

2463 1066 2689 1137 quarto
2736 1058 3065 1139 digeritur,
3116 1069 3674 1144 sequestraturque
3723 1082 3953 1145 purum

2461 1155 2543 1217 ab
2572 1156 2823 1239 impuro
2859 1176 2873 1220 :
2908 1167 2971 1222 et
3000 1159 3161 1222 illud
3194 1160 3539 1242 impurum,
3568 1161 3739 1242 quod
3768 1161 3953 1242 quasi

2461 1273 2693 1337 purum
2734 1264 2851 1333 est,
2888 1266 3174 1321 servatur
3219 1258 3283 1320 in
3327 1258 3496 1321 vasis
3532 1260 3953 1342 spermaticis,

2462 1360 2525 1415 et
2574 1352 2639 1416 in
2686 1356 3097 1435 generatione
3146 1356 3490 1437 emittitur3
3533 1357 3953 1441 purissimum

2460 1462 2671 1516 autem
2717 1454 3033 1532 relictum,
3086 1456 3479 1520 convertitur
3530 1456 3596 1518 in
3638 1455 3961 1521 membro-

2462 1571 2602 1625 rum
2659 1553 3102 1631 substantiam,
3165 1553 3403 1618 factum
3459 1554 3702 1633 vivum,
3763 1564 3957 1638 atque

2462 1651 2819 1715 substantia
2860 1652 3028 1716 vitae.

2548 1754 2628 1813 Et
2652 1752 3062 1814 conteratur*
3091 1764 3232 1814 rota
3268 1774 3464 1831 super
3488 1756 3854 1828 cisternam,
3888 1754 3954 1816 id
4016 1785 4233 1839 οωψς,

856 1854 1056 1916 instar
1093 1852 1366 1917 funiculi
1407 1853 1513 1914 diu
1551 1858 1891 1934 protracta,
1925 1868 2037 1912 seu
2073 1848 2352 1911 ele-men·
2384 1844 2434 1909 B
2460 1859 2554 1914 est
2604 1859 2817 1933 caput,
2865 1852 3065 1914 instar
3115 1860 3267 1915 rotae
3320 1853 3682 1929 rotundum,
3732 1873 3956 1936 super-
3982 1854 4121 1903 ⁹⁰¹⁸*

853 1961 1062 2015 torum
1114 1950 1502 2029 commixtio,
1544 1950 1744 2012 instar
1797 1947 2066 2011 l'uniculi
2115 1947 2183 2009 in
2242 1955 2349 2009 tuo

853 2069 1116 2133 corpore
1149 2049 1447 2131 colligata
1479 2065 1493 2110 :
1527 2048 1648 2110 hoc
1687 2055 1804 2123 est,
1835 2054 2177 2128 antequam
2221 2043 2350 2107 dis-

851 2149 1135 2212 solvatur
1180 2146 1634 2231 complexionis
1684 2154 1809 2208 tuae
1854 2144 2211 2208 harmonia.
2260 2146 2347 2205 Et

850 2258 1147 2310 recurrat
1176 2249 1340 2308 vitta
1369 2267 1594 2319 aurea,
1611 2244 1737 2322 vel,
1761 2252 1832 2306 ut
1861 2242 2062 2325 aliqui
2096 2242 2339 2323 legunt,

850 2347 995 2412 Vita
1038 2365 1250 2411 aurea.
1303 2345 1417 2409 Per
1463 2345 1686 2408 vittam
1742 2362 2022 2420 auream,
2075 2341 2339 2425 quidam

850 2445 1219 2524 intelligunt
1247 2444 1525 2507 animam
1557 2442 1922 2526 pretiosam,
1957 2440 2153 2507 variis
2186 2440 2342 2503 viri-

848 2543 969 2607 bus
1000 2542 1624 2626 proprietatibusque
1652 2541 1969 2604 intextam.
1987 2540 2063 2601 Et
2085 2558 2341 2602 auream

850 2642 1071 2719 vitam,
1123 2642 1380 2723 quidam
1441 2639 1766 2722 accipiunt
1819 2638 2014 2701 vitam
2065 2636 2343 2701 suturam

848 2740 1038 2823 justis
1071 2740 1470 2823 promissam,
1505 2747 1566 2802 et
1600 2737 1772 2800 vitiis
1801 2737 2112 2821 perditam
2150 2758 2165 2801 t
2202 2756 2344 2819 quae

848 2840 937 2904 ita
967 2860 1034 2904 se
1064 2839 1253 2903 habet
1284 2839 1363 2902 ad
1394 2838 1587 2901 vitam
1619 2844 2020 2920 praesentem,
2045 2835 2210 2898 sicut
2237 2854 2345 2898 au-

847 2960 984 3003 rum
1019 2940 1097 3003 ad
1138 2944 1494 3019 argentum.
1530 2935 1735 2999 Potest
1775 2952 2033 3017 quoque
2070 2952 2186 3017 per
2224 2934 2345 2998 vit-

2458 1949 2736 2031 positum
2785 1951 2985 2028 cordi,
3039 1951 3209 2032 quod
3253 1959 3350 2014 est
3398 1950 3543 2016 fons
3595 1951 3825 2016 caloris
3870 1972 3947 2016 ac

2458 2049 2747 2112 vitalium
2807 2049 2985 2129 origo
3040 2050 3403 2133 spirituum.
3455 2053 3543 2113 Et
3586 2063 3953 2114 revertatur
4098 2073 4133 2127 7

2453 2150 2674 2224 pulvis
2702 2151 2777 2209 in
2819 2158 3058 2210 tem-am
3094 2170 3283 2209 suam
3322 2152 3497 2210 unde
3528 2161 3689 2221 erat,
3724 2150 3786 2211 id
3824 2159 3947 2227 est,

2455 2266 2601 2311 caro
2632 2248 2985 2311 resolvatur
3016 2248 3082 2309 in
3123 2256 3353 2311 terram
3388 2268 3403 2311 :
3438 2266 3604 2330 quae,
3633 2257 3943 2330 quantum

2454 2347 2531 2410 ad
2561 2346 2914 2424 materiam,
2935 2346 3431 2430 praedominatur
3461 2347 3526 2411 in
3558 2366 3856 2430 corpore;
3890 2359 3953 2411 et

2452 2447 2727 2524 spiritus
2764 2448 2979 2507 redeat
3016 2448 3105 2507 ad
3138 2447 3326 2507 eum*
3355 2449 3473 2527 qui
3512 2448 3691 2507 dedit
3730 2449 3951 2517 illum,

2457 2544 2520 2606 id
2566 2552 2660 2607 est
2710 2543 2788 2607 ad
2835 2542 3217 2621 Creatorem,
3262 2553 3335 2607 ut
3374 2544 3695 2627 judicetur
3742 2554 3806 2608 et
3847 2564 3949 2609 re-

2454 2650 2844 2705 muneretur.
2878 2640 3010 2716 Qua
3046 2642 3419 2707 auctoritate
3456 2641 3949 2707 confunduntur

4008 2465 4175 2509 ⁶1>u=n

2416 2740 2839 2831 §Apollinaris
2876 2748 2940 2804 et
2978 2741 3079 2803 sui
3120 2760 3445 2823 sequaceS,
3482 2742 3769 2805 dicentes
3812 2742 3953 2805 ani-

2453 2858 2587 2902 mas
2626 2859 2770 2903 cum
2814 2838 3190 2922 corporibus
3231 2840 3593 2922 propagari,
3628 2840 3947 2917 descindi,

2452 2958 2523 3001 ac
2554 2937 2879 3015 seminari,
2914 2956 3038 3001 non
3070 2937 3152 3000 ab
3182 2946 3361 3002 extra
3388 2937 3679 3018 infundi3
3714 2948 3779 3002 et
3810 2938 3952 3021 qui-

847 3048 972 3102 tam
1034 3056 1312 3115 auream,
1375 3034 1729 3116 significari
1787 3032 2189 3097 nobilissima
2232 3032 2343 3095 illa
2378 3031 2422 3094 C
2450 3036 2593 3099 dam
2627 3036 2990 3119 philosophi
3020 3055 3095 3099 ac
3124 3036 3471 3114 Sadducaei,
3506 3037 3618 3118 qui
3648 3036 3949 3100 dixerunt

828 3136 1198 3214 harmonia,
1223 3154 1366 3219 quae
1398 3134 1465 3197 in
1495 3133 1960 3197 resurrectione
1991 3131 2208 3196 sutura
2237 3130 2343 3194 tri·

841 3235 1074 3299 buetur
1111 3234 1355 3311 electiS,
1390 3242 1456 3297 et
1495 3232 1860 3314 aliqualiter
1902 3231 2028 3294 fuit
2067 3237 2216 3294 ante
2258 3230 2342 3293 la-

842 3354 1028 3418 psum
1070 3335 1136 3396 in
1182 3332 1406 3416 primis
1453 3329 1848 3415 parentibus.
1897 3329 2112 3411 Itaque
2161 3337 2339 3392 ante-

841 3453 1031 3516 quam
1057 3434 1270 3497 anima
1301 3440 1584 3495 recurrat
1604 3430 1681 3493 ad
1713 3447 1898 3492 suum
1924 3428 2336 3506 conditorem,

840 3543 904 3597 et
949 3541 1287 3615 antequam
1333 3530 1466 3596 vita
1505 3529 1690 3593 beata
1738 3527 2056 3605 reddatur,
2090 3545 2338 3591 memor

841 3632 928 3695 sis
975 3631 1108 3695 Dei.

921 3734 1006 3794 Ec
1043 3739 1414 3791 conteratur
1451 3728 1692 3805 hydria
1731 3745 1926 3803 super
1961 3726 2229 3802 fontem,
2273 3723 2336 3785 id

839 3839 956 3905 est,
993 3828 1203 3893 vesica
1234 3826 1572 3889 humorum
1605 3823 2044 3906 aquaticorum
2075 3830 2337 3885 conten-

843 3928 993 4005 tiva,
1027 3928 1389 3990 destruatur
1434 3923 1515 3986 ad
1558 3922 1954 3985 stomachum
2003 3938 2019 3983 ε
2065 3940 2142 3984 ex
2185 3939 2330 4002 qu0,

839 4026 1015 4090 velut
1043 4045 1118 4087 ex
1149 4022 1348 4100 fonte,
1370 4020 1638 4101 suscipit
1668 4020 1855 4083 talem
1881 4019 2335 4083 humorem.Ut

836 4124 1006 4188 enim
1049 4123 1138 4185 ait
1174 4120 1446 4203 Cyrillus
1489 4119 1555 4182 in
1595 4118 1726 4181 suis
1764 4116 2144 4195 Proverbiis,
2180 4136 2335 4199 qua-

2449 3136 2694 3198 animas
2734 3135 3064 3199 hominum
3106 3135 3268 3199 mori
3307 3153 3454 3198 cum
3492 3153 3781 3217 corpore.

2529 3232 2637 3295 His
2668 3232 3099 3315 metaphorice
3126 3252 3199 3295 ac
3229 3231 3590 3315 parabolice
3618 3232 3831 3311 dietis,
3865 3235 3947 3298 ad

2450 3330 2835 3413 principium
2880 3330 3043 3393 redit
3082 3330 3275 3411 hujus
3312 3330 3659 3394 voluminis
3694 3347 3709 3392 :
3750 3334 3949 3393 Vani-
4082 3342 4116 3396 8

2450 3439 2567 3502 tna,
2620 3428 2941 3511 inquienS,
2988 3431 3381 3497 vanitatum,
3411 3432 3589 3491 dixit
3628 3432 3947 3492 Ecclesia-

2444 3537 2591 3598 ειεε,
2637 3538 2697 3589 et
2743 3530 2968 3590 omnia
3014 3530 3273 3590 vanitas
3325 3549 3349 3589 .·
3400 3528 3565 3591 sicut
3618 3526 3683 3590 in
3734 3529 3943 3611 primo

2446 3625 2726 3707 capitulo
2770 3626 3126 3709 expositum
3172 3634 3290 3689 est.
3341 3625 3662 3708 Tanquam
3718 3626 3938 3691 dicat:

2444 3724 2647 3797 Quum
2674 3725 2883 3789 omnis
2912 3725 3106 3788 homo
3143 3725 3221 3787 ad
3254 3722 3453 3787 finem
3492 3724 3688 3787 istum
3724 3735 3943 3789 ventu-

2443 3841 2553 3885 rus
2593 3824 2698 3901 sit,
2734 3832 2805 3885 ut
2842 3842 3075 3906 corpus
3116 3824 3439 3904 redigatur
3476 3823 3543 3885 in
3583 3823 3937 3906 pulverem,

2444 3930 2508 3983 et
2544 3922 2760 3984 anima
2798 3929 3151 3985 revertatur
3189 3920 3269 3982 ad
3299 3919 3698 4001 Creatorem3
3730 3922 3939 3986 vanis-

2442 4020 2675 4083 simum
2716 4029 2833 4097 est,
2868 4020 2935 4082 in
2968 4018 3157 4082 rebus
3186 4018 3467 4094 caducis,
3503 4018 3568 4081 in
3599 4018 3849 4082 deliciis
3878 4028 3941 4083 et

2445 4118 2667 4182 mundi
2711 4117 3061 4182 honoribus
3106 4116 3427 4200 occupari,
3476 4116 3939 4182 beatitudinem

835 4232 981 4286 tuor
1029 4218 1491 4302 digestionibus
1547 4217 1732 4281 cibus
1780 4216 2214 4300 percoquitur,
2266 4223 2335 4278 ut
2362 4217 2412 4279 D
2444 4236 2749 4299 quaerere,
2791 4224 2855 4278 et
2898 4216 3284 4279 constituere
3322 4215 3520 4279 finem
3568 4216 3635 4277 in
3673 4215 3933 4280 talibus.

835 4322 1068 4386 deinde
1134 4319 1441 4384 membris
1506 4317 1727 4400 purior
1790 4325 1984 4398 atque
2046 4315 2335 4378 veracior

835 4420 1173 4485 tribuatur.
1213 4416 1432 4483 Omnis
1472 4416 1706 4481 etenim
1749 4413 1953 4491 cibus,
1987 4422 2329 4496 antequam

835 4518 1206 4583 substantiae
1265 4516 1474 4580 carnis
1537 4515 2000 4598 incorporetur,
2062 4520 2334 4594 quatuor

832 4618 1296 4702 digestionibus
1339 4622 1745 4699 expurgatur.
1788 4612 1997 4676 Primo
2037 4612 2214 4677 vadit
2253 4612 2329 4674 ad

833 4717 1253 4794 stomachum,
1291 4723 1355 4778 et
1383 4714 1470 4777 ibi
1507 4712 1841 4793 digeritur,
1875 4719 1939 4774 et
1977 4718 2339 4792 sequestra-

834 4822 935 4877 tur
964 4834 1196 4898 purum
1226 4812 1305 4876 ab
1336 4812 1612 4894 impuro,
1646 4818 1709 4873 et
1740 4808 2063 4892 impurum
2094 4806 2335 4871 emitti-

833 4923 936 4976 tur
964 4932 1078 4995 per
1105 4930 1446 4975 secessum.
1481 4908 1718 4972 Deinde
1755 4925 1986 4990 purum
2032 4906 2328 4969 relictum

832 5013 909 5076 ad
943 5012 1140 5095 hepar
1165 5008 1500 5085 emittitur,
1525 5026 1599 5069 ac
1631 5005 1715 5068 ibi
1749 5005 2091 5086 digeritur3
2126 5003 2333 5087 fitque

829 5112 1110 5193 sanguiS,
1143 5118 1208 5174 et
1249 5115 1682 5191 sequestratur
1724 5123 1953 5189 purum
1996 5104 2078 5168 ab
2117 5104 2334 5187 impu-

829 5231 900 5276 ro
954 5229 968 5273 z
1022 5210 1344 5293 impurum
1403 5204 1716 5270 emittitur
1762 5224 1877 5287 per
1927 5202 2201 5279 urinam,
2258 5221 2331 5265 ac

739 5304 746 5311 ’
827 5328 1058 5395 purum
1090 5306 1405 5384 relictum,
1441 5323 1478 5367 a
1508 5302 1692 5369 venis
1728 5301 2090 5366 attrahitur.
2124 5301 2201 5364 Et
2232 5300 2327 5365 ibi

2528 4318 2861 4394 Qttumque
2890 4325 3043 4375 esset
3073 4315 3591 4391 sapientissimus
3627 4317 3940 4377 Ecclesia·
4074 4328 4105 4382 9

2441 4424 2563 4473 stes
2592 4436 2615 4475 .·
2644 4421 2832 4496 prout
2863 4412 3049 4475 tertio
3087 4411 3327 4491 Regum
3356 4420 3421 4474 et
3448 4412 3727 4477 secundo
3757 4413 3937 4477 Para·
3980 4435 4194 4488 mnam.

2443 4511 2836 4594 lipomenon‚
2884 4530 3077 4594 supra
3116 4529 3373 4593 quoque
3416 4511 3769 4593 expositum
3814 4520 3931 4575 est.
3963 4492 4193 4605 222²,ss

2442 4610 2749 4692 Loquitur
2775 4619 2985 4673 autem
3016 4609 3095 4673 de
3124 4627 3192 4672 se
3218 4608 3369 4691 ipso,
3388 4608 3561 4691 quasi
3592 4610 3673 4673 de
3702 4609 3846 4688 alio,
3866 4620 3935 4673 ut
3964 4621 4193 4668 uocatis.

2442 4707 2638 4773 moris
2658 4717 2767 4793 ‘est
2794 4707 3160 4773 auctoribus
3200 4706 3669 4789 Scripturarum
3702 4708 3769 4770 in
3798 4726 3937 4790 pro·

2441 4806 2599 4891 priis
2639 4807 2818 4889 loqui
2856 4806 3063 4870 libris.
3096 4805 3173 4869 Se
3212 4823 3467 4887 quoque
3506 4806 3930 4881 commendat,

2443 4925 2569 4969 non
2614 4907 2689 4969 ad
2735 4904 3057 4988 propriam
3098 4904 3374 4981 laudem,
3408 4904 3519 4967 sed
3555 4904 3633 4967 ad
3677 4905 3787 4968 Dei
3828 4904 3937 4969 ho·

2442 5023 2661 5069 norem
2705 5013 2767 5067 et
2818 5012 3097 5067 nostram
3140 5000 3657 5079 aedificationem,
3690 5010 3762 5065 ut
3804 5021 3939 5066 cer—

2442 5104 2569 5167 tius
2610 5103 2671 5166 ei
2700 5103 3055 5179 credamuS,
3089 5102 3359 5183 ejusque
3400 5100 3593 5164 verba
3630 5102 3937 5165 attentius

2439 5201 2967 5285 contemplemur.
3008 5203 3242 5262 Docuit
3277 5204 3597 5280 populum
3638 5200 3940 5263 Israeliti-

2440 5320 2585 5365 cum
2618 5299 2742 5363 sibi
2772 5298 3207 5376 commissum,
3239 5298 3591 5381 praesertim
3632 5298 3940 5363 domesti-
