4284 6267
988 511 1347 560 emnam-to
1388 509 1452 560 m
1496 513 1635 560 aar.
1683 509 1835 560 xxm·
1878 505 2361 562 rnovnnatonuii.
2407 535 2488 544 —
2528 504 2671 563 Αἰιτ.
2718 507 2872 562 xxm
3357 495 3471 562 147

362 682 617 746 cundos
646 691 714 746 et
743 684 903 749 alios
937 686 1337 767 passionatos
1367 694 1637 768 possunt
1668 686 1747 748 ad
1780 703 1874 748 re-
1902 684 1953 747 A
1980 687 2173 749 audet
2232 689 2698 752 transcendere.
2747 688 2906 752 Hinc
2967 688 3032 750 in
3093 689 3475 751 Deuterono-

367 777 828 845 formationem
862 783 1143 848 allicere.
1983 785 2111 848 mio
2159 785 2462 868 scriptum
2504 795 2600 851 est
2637 804 2650 849 :
2693 787 2828 850 Non
2865 786 3214 850 transferes
3261 787 3473 850 termi-
3541 805 3764 856 Deuaxnx,

448 882 615 943 Noli
651 903 783 943 esse
822 903 971 944 cum
1010 887 1113 944 his
1150 886 1267 965 qui
1302 887 1632 962 defiyunt,
1673 883 1737 946 id
1780 891 1877 946 est
1982 901 2097 945 nos
2148 903 2308 964 quos
2353 883 2631 948 fixerunt
2667 885 2911 967 priores
2955 885 3019 947 in
3071 885 3472 968 possessione
3501 871 3567 912 ¹⁴·

363 977 681 1059 obligant,
726 1003 964 1043 manus
1002 1005 1178 1054 suas,
1218 984 1616 1046 extendendo
1652 1002 1759 1046 eas
1796 983 1874 1044 ad
1982 989 2109 1043 tua.

363 1079 881 1158 promittendum
933 1099 1049 1164 pro
1096 1081 1262 1160 aliis,
1303 1091 1363 1142 et
1400 1085 1519 1163 qui
1558 1085 1774 1152 vade-5,
1812 1081 1875 1143 id
2085 1082 2316 1142 Vidisti
2357 1083 2576 1143 virum
2621 1086 2913 1155 velocem,
2962 1082 3027 1145 id
3078 1091 3174 1146 est
3219 1081 3473 1165 expedi-

364 1185 460 1238 est
524 1177 971 1260 fidejussoreS‚
1022 1201 1087 1240 se
1134 1185 1415 1260 offerunt
1462 1202 1585 1259 pro
1644 1182 1879 1242 debitis
1983 1180 2884 1262 tum‚strenuum‚agilem,in
2915 1202 3097 1260 opere
3125 1203 3238 1244 suo
3266 1181 3472 1245 bono?

364 1273 621 1338 alienis».
677 1279 761 1338 Si
799 1280 975 1340 enim
1020 1298 1149 1340 non
1192 1279 1381 1340 habet
1425 1279 1537 1341 ille
1584 1297 1700 1361 pro
1747 1295 1875 1360 quo
1987 1281 2216 1340 Coram
2261 1281 2518 1356 reqibus
2562 1281 2781 1349 stabit,
2829 1278 2893 1341 id
2942 1287 3058 1354 est,
3111 1289 3296 1362 aptus
3352 1279 3475 1341 erit

366 1372 569 1437 fidem
602 1373 788 1454 faciS,
822 1385 887 1440 et
914 1375 1419 1441 satisfactionem
1452 1378 1519 1440 in
1548 1398 1701 1441 casu
1732 1397 1874 1461 pro·
1984 1375 2240 1457 regibus
2270 1376 2536 1458 obsequi
2571 1395 2585 1440 ε
2623 1377 2778 1440 tales
2805 1377 2978 1441 enim
3009 1378 3288 1440 ministri
3321 1377 3477 1457 regi-

363 1472 787 1550 mittis,unde
801 1477 1127 1546 restituat,
1140 1477 1204 1539 id
1234 1485 1345 1549 est,
1368 1476 1651 1540 debitum
1686 1497 1873 1539 suum
1980 1472 2101 1536 bus
2132 1475 2408 1556 placent,
2442 1476 2747 1558 quoniam
2778 1477 3001 1540 volunt
3031 1476 3152 1539 sibi
3185 1484 3476 1559 prompte

362 1572 715 1653 persolvat,
751 1581 817 1636 et
857 1572 1227 1656 fidejussori
1259 1575 1625 1639 satisfacere
1654 1585 1869 1657 queat,
1983 1580 2175 1656 atque
2204 1573 2508 1636 velociter
2537 1573 2784 1638 obediri
2801 1593 2818 1654 3
2851 1597 2966 1637 nec
2982 1577 3109 1637 erit
3126 1585 3276 1636 ante
3297 1577 3478 1652 ἑρπο-

362 1673 529 1750 quid
556 1691 775 1734 causoe
799 1683 912 1744 est,
946 1673 1007 1735 id
1055 1681 1151 1736 est
1194 1693 1335 1756 quae
1374 1675 1534 1737 ratio
1571 1674 1707 1738 sive
1752 1674 1873 1737 uti·
1983 1674 2186 1732 biles:
2216 1673 2280 1735 id
2330 1681 2446 1750 est,
2483 1691 2609 1736 non
2659 1674 2840 1736 decet
2889 1693 3032 1736 eum
3086 1672 3476 1754 ignobilibus

366 1767 533 1844 litas,
570 1781 647 1831 uc
681 1775 872 1832 collas
909 1773 1360 1834 vestimentum
1388 1776 1469 1834 de
1504 1775 1706 1834 cubili
1738 1783 1869 1844 tuo,
1982 1771 2369 1848 ministrare,
2405 1790 2521 1834 nec
2563 1771 2700 1853 ipse
2740 1773 3015 1836 libenter
3053 1773 3172 1835 hoc
3215 1771 3472 1835 faceret.

365 1869 429 1930 id
477 1877 600 1944 est,
652 1881 897 1933 vestem
958 1879 1133 1933 tuam
1178 1872 1293 1934 des
1350 1871 1417 1932 in
1470 1871 1699 1954 pignus
1754 1891 1869 1954 pro
1908 1873 1953 1935 B
1983 1869 2409 1952 Spiritualiter
2439 1889 2612 1948 vcro,
2649 1871 2761 1952 qui
2789 1871 2972 1934 velox
3002 1879 3066 1934 et
3095 1869 3348 1934 fervens
3380 1878 3475 1933 est

366 1966 513 2032 illo?
545 1968 735 2048 quasi
770 1968 943 2032 dicat
976 1986 991 2030 ε
1027 1969 1176 2033 Sine
1215 1971 1593 2033 necessitate
1632 1970 1869 2051 ingeris
1981 1969 2047 2030 in
2092 1968 2339 2031 actibus
2384 1969 2708 2047 virtuosiS,
2740 1989 2953 2033 coram
2997 1969 3256 2050 regibus
3293 1967 3473 2050 regni

370 2066 484 2128 tibi
526 2067 839 2130 damnum
879 2077 1070 2149 atque
1108 2068 1490 2132 molestiam.
1524 2069 1760 2132 Tamen
1802 2070 1869 2131 in
1980 2066 2279 2144 coelestiS,
2305 2067 2368 2129 id
2400 2076 2496 2130 est
2525 2069 2760 2131 sanctis
2788 2067 3104 2151 Apostolis
3136 2076 3197 2132 et
3225 2075 3477 2149 aposto-

3596 1085 3668 1141 29

366 2166 749 2230 necessitate
779 2175 845 2230 et
873 2187 951 2231 ex
988 2168 1352 2231 rationabili
1382 2188 1572 2232 causa
1610 2189 1685 2232 ac
1714 2169 1874 2232 cari-
1980 2164 2121 2226 licis
2153 2164 2329 2241 viriS,
2357 2165 2572 2242 stabit,
2598 2173 2749 2247 puta
2777 2166 2854 2228 ad
2886 2166 3207 2229 dexteram
3236 2163 3473 2227 Judicis
3502 2181 3770 2236 munau,

367 2272 517 2342 tate,
556 2265 740 2346 pium
772 2273 871 2328 est
901 2285 1046 2328 cum
1087 2267 1473 2330 discretione
1513 2285 1628 2348 pro
1667 2267 1871 2330 amico
1983 2264 2049 2326 in
2078 2265 2182 2327 die
2211 2264 2458 2346 judicii,
2492 2272 2554 2327 et
2582 2284 2728 2327 cum
2768 2264 2926 2346 ipsis
2954 2265 3336 2328 aeternaliter
3366 2263 3478 2326 Re-
3505 2247 3771 2360 ‘'l’''ssffm-,ss

372 2361 760 2446 fidejubere.
1980 2381 2124 2444 gem
2156 2363 2531 2426 saeculorum
2575 2362 3019 2441 immortalem,
3057 2362 3472 2440 invisibilem,

451 2465 553 2526 Ne
612 2464 1130 2540 transmediaris
1190 2465 1493 2525 terminos
1547 2467 1875 2544 antiquos,
1984 2462 2338 2525 intuebitur
2367 2482 2439 2525 ac
2480 2461 2783 2525 laudabit.
2817 2462 2939 2526 Nec
2972 2462 3092 2525 erit
3130 2470 3276 2525 ante
3307 2462 3480 2543 igno·

370 2582 527 2641 quos
546 2571 915 2639 posuerunt
936 2571 1157 2639 patres
1190 2565 1292 2623 tui
1320 2583 1343 2622 .·
1374 2561 1437 2624 id
1466 2569 1585 2638 est,
1620 2563 1785 2625 bona
1814 2572 1877 2626 et

370 2658 663 2723 confinia
696 2659 973 2722 aliorum
1006 2678 1135 2722 non
1171 2660 1459 2737 invadaS,
1496 2679 1613 2723 nec
1646 2661 1879 2743 cupide

370 2777 645 2840 quaeras,
682 2758 793 2821 sed
830 2765 967 2820 esto
1001 2765 1339 2821 contentus
1382 2758 1732 2822 hereditate
1772 2778 1879 2841 pa-

372 2863 541 2917 trum
574 2863 858 2918 tuorum.
880 2854 1309 2938 spiritualiter
1336 2875 1510 2934 ver0,
1532 2875 1661 2920 non
1693 2858 1875 2920 debe-

368 2971 512 3016 mus
554 2953 913 3033 transgredi
952 2954 1202 3034 regulas
1234 2962 1296 3018 et
1328 2963 1665 3036 praecepta‚
1701 2955 1879 3018 insti-

1986 2561 2166 2638 biles,
2189 2561 2300 2642 qui
2323 2581 2360 2623 a
2389 2560 2666 2624 sinistris
2697 2561 3070 2625 consistent.
3092 2561 3305 2644 ltaque
3334 2581 3476 2625 cum
3511 2586 3770 2638 uanam„

1985 2661 2312 2723 moderata
2341 2659 2700 2737 velocitate,
2733 2669 2796 2725 et
2825 2660 3098 2724 discreta
3127 2660 3476 2737 alacritate,
3509 2653 3576 2694 ³³·

1985 2779 2059 2822 ac
2109 2758 2441 2822 caritativa
2490 2757 2882 2836 festinantia,
2930 2759 3336 2824 serviendum
3387 2767 3483 2823 est

1986 2861 2134 2936 De0,
2193 2858 2727 2941 quemadmodum
2787 2859 2853 2921 in
2911 2859 3140 2922 Genesi
3191 2867 3483 2922 narratur

1987 2960 2065 3022 de
2093 2957 2434 3034 Abrabam,
2470 2957 2641 3038 quod
2683 2957 2885 3019 tribus
2919 2957 3162 3036 angelis
3203 2958 3483 3041 hospitio
3537 2983 3774 3033 commu,

371 3053 653 3116 tutiones
701 3061 765 3115 et
806 3052 1209 3130 documenta,
1244 3072 1281 3114 a
1315 3052 1599 3135 patribus
1644 3054 1878 3116 nostris
1914 3057 1957 3120 C
1988 3056 2323 3139 susceptiS,
2378 3053 2727 3132 festinavit,
2781 3064 2844 3118 et
2900 3055 3061 3118 dixit
3105 3057 3183 3119 ad
3240 3057 3478 3134 Saram,
3512 3047 3596 3088 Η·

374 3150 563 3214 nobis
603 3149 876 3232 praefixa
911 3169 984 3226 ac
1030 3150 1370 3230 derelicta3
1414 3169 1532 3213 nec
1570 3150 1873 3216 intromit·
1988 3155 2315 3234 Accelera;
2356 3163 2420 3217 et
2461 3152 2598 3236 ipse
2646 3154 2725 3216 ad
2767 3162 3124 3216 armentum
3176 3155 3479 3232 cucurrit,

376 3258 510 3312 tere
538 3267 659 3312 nos
692 3248 771 3311 de
802 3248 902 3310 his
937 3267 1078 3331 quae
1108 3256 1367 3326 statum,
1390 3249 1681 3329 gradum,
1711 3250 1878 3312 vires
1990 3253 2293 3336 deditque
2330 3271 2528 3334 puero
2567 3250 2861 3326 vitulum,
2897 3252 3007 3335 qui
3057 3250 3383 3316 festinavit
3422 3261 3485 3317 ct

376 3348 914 3413 etauctoritatem
946 3356 1228 3411 nostram
1260 3348 1734 3424 transcendunt,
1772 3350 1880 3412 sed
1989 3353 2160 3417 coxit
2205 3351 2410 3413 illum.
2443 3351 2561 3412 Ubi
2613 3350 2894 3432 loquitur
2939 3350 3240 3430 Origenes
3274 3372 3287 3416 :
3324 3352 3484 3416 Vide

372 3449 557 3528 juxta
586 3454 823 3510 nostrae
849 3445 1201 3510 vocationis
1224 3453 1288 3509 et
1311 3444 1729 3528 professionis
1760 3447 1885 3509 exi·
1990 3450 2310 3532 quomodo
2355 3449 2421 3510 in
2465 3449 2655 3512 domo
2697 3449 3004 3531 sapientis
3041 3467 3260 3512 omnes
3306 3449 3485 3513 festi-

372 3545 660 3627 gentiam
694 3564 769 3608 ac
798 3553 1108 3621 tenorem,
1142 3543 1577 3626 Omnipotenti
1610 3545 1883 3608 sollicite
1993 3555 2171 3623 nant,
2195 3555 2259 3610 et
2289 3546 2450 3608 nibil
2481 3566 2625 3610 cum
2662 3554 2914 3629 torpore
2950 3554 3060 3609 aut
3099 3547 3488 3628 negligentia

374 3644 737 3724 deservire3
764 3663 883 3707 nec
914 3643 1219 3707 terminos
1244 3643 1623 3708 obedientiae
1655 3653 1883 3708 nostrae
1992 3646 2201 3728 agitur
2235 3665 2249 3709 ε
2295 3644 2626 3708 festinavit
2672 3644 3009 3722 Abrabam,
3061 3652 3126 3708 et
3172 3645 3484 3724 cucurrit;

374 3744 575 3820 exire,
624 3742 1161 3826 quemadmodum
1224 3740 1391 3804 libro
1448 3741 1527 3804 de
1586 3742 1886 3823 Angelica
1995 3741 2324 3807 festinavit
2366 3741 2537 3818 Sara,
2580 3749 2643 3805 et
2685 3760 2935 3824 azymos
2975 3759 3172 3823 panes
3201 3742 3482 3823 paravit;

374 3841 741 3905 hierarchia
791 3841 1051 3905 divinus
1110 3848 1172 3904 ct
1228 3857 1499 3920 magnus
1548 3840 1883 3922 Dionysius
1995 3841 2326 3905 festinavit
2363 3847 2428 3904 et
2463 3859 2643 3923 puer,
2677 3839 2947 3902 vitulum
2986 3858 3290 3921 coquenS.
3325 3839 3485 3903 Hinc

375 3941 564 4004 docet
590 3947 657 4004 et
694 3938 946 4016 asserit,
980 3939 1149 4021 quod
1191 3938 1409 4021 nullus
1449 3938 1883 4020 angelicorum
1994 3939 2061 4003 in
2090 3939 2468 4003 Ecclesiaste
2498 3939 2859 4002 inducitur:
2893 3937 3345 4019 Quodcumque
3375 3956 3486 4020 po-
3547 3955 3773 4006 Εοοιωι,

377 4039 727 4122 spirituum
770 4038 976 4120 legem
1020 4037 1145 4099 sibi
1194 4036 1502 4100 divinitus
1554 4036 1886 4119 praefixam
1998 4047 2119 4102 test
2147 4057 2372 4121 manus
2406 4045 2534 4115 tua,
2570 4037 2880 4100 instanter
2907 4054 3192 4118 operare.

1434 4467 2081 4554 ARTICULUS
2158 4467 2463 4554 XXIII

445 4741 771 4790 Exposrrlo
814 4739 1099 4788 currum
1138 4739 1405 4788 vmnsuu
1445 4739 1646 4786 'mum
1698 4741 1712 4785 :
1754 4737 2001 4803 QQANDO
2044 4739 2294 4786 sanutus
2337 4739 2414 4786 m·
2454 4737 2734 4786 COHEDAS
2780 4737 2900 4786 CUM
2941 4735 3244 4799 PRINCIPB,
3287 4733 3420 4784 mc.

560 5123 723 5198 cipe,
772 5120 1128 5197 diligenter
1172 5121 1431 5180 accende
1484 5139 1626 5198 quoe
1674 5122 1889 5199 posita
1998 5138 2219 5182 mensa
2265 5116 2612 5200 corporalis
2650 5115 3019 5180 refectionis
3059 5135 3204 5180 cum
3250 5115 3492 5199 princi-

380 5229 541 5280 sunt
570 5228 723 5280 ante
751 5217 991 5295 faciem
1032 5227 1235 5290 tuam,
1268 5227 1328 5278 et
1356 5226 1565 5280 statue
1604 5222 1889 5279 cultrum
1998 5237 2077 5300 pe
2114 5236 2127 5281 :
2161 5237 2307 5304 cum
2335 5233 2466 5297 quo
2505 5215 2788 5278 modeste
2815 5234 2890 5278 ac
2926 5215 3138 5279 sobrie
3174 5229 3268 5278 est
3307 5215 3494 5278 eden·

382 5320 457 5380 in
482 5327 759 5396 manure
801 5326 934 5378 tuo.
966 5315 1177 5379 Potest
1204 5315 1312 5379 hic
1346 5315 1526 5378 locus
1556 5315 1763 5398 primo
1792 5335 1893 5379 su·
1996 5317 2172 5394 dum,
2215 5315 2306 5378 ita
2343 5321 2415 5378 ut
2449 5313 2774 5397 proposita
2810 5314 3116 5378 alimenta
3155 5313 3494 5394 diligenter

386 5017 523 5220 Q
546 5022 849 5084 UANDO
875 5021 1114 5081 sederis
1134 5029 1207 5081 ut
1226 5022 1518 5081 comedas
1536 5039 1683 5082 cum
1704 5022 1893 5100 prin·
1920 5015 1971 5076 D
1998 5019 2418 5103 perficialiter
2444 5016 2647 5100 accipi
2679 5018 2758 5081 de
2785 5019 2973 5082 modo
3012 5017 3288 5082 habendi
3319 5037 3389 5081 sc
3425 5017 3493 5080 in

3515 4023 3580 4064 ¹0.
