4284 6267
591 696 750 741 Thr-cn.
768 711 823 748 tv,

560 761 628 803 20.

855 490 972 557 330

855 688 956 742 tus
1014 690 1111 744 est
1162 682 1464 747 Ieremias

852 780 1141 843 Christus
1180 783 1635 861 DominuS,cui
1681 785 1978 863 diximuS,
2006 789 2072 849 ln
2117 788 2345 851 umbra

854 888 960 941 tua
992 880 1282 944 vivemus
1323 882 1487 945 inter
1515 891 1754 963 gentes,
1792 884 1940 947 Sine
1971 886 2087 948 hac
2118 887 2343 949 umbra

855 979 1076 1043 vivere
1107 999 1234 1043 non
1267 982 1552 1044 valemus
1583 982 1648 1044 in
1689 983 1912 1064 gratia.
1945 984 2116 1047 Hanc
2153 986 2345 1065 igitur

855 1079 1142 1141 umbram
1195 1079 1372 1161 cupit
1421 1079 1702 1143 Ecclesia
1730 1099 1747 1159 ;
1798 1081 1927 1144 imo
1975 1082 2120 1163 plus
2166 1084 2343 1167 cupit

747 1179 762 1189 '
855 1176 1062 1258 ipsum
1123 1196 1451 1259 sponsum,
1505 1188 1566 1240 et
1626 1179 1866 1241 clarum
1923 1179 2343 1261 facialemque

591 3074 664 3116 Ps.
687 3088 824 3128 cxvut,

567 3139 656 3179 10³.

558 3199 778 3249 Panum
789 3204 803 3243 ¹
816 3234 826 3245 .

585 3372 747 3415 Joann.
769 3387 824 3423 iv,

566 3435 630 3482 13,
655 3437 719 3477 14.

596 3667 757 3712 Manli.
769 3684 827 3719 xi.

561 3732 631 3773 28.

572 3968 673 4011 Act.
695 3982 738 4018 ιι,
760 3970 826 4011 ⁴6.

853 1276 992 1356 ejus
1045 1275 1346 1338 intuitum
1401 1294 1414 1337 ε
1468 1295 1505 1338 a
1551 1296 1678 1358 quo
1729 1278 2033 1359 quoniam
2085 1279 2341 1342 interim

851 1375 1184 1453 elongatur
1213 1382 1275 1436 et
1306 1374 1497 1436 distat
1530 1376 2073 1455 dissimilitudine,
2098 1378 2343 1460 appetit

851 1492 996 1536 eum
1048 1472 1467 1555 contemplari
1514 1474 1576 1535 in
1624 1473 1759 1538 fide
1809 1493 1920 1556 per
1965 1477 2201 1539 donum
2248 1496 2343 1539 sa-

854 1570 1132 1654 pientiai,
1177 1580 1368 1653 atque
1409 1573 1488 1635 ab
1537 1574 1826 1636 omnium
1876 1573 2229 1637 visibilium
2278 1584 2342 1637 et

853 1669 1274 1732 invisibilium
1309 1670 1901 1752 impugnationibus
1931 1672 2233 1749 hostiu'm,
2252 1673 2344 1755 pi-

852 1777 1018 1831 etate
1054 1769 1256 1851 ipsius
1289 1768 1570 1846 defendi,
1607 1770 1892 1850 angelica
1924 1790 2044 1854 ope
2075 1772 2337 1844 muniri,

1469 512 1819 561 RNARRA'rlo
1861 514 1925 561 m
1967 515 2105 563 cAP.
2153 515 2198 561 11
2239 514 2479 563 GAN‘rmt
2520 517 2923 565 cAN’rlcomm.
2970 538 3051 549 -·-
3090 519 3330 565 Ant-w

1517 705 1532 751 ε
1595 683 1870 767 Spiritus
1927 687 2056 750 oris
2116 688 2339 765 nostri,
2373 688 2422 748 A
2454 708 2629 771 spem
2679 698 2869 772 atque
2918 688 3207 753 notitiam
3256 706 3611 753 amorosam
3660 711 3732 754 ac
3778 690 3936 755 refe-

2452 788 2709 852 ctivam.
2737 786 3206 871 specialissime
3238 806 3387 851 vero
3419 789 3779 852 introducta
3818 789 3938 852 fuit

2452 887 2779 969 primitiva
2838 886 3120 950 Ecclesia
3184 887 3249 949 in
3316 886 3541 949 cellam
3603 887 3931 965 vinariam,

2450 987 2707 1068 quando
2758 988 2823 1048 in
2873 986 2974 1050 die
3024 1005 3202 1050 sacro
3259 986 3655 1049 Pentecostcs
3704 987 3768 1049 in
3815 1006 3937 1052 coe-

2452 1086 2679 1149 naculo
2715 1086 2848 1163 illo,
2883 1086 2947 1148 in
2988 1106 3116 1167 quo
3145 1086 3431 1149 Christus
3467 1086 3721 1150 Coenam
3756 1107 3931 1151 suam
3996 1106 4105 1149 Lae.
4130 1120 4229 1151 nn.

2450 1184 2795 1248 celebravit
2827 1184 3263 1261 novissimam,
3296 1184 3604 1266 Spiritum
3638 1185 3937 1248 Sanctum
3966 1172 4059 1274 {4²35-
4079 1232 4228 1281 „³4-

2449 1284 2695 1366 aceepit
2736 1284 2801 1346 in
2850 1283 3054 1363 igneis
3105 1283 3339 1363 linguis
3381 1301 3393 1345 :
3440 1292 3499 1346 ct
3540 1292 3716 1346 tanta
3763 1284 3938 1348 illius

2431 1382 2853 1465 -plenitudine
2883 1382 3002 1445 fuit
3033 1390 3269 1465 potata,
3304 1383 3477 1464 quod
3509 1402 3809 1465 sponsum
3841 1402 3941 1447 su·

2450 1502 2556 1543 um
2590 1501 2731 1545 cum
2755 1481 2928 1547 omni
2960 1481 3192 1544 fiducia
3220 1481 3653 1561 evangelizare
3684 1482 3939 1565 incepit,

2453 1579 2516 1642 in
2555 1588 2727 1643 tanto
2759 1579 3033 1657 fervore,
3061 1580 3233 1662 quod
3275 1579 3587 1643 increduli
3619 1580 3939 1647 irridendo

2449 1678 2749 1741 dixerunt
2784 1698 2797 1743 :
2836 1678 3036 1742 Musto
3074 1677 3249 1760 pleni
3290 1687 3439 1739 sunt
3478 1678 3605 1741 isti.

2536 1779 2888 1838 ordinavit
2916 1778 2989 1836 in
3018 1797 3116 1836 me
3142 1779 3503 1849 caritatem,
3537 1776 3601 1839 id
3642 1786 3758 1855 est,
3783 1798 3942 1861 prae-

3996 1701 4115 1745 mid.
4144 1705 4207 1743 ¹3.

849 1867 1296 1932 ecelesiasticis
1356 1869 1768 1933 sacramentis
1818 1878 1880 1931 et
1938 1870 2339 1952 praelatorum
2366 1874 2424 1939 ,Β
2452 1875 2772 1939 ordinavit
2810 1873 2888 1937 ab
2930 1884 3167 1939 aeterno
3207 1873 3475 1954 diligere
3516 1895 3621 1938 me
3662 1896 3775 1957 per
3812 1878 3943 1939 exi-

849 1966 1156 2029 custodiis
1186 1968 1500 2049 adjuvari.
1524 1968 1647 2031 Nec
1693 1966 2022 2031 fraudatur
2051 1988 2165 2051 spe
2202 1989 2337 2046 sua,

853 2064 1018 2127 sicut
1063 2065 1496 2148 subjungitur.

931 2166 1017 2225 Et
1048 2168 1304 2243 fructus
1338 2166 1478 2243 ejus
1510 2168 1722 2225 dulcis
1759 2168 2019 2243 quitari
2048 2187 2183 2227 meo
2222 2188 2244 2226 .·
2276 2165 2341 2228 id

853 2272 970 2339 est,
1018 2261 1282 2327 refectio
1325 2283 1459 2340 sua,
1512 2282 1638 2345 qua
1681 2265 1867 2327 modo
1915 2283 2017 2328 me
2067 2265 2182 2327 alit
2227 2285 2342 2347 per

853 2362 1220 2425 divinorum
1273 2361 1661 2425 infusionem
1713 2362 2189 2439 charismatum,
2227 2384 2341 2446 per

853 2481 1032 2544 spem
1073 2468 1136 2523 et
1180 2461 1782 2543 contemplationem
1826 2461 2187 2525 futurorum
2231 2462 2343 2526 bo-

855 2580 1106 2635 norum,
1142 2579 1255 2641 per
1298 2578 1474 2622 sacra
1517 2559 1794 2641 eloquia,
1829 2579 1942 2642 per
1986 2580 2343 2624 sacramen—

855 2668 1058 2723 torum
1093 2658 1324 2733 edulia,
1361 2677 1473 2740 per
1505 2658 1948 2739 quotidianum
1984 2658 2341 2741 profectum

851 2779 924 2823 ac
964 2758 1107 2820 aliis
1149 2757 1376 2834 modiS‚
1402 2767 1500 2819 est
1538 2757 1696 2819 mihi
1728 2758 1913 2820 valde
1955 2758 2169 2821 suavis
2205 2777 2218 2821 :
2257 2759 2344 2821 ita

851 2859 1020 2941 quod
1050 2856 1461 2940 aequanimius
1483 2857 1846 2920 dilationem
1875 2857 2165 2937 gloriosae
2194 2878 2345 2940 prae-

855 2958 1078 3021 sentiae
1127 2976 1257 3022 suae
1309 2956 1594 3019 sustineo
1630 2973 1643 3017 :
1685 2956 1850 3019 sicut
1890 2964 2155 3019 testatur
2202 2957 2346 3020 Pro-

2452 1974 2613 2039 mios
2645 1993 2718 2036 ac
2750 1974 3102 2055 praecipuos
3132 1972 3414 2035 caritatis
3446 1972 3739 2051 effectus,
3774 1975 3941 2037 sicut

2447 2074 2575 2155 jam
2608 2072 2767 2135 mihi
2812 2071 3254 2153 multipliciter
3283 2073 3765 2151 demonstravit,
3800 2093 3941 2156 per-

2451 2172 2905 2253 sonaliterque
2940 2179 3208 2233 testatus
3256 2179 3350 2232 est
3404 2190 3417 2234 :
3471 2171 3789 2253 Majorem‚
3846 2174 3941 2235 in-
3978 2192 4235 2241 aman.

2449 2268 2703 2349 quienS,
2736 2268 3061 2332 caritatem
3098 2288 3285 2332 nemo
3317 2268 3526 2343 habet,
3560 2278 3632 2331 ut
3660 2270 3935 2333 animam
3970 2260 4033 2299 ¹³·

2451 2387 2628 2429 snam
2676 2376 2873 2450 ponat
2911 2368 3059 2449 quis
3100 2386 3217 2449 pro
3264 2367 3485 2431 amicis
3530 2368 3698 2450 suis;
3730 2378 3795 2431 et
3833 2371 3939 2433 de-

2452 2484 2601 2542 nuo,
2636 2465 2809 2528 Sicut
2849 2466 3070 2529 dilexit
3108 2484 3210 2528 me
3251 2456 3451 2543 Pater,
3484 2475 3548 2529 et.
3587 2484 3704 2546 ego
3746 2467 3936 2530 dilexi
4002 2486 4191 2530 mm».

2449 2583 2585 2627 v08.
2620 2565 2749 2627 imo
2780 2572 2843 2627 et
2881 2564 3019 2646 ipse
3058 2564 3232 2646 prior
3260 2564 3484 2626 dilexit
3522 2584 3643 2627 me.
3678 2564 3939 2629 Ordina-
3969 2584 4232 2631 umam

2452 2663 2543 2725 vit
2585 2680 2841 2744 quoquc
2888 2662 2953 2726 in
2994 2682 3096 2725 me
3145 2662 3495 2737 caritatem,
3532 2663 3590 2725 id
3637 2671 3754 2740 est,
3791 2684 3939 2745 prae-
3970 2650 4035 2689 ¹⁰·

2451 2762 2622 2843 cepit
2666 2762 2828 2823 mihi
2878 2770 2946 2824 ut
2996 2760 3306 2843 quidquid
3352 2778 3468 2841 ego
3517 2761 3747 2839 fecero,
3792 2763 3939 2827 tole·

2452 2878 2695 2935 ravero,
2732 2860 3036 2936 habuere,
3067 2878 3295 2941 ponam
3328 2859 3448 2922 sub
3481 2860 3704 2924 ordine
3731 2860 3933 2923 divini

2452 2958 2709 3035 amoriS,
2744 2958 2807 3020 id
2850 2967 2967 3034 est,
3000 2958 3079 3020 ad
3122 2957 3448 3021 caritatem
3484 2958 3595 3021 Dei
3636 2967 3937 3041 tanquam

855 3058 1067 3139 pheta,
1100 3056 1295 3131 Quam
1326 3056 1538 3118 dulcia
1569 3054 1864 3118 faucibus
1896 3055 2054 3117 meis
2087 3056 2345 3138 eloquia
2379 3056 2423 3117 C
2454 3058 2531 3119 ad
2573 3076 2886 3119 summam
2927 3057 3223 3121 virtutem
3256 3056 3545 3119 ordinem
3577 3075 3829 3138 semper
3864 3077 3939 3121 ac

855 3160 1005 3220 tua!
1059 3156 1132 3217 Et
1195 3154 1446 3231 iterum,
1501 3153 1792 3217 Dulciora
1837 3154 2107 3234 (inquit)
2154 3173 2345 3236 super

857 3254 982 3317 mel
1027 3261 1090 3316 et
1128 3252 1370 3315 favum.
1414 3252 1570 3315 Hinc
1614 3251 1768 3314 alibi
1821 3270 2094 3333 sponsus
2144 3252 2346 3334 loqui-

855 3362 958 3416 tur
994 3370 1007 3414 :
1047 3351 1165 3426 Qui
1204 3350 1442 3413 biberit
1472 3369 1548 3412 ex
1585 3370 1750 3431 aqua
1789 3369 1982 3433 quam
2026 3368 2141 3431 ego
2181 3351 2345 3415 dabo

856 3452 938 3529 ei,
973 3469 1101 3514 non
1145 3450 1317 3512 sitiet
1357 3448 1422 3510 in
1463 3457 1804 3528 aeternum3
1855 3450 1964 3512 sed
2005 3449 2119 3512 fiet
2160 3448 2225 3511 in
2270 3468 2345 3514 eo

858 3550 1004 3614 fons
1042 3568 1223 3631 aquae
1261 3547 1548 3611 salientis
1588 3548 1654 3609 in
1689 3548 1883 3610 vitam
1923 3558 2243 3611 aeternam.
2272 3549 2347 3610 Et

858 3668 1074 3718 rursus
1111 3668 1125 3712 :
1161 3647 1386 3710 Venite
1423 3648 1498 3710 ad
1543 3666 1667 3722 me,
1700 3664 1920 3709 omnes
1950 3646 2060 3727 qui
2102 3646 2346 3710 labora-

857 3748 940 3810 tis
989 3757 1050 3810 et
1092 3746 1336 3811 onerati
1385 3746 1559 3822 estiS,
1596 3756 1660 3808 et
1705 3763 1820 3825 ego
1872 3745 2156 3808 reficiam
2205 3763 2339 3809 vos‚

859 3847 1015 3909 Hinc
1045 3864 1304 3928 quoque
1333 3844 1398 3905 in
1432 3844 1693 3907 Actibus
1722 3843 2171 3925 Apostolorum
2204 3863 2347 3906 nar-

859 3954 1032 4007 ratur
1084 3945 1162 4006 de
1219 3942 1544 4025 primitiva
1601 3942 1884 4005 Ecclesia
1935 3960 1948 4003 :
2001 3941 2346 4005 Sumebant

856 4043 1068 4105 cibum
1129 4061 1275 4105 cum
1339 4041 1758 4103 exsultatione
1815 4049 1879 4103 et
1937 4040 2345 4122 simplicitate

857 4140 1089 4203 cordis,
1125 4141 1452 4216 Praeterea,
1478 4158 1666 4220 quam
1701 4140 1958 4221 copiose
1986 4147 2048 4202 et
2077 4138 2345 4203 delicate

860 4237 1188 4302 reficiatur
1229 4258 1266 4301 a
1305 4255 1560 4319 sponso,
1607 4236 1927 4299 subinfert
1963 4258 1977 4301 ε

935 4337 1318 4399 Introduoeit
1346 4356 1446 4395 me
1474 4356 1590 4394 rex
1619 4336 1690 4395 in
1722 4338 1950 4396 cellam
1986 4337 2342 4411 vinariam,

858 4436 922 4498 id
982 4444 1078 4498 est
1127 4435 1192 4497 in
1252 4433 1680 4516 spiritualium
1735 4433 2187 4496 alimentorum
2244 4456 2347 4497 cx-

857 4533 1276 4609 uberan'tiam,
1324 4533 1388 4594 in
1431 4550 1672 4594 sacram
1718 4531 2133 4614 Scripturam,
2177 4540 2240 4595 et
2278 4534 2343 4595 in

854 4653 1070 4697 veram
1103 4652 1176 4695 ac
1207 4630 1606 4713 spiritualem
1647 4630 1788 4711 ejus
1829 4630 2341 4711 intelligentiam,

854 4752 995 4815 quae
1045 4730 1256 4794 sobrie
1305 4730 1579 4793 inebriat
1625 4736 1928 4806 mentem,
1980 4730 2047 4790 in
2098 4749 2343 4793 sacram

853 4830 1394 4906 communionem,
1441 4848 1568 4909 qua
1619 4827 1738 4889 sub
1788 4827 2122 4909 speciebus
2162 4829 2345 4910 panis

853 4939 916 4993 et
963 4929 1101 4991 vini
1151 4929 1424 5010 ipsemet
1479 4945 1751 5008 sponsus
1800 4944 1948 4988 vere
1994 4926 2347 5010 incompre-

856 5028 1388 5108 hensibiliterque
1446 5024 1782 5107 accipitur.
1833 5024 2187 5087 Introduxit
2244 5045 2345 5089 me

854 5146 1112 5209 quoque
1145 5126 1208 5187 in
1241 5124 1519 5188 coelestis
1545 5123 1764 5205 patriae
1793 5122 2344 5185 deliciosissimum

855 5223 1500 5299 mansionem,dando
1532 5220 1691 5284 mihi
1721 5221 2186 5303 aliquantulam
2218 5230 2349 5283 tan-

857 5332 938 5387 tae
965 5322 1184 5405 gloriae
1223 5319 1749 5405 praelibationem,
1785 5326 1848 5381 et
1875 5328 2111 5385 certam
2144 5318 2347 5401 ipsius

2454 3155 2765 3235 referam3
2799 3172 2915 3217 nec
2959 3154 3202 3235 aliquid
3237 3172 3441 3235 agam,
3483 3155 3607 3217 nisi
3652 3156 3735 3217 sit
3776 3155 3939 3219 ordi-

2456 3253 2671 3315 nabile
2716 3254 2795 3315 ad
2843 3252 3106 3316 Deitatis
3165 3272 3471 3330 amorem,
3523 3254 3584 3316 id
3644 3262 3761 3331 est,
3814 3254 3939 3316 nisi

2456 3352 2540 3414 sit
2571 3352 2715 3428 tale,
2740 3354 2911 3433 quod
2952 3372 3067 3434 per
3108 3352 3316 3435 ipsum
3347 3370 3575 3433 queam
3614 3352 3679 3414 in
3718 3353 3943 3417 carita-

2458 3459 2518 3514 te
2564 3451 2899 3532 proficere.
2934 3452 3188 3527 Iterum,
3213 3450 3541 3514 Ordinavit
3584 3450 3651 3512 in
3700 3470 3802 3514 me
3844 3472 3933 3513 ca-

2456 3550 2729 3624 ritatem,
2766 3548 2831 3611 id
2874 3558 2992 3627 est,
3030 3568 3157 3612 non
3200 3549 3407 3611 solum
3447 3549 3741 3631 praestitit
3784 3549 3939 3612 mihi

2454 3646 2665 3729 ipsum
2717 3647 3007 3710 habitum
3046 3647 3349 3723 caritatis,
3384 3648 3493 3709 sed
3542 3656 3605 3710 et
3652 3666 3765 3729 per
3804 3666 3944 3728 gra—

2444 3746 2609 3808 tiam
2660 3745 3001 3827 specialem
3051 3745 3209 3807 mihi
3270 3746 3532 3809 donavit
3578 3746 3941 3809 ordinatum

2455 3863 2639 3907 usum
2691 3864 2802 3906 seu
2847 3852 3055 3906 actum
3100 3844 3423 3907 caritatis:
3470 3852 3538 3906 ut
3588 3844 3833 3908 scilicet
3878 3845 3941 3908 id

2455 3944 2633 4029 prius
2673 3962 2747 4006 ac
2786 3942 3058 4005 maxime
3098 3942 3381 4022 diligam,
3417 3944 3588 4024 quod
3634 3942 3839 4025 primo
3878 3953 3944 4007 et

2454 4042 2726 4105 maxime
2784 4049 2880 4104 est
2943 4041 3307 4117 amandum,
3372 4039 3668 4105 videlicet
3731 4041 3943 4123 ipsum

2454 4142 2674 4217 Deum,
2710 4139 2941 4202 deinde
2980 4146 3189 4201 ereata
3221 4139 3341 4201 sub
3374 4139 3513 4223 ipso
3542 4140 3766 4203 ordine
3796 4159 3944 4203 con-

2377 4240 2426 4301 D
2452 4246 2719 4319 gruente
2757 4258 2770 4301 :
2806 4238 2958 4319 quia
2995 4246 3058 4301 et
3098 4237 3251 4300 ordo
3295 4237 3578 4301 caritatis
3615 4239 3785 4301 cadit
3822 4238 3943 4301 sub

2456 4344 2791 4420 praecepte,
2845 4345 2914 4398 ut
2962 4335 3152 4400 homo
3202 4336 3268 4397 in
3318 4335 3543 4418 primis
3587 4355 3833 4399 summe
3880 4346 3945 4399 et

2456 4434 3041 4518 incomparabiliter
3076 4442 3207 4498 toto
3242 4435 3433 4497 corde
3463 4433 3685 4514 diligat
3715 4434 3938 4509 Deum,

2452 4534 2685 4596 deinde
2718 4553 2785 4596 se
2827 4533 3058 4615 ipsum,
3088 4532 3273 4597 tertio
3314 4532 3452 4596 loco
3486 4540 3803 4614 parenteS,
3838 4533 3945 4595 de-

2456 4634 2675 4714 inceps
2723 4631 3047 4713 propriam
3098 4631 3406 4707 sobolem,
3458 4631 3683 4712 quinto
3730 4632 3947 4693 dome-

2458 4730 2647 4793 sticos
2678 4737 2742 4793 et
2772 4730 3167 4811 propinquos
3206 4749 3280 4793 ac
3310 4730 3746 4793 benefactores
3782 4747 3795 4791 ε
3830 4729 3944 4810 qui

2455 4847 2675 4892 omnes
2722 4828 2981 4891 nomine
3024 4827 3298 4908 proximi
3340 4828 3777 4909 designantur,
3823 4828 3945 4890 sub

2455 4946 2584 5008 quo
2630 4927 2823 4990 etiam
2862 4926 3145 5004 nomine,
3189 4926 3357 4989 Beati
3403 4926 3471 4988 in
3515 4926 3719 5008 patria
3759 4926 3949 4990 intel-

2457 5025 2763 5105 liguntur,
2799 5026 2927 5088 imo
2960 5033 3023 5087 et
3054 5025 3116 5086 in
3149 5024 3513 5108 purgatorio
3544 5026 3942 5089 exsistentes

2535 5123 2716 5186 Circa
2766 5124 2885 5187 hoc
2946 5122 3231 5205 loquitur
3288 5122 3590 5203 Origenes
3646 5141 3660 5185 :
3712 5123 3944 5187 Omnes

2456 5222 2749 5284 homines
2790 5231 3000 5284 amant
3043 5221 3311 5303 aliquid,
3345 5230 3407 5283 et
3441 5219 3657 5283 nullus
3696 5232 3790 5285 est
3830 5223 3944 5304 qui

2460 5322 2537 5385 ad
2588 5320 2649 5383 id
2698 5319 2900 5387 aetatis
2950 5319 3199 5385 venerit
3246 5328 3316 5381 ut
3362 5318 3565 5401 possit
3609 5337 3843 5397 amare,
3885 5332 3951 5385 et
