4284 6267
843 486 965 549 266

1575 503 1926 552 RNARRATIO
1967 504 2032 551 m
2072 504 2211 551 CAP.
2258 504 2320 550 lx
2362 504 2799 552 EGGLESIASTAE.
2848 526 2929 537 -···
2969 507 3111 553 ΛΒΤ.
3157 507 3221 553 lx

847 674 1202 757 puniuntur
1247 675 1406 739 citra
1461 675 1871 757 condignum,
1924 674 2161 739 idcirco
2208 694 2335 739 non
2366 676 2419 737 A
2448 694 2575 740 non
2610 677 3107 759 inquinaverunt
3145 678 3523 742 vestimenta
3552 698 3686 755 sua,
3719 678 3937 741 ambu-

845 774 1099 855 penitus
1142 774 1476 857 privantur
1517 774 1972 837 misericordia.

666 875 702 930 6
905 879 1108 937 Amor
1127 896 1396 957 quoque,
1414 884 1472 935 et
1493 877 1743 946 odium,
1763 886 1822 937 ec
1845 878 2120 938 invidiae
2139 877 2341 937 simul

835 977 1176 1051 perierunt
1220 996 1242 1035 .·
1287 974 1348 1037 id
1398 983 1515 1047 est,
1567 973 1942 1037 inordinatae
1986 982 2050 1037 et
2099 974 2341 1038 vitiosae

845 1092 1060 1135 eorum
1110 1072 1514 1149 affectioneS‚
1569 1072 1802 1153 quibus
1853 1073 2161 1153 quosdam
2212 1091 2341 1135 car-

845 1171 1074 1233 naliter
1114 1180 1428 1247 amarunt,
1465 1180 1527 1235 et
1569 1172 1764 1234 Deum
1805 1182 1912 1233 aut
1949 1172 2153 1253 justos
2194 1172 2339 1237 odio

843 1270 1228 1347 habuerunt,
1261 1271 1392 1352 Jam
1434 1290 1578 1333 cum
1619 1270 1777 1353 ipsis
1809 1271 2122 1333 damnatae
2164 1279 2335 1345 sunt,

843 1389 960 1433 nec
989 1379 1256 1453 possunt
1285 1388 1393 1431 eos
1416 1369 1657 1450 juvare.
1679 1371 1811 1433 Nec
1837 1372 2069 1429 habent
2084 1379 2342 1447 partem

842 1472 920 1530 in.
947 1471 1062 1530 hoc
1097 1472 1324 1531 soeculo
1356 1490 1379 1527 .·
1410 1468 1472 1530 id
1513 1476 1630 1545 est,
1671 1488 1707 1530 a
1741 1486 2006 1550 corpore
2047 1467 2341 1531 Ecclesiae

843 1576 992 1630 sunt
1022 1567 1286 1631 omnino
1315 1565 1570 1642 abscisi,
1597 1586 1714 1629 nec
1743 1565 2026 1628 caritatis
2057 1584 2340 1629 commu-

843 1666 1101 1729 nionem
1143 1674 1250 1727 aut
1287 1664 1834 1747 participationem
1880 1684 2022 1726 cum
2069 1663 2340 1728 viventi-

842 1766 962 1829 bus
992 1764 1247 1841 habent,
1283 1783 1400 1827 nec
1431 1764 1758 1846 possidere
1798 1770 2063 1845 possunt
2093 1762 2336 1843 aliquid

2450 776 2673 839 labunt
2711 796 2959 841 mecum
2995 777 3060 839 in
3090 778 3273 841 albis,
3310 779 3394 841 De
3432 778 3793 860 hujusmodi
3831 797 3936 842 ve-

2450 876 2765 939 stimentis
2814 886 3071 940 sanctus
3126 878 3241 941 Job
3298 877 3581 959 loquitur
3626 878 3750 941 Deo
3800 894 3815 939 ε
3868 877 3931 941 Si
3986 904 4267 951 leenae,

2452 975 2751 1041 fulserint
2792 976 2967 1041 velut
3010 977 3447 1040 mundissimae
3486 996 3713 1039 manus
3742 996 3930 1055 meae,
3964 970 4035 1009 ³¹·

2452 1083 2662 1138 tamen
2702 1074 2995 1137 sordibus
3036 1075 3311 1155 intinges
3354 1095 3477 1153 me,
3510 1083 3572 1138 et
3612 1075 3937 1139 abomina-

2451 1174 2689 1237 buntur
2718 1193 2821 1237 me
2859 1174 3236 1237 vestimenta
3265 1194 3425 1237 mea.
3458 1174 3664 1255 Atque
3693 1174 3759 1237 in
3788 1174 3935 1237 Eze-

2450 1272 2653 1336 chicle
2684 1274 2988 1336 Dominus
3025 1270 3310 1355 loquitur
3336 1273 3677 1356 Synagogae
3708 1291 3723 1335 ε
3754 1274 3935 1335 lndui
3962 1291 4267 1337 uzacum-u

2451 1378 2511 1435 te
2558 1371 3001 1449 discoloribus,
3034 1380 3096 1433 et
3144 1371 3327 1453 posui
3375 1370 3676 1435 amictum
3722 1391 3933 1434 meum
3968 1357 4108 1404 ’θ’θ’

2451 1489 2642 1552 super
2676 1478 2759 1532 te.
2795 1474 2879 1531 Et
2906 1474 3115 1531 oleum
3144 1474 3223 1529 de
3258 1472 3467 1548 capite
3498 1480 3596 1531 tuo
3626 1490 3755 1531 non
3782 1474 3938 1548 defi-

2448 1571 2605 1637 ciat,
2638 1568 2701 1630 id
2742 1576 2861 1645 est,
2894 1568 3099 1650 pietas
3139 1586 3466 1649 nunquam
3502 1587 3541 1630 a
3579 1576 3685 1631 tua
3726 1577 3937 1631 mente

2452 1669 2724 1741 recedat,
2778 1686 2897 1730 nec
2940 1667 3158 1729 unctio
3203 1665 3422 1746 gratiae
3468 1675 3741 1730 mentem
3793 1666 3937 1729 illu·

2450 1775 2680 1843 stranS,
2705 1766 2821 1829 tibi
2854 1765 3039 1828 desit.
3063 1766 3271 1829 Potest
3300 1784 3555 1847 quoque
3585 1785 3699 1847 per
3726 1766 3935 1829 oleum

842 1866 1034 1945 huJus
1085 1863 1344 1941 mundi;
1373 1874 1433 1923 et
1481 1865 1554 1923 in
1602 1884 1787 1941 opere
1834 1864 2006 1941 quod
2050 1864 2167 1922 sub
2211 1866 2339 1921 sole
2376 1866 2421 1929 B
2448 1864 2803 1948 spiritualis
2833 1864 3073 1940 laetitia,
3108 1864 3217 1926 sed
3248 1872 3311 1926 et
3339 1862 3593 1926 claritas
3630 1863 3813 1929 bonae
3846 1863 3937 1927 sa-

833 1966 1117 2043 yeritur,
1148 1962 1210 2025 id
1255 1970 1370 2036 est,
1417 1961 1481 2023 in
1526 1960 1826 2045 operibus
1871 1959 2150 2041 pietatiS,
2197 1978 2340 2041 quae

841 2081 957 2146 pro
1015 2060 1281 2124 mortuis
1342 2059 1530 2136 fiunt,
1584 2079 1709 2123 non
1770 2059 2006 2122 habent
2065 2068 2333 2142 partem,

839 2161 993 2244 quia
1041 2180 1154 2242 per
1200 2158 1511 2239 suffragia
1553 2159 1704 2221 talia
1754 2177 1880 2222 non
1927 2158 2253 2240 juvantur.

921 2261 1245 2337 Praeterea,
1281 2277 1394 2341 per
1423 2276 1642 2321 canem
1674 2257 1916 2334 vivum,
1950 2256 2208 2338 quidam
2242 2256 2338 2318 in-

843 2359 1141 2439 telligunt
1197 2376 1540 2440 pauperem
1586 2358 1852 2438 justum,
1906 2355 2100 2418 vilem
2154 2374 2337 2437 repu-

840 2467 1066 2535 tatum,
1125 2465 1338 2519 tamen
1396 2456 1596 2519 instar
1651 2455 1828 2519 canis
1887 2453 2153 2517 Domino
2220 2472 2335 2517 suo

844 2556 1128 2631 fidelem,
1163 2564 1224 2619 et
1256 2573 1373 2637 pro
1403 2555 1527 2619 Deo
1558 2563 1780 2619 contra
1817 2560 2074 2637 peccata
2103 2553 2336 2615 latran-

843 2665 968 2719 tem
1016 2672 1029 2717 :
1076 2654 1186 2736 qui
1234 2653 1461 2717 melior
1489 2664 1585 2717 cst
1615 2654 1800 2716 leone
1830 2661 2101 2729 mortuo,
2137 2652 2199 2714 id
2238 2657 2335 2713 est

844 2762 1100 2837 potente
1148 2752 1363 2816 saeculi
1413 2752 1598 2834 hujus
1643 2751 1968 2815 defuncto.
2014 2786 2088 2796 —
2131 2750 2332 2833 Spiri-

845 2853 1118 2927 tualiter,
1155 2871 1270 2934 per
1297 2869 1517 2913 canem
1550 2850 1790 2924 vivum,
1824 2849 2194 2929 designatur
2225 2866 2335 2929 po-

843 2952 1031 3034 pulus
1060 2949 1340 3031 gentiliS,
1377 2950 1442 3011 in
1486 2948 1617 3011 fide
1647 2958 1708 3011 et
1735 2948 1939 3029 gratia
1975 2947 2208 3010 Christi
2241 2946 2334 3009 vi-

2450 1984 2569 2027 mae
2617 1963 2911 2043 intelligi,
2965 1981 3159 2043 quum
3206 1964 3284 2025 de
3324 1962 3574 2025 Christo
3624 1961 3867 2043 legatur
3914 1981 3932 2026 τ

2446 2063 2637 2127 Unxit
2666 2071 2727 2125 tc
2756 2062 2944 2138 DeuS,
2980 2061 3141 2124 Deus
3173 2070 3340 2138 tuna,
3372 2060 3513 2125 oleo
3542 2060 3775 2123 laetitiae
3804 2080 3932 2143 prae
3978 2084 4249 2131 amns.

2448 2160 2869 2245 participibus
2902 2159 3057 2239 tuis3
3080 2168 3143 2221 et
3173 2160 3239 2221 in
3270 2158 3685 2233 lsaia,0leum
3714 2159 3927 2239 gaudii
3980 2183 4042 2226 ι..
4069 2197 4156 2234 m,
4180 2186 4225 2225 a.

2448 2278 2563 2342 pro
2604 2259 2811 2337 luctu3
2842 2267 3035 2339 atque
3073 2257 3138 2319 in
3178 2256 3476 2334 CanticiS,
3518 2256 3737 2320 Oleum
3776 2256 3932 2321 effu·
3988 2282 4243 2326 eumz.

2446 2378 2586 2421 sum
2632 2376 2863 2420 nomen
2913 2365 3112 2418 tuum.

2522 2457 2877 2533 Perfruere
2918 2456 3055 2515 vita
3096 2476 3242 2515 cum
3292 2476 3518 2525 umore,
3554 2474 3754 2534 quam
3786 2456 3933 2515 dici·
4070 2472 4111 2525 9

2440 2559 2568 2634 qis,
2597 2557 2845 2617 cuncti-s·
2872 2555 3094 2615 diebus
3126 2555 3275 2615 vilae
3303 2555 3751 2615 instabilitatis
3782 2564 3931 2621 tuoe,

2444 2658 2561 2735 qui
2588 2656 2733 2715 dati
2767 2662 2918 2713 sunt
2961 2655 3078 2713 tibi
3104 2655 3221 2713 sub
3256 2656 3408 2723 sole,
3437 2653 3619 2713 omni
3660 2661 3936 2730 tempore

2443 2755 2758 2816 vanitatis
2804 2763 2950 2814 tuoe.
2984 2755 3141 2813 Hoec
3179 2762 3269 2813 est
3310 2753 3485 2813 enim
3530 2772 3683 2829 pars
3714 2760 3822 2813 tua
3861 2753 3933 2813 in

2444 2855 2601 2925 vica,
2635 2860 2694 2911 el
2724 2854 2795 2912 in
2828 2853 3039 2912 labore
3070 2861 3197 2912 tue.
3222 2848 3483 2923 Quidam
3515 2849 3737 2912 dicunt
3765 2850 3930 2923 istud

2442 2952 2517 3013 ad
2578 2949 2853 3012 litteram
2912 2947 3329 3030 spiritualiter
3386 2955 3449 3011 et
3506 2947 3935 3030 metaphorice

841 3069 1020 3114 vens.
1052 3048 1230 3112 Unde
1257 3050 1335 3112 ad
1363 3049 1778 3112 Chananaeam
1809 3047 1971 3111 dixit
2001 3046 2288 3109 Salvator
2314 3064 2327 3108 ε
2368 3053 2412 3116 C
2442 3068 2581 3114 esse
2615 3047 3122 3129 intelligendum,
3158 3046 3245 3108 ita
3274 3055 3343 3108 ut
3382 3064 3496 3128 per
3535 3064 3819 3123 uxorem,
3840 3046 3935 3109 in-

565 3159 811 3213 Matthxv,
841 3148 975 3212 Non
1005 3155 1100 3211 est
1129 3146 1364 3209 bonum
1399 3164 1648 3209 sumere
1679 3164 1905 3227 panem
1939 3143 2246 3219 filiorum,
2272 3152 2334 3205 et

549 3224 618 3267 ²⁶⁸
841 3247 1094 3310 mittere
1124 3246 1413 3309 canibus,
1445 3244 1632 3307 Canis
1672 3245 1791 3306 iste
1819 3243 2046 3307 melior
2085 3252 2181 3305 est
2211 3243 2334 3305 leo-

842 3365 921 3409 ne
968 3353 1239 3419 mortuo,
1276 3344 1337 3406 id
1386 3352 1481 3407 est
1529 3342 1767 3425 populo
1813 3342 2167 3405 Judaeorum
2218 3360 2334 3403 sua

841 3443 1286 3507 incredulitate
1333 3451 1682 3524 perempto,
1717 3450 1778 3505 et
1818 3442 1950 3523 jam
1990 3440 2335 3523 corporali-

843 3553 938 3605 ter
981 3560 1095 3625 pro
1139 3541 1412 3605 maxima
1454 3548 1632 3624 parte
1673 3541 2053 3607 dest-ructo:
2098 3538 2210 3621 qui
2252 3538 2331 3600 de

842 3640 1216 3705 veritatibus
1259 3640 1413 3703 fidei
1457 3640 1784 3703 catholicae
1826 3638 1914 3700 nil
1954 3647 2057 3701 aut
2104 3656 2330 3720 parum

839 3739 1147 3821 agnoscit,
1172 3748 1363 3821 atque
1393 3759 1429 3801 a
1459 3739 1584 3802 Deo
1611 3738 1870 3801 relictus
1902 3747 2018 3799 est.
2053 3736 2330 3811 Quorum

841 3858 1020 3903 amor
1057 3838 1456 3901 inordinatus
1495 3839 1571 3900 ad
1624 3837 1850 3918 legem,
1893 3845 1954 3899 et
1993 3835 2213 3899 odium
2260 3854 2333 3897 ac

841 3938 1084 4002 invidia
1113 3944 1332 4001 contra
1361 3937 1678 3999 Christum
1711 3944 1775 3999 ct
1801 3936 1942 4018 ejus
1971 3934 2331 4017 ApostoloS,

841 4037 1190 4121 perierunt.

589 4184 602 4191 -
667 4147 700 4201 7
923 4138 1089 4197 Vade
1129 4154 1299 4212 erqo,
1329 4144 1388 4194 ec
1430 4136 1677 4195 comede
1717 4134 1790 4193 in
1833 4135 2064 4195 loeticia
2095 4152 2333 4209 panem

2441 3147 2763 3227 telligatur
2794 3144 3029 3207 mentis
3059 3162 3312 3226 sponsa,
3345 3143 3643 3207 videlicet
3676 3142 3935 3226 Sapien-

2442 3246 2530 3307 tia
2561 3246 2865 3321 increata,
2883 3251 2995 3306 aut
3024 3242 3337 3325 sapientia
3368 3241 3662 3305 salutaris
3694 3242 3926 3320 infusa,

2440 3363 2583 3426 quae
2614 3352 2709 3406 est
2747 3343 3007 3419 donum,
3041 3361 3155 3424 per
3194 3360 3385 3423 quam
3425 3342 3935 3421 contemplamur

2440 3462 2583 3506 cum
2618 3452 2809 3523 gustu
2838 3441 3088 3503 interno
3116 3439 3353 3502 divina.
3372 3438 3549 3502 Unde
3579 3440 3657 3503 de
3688 3441 3931 3523 sapien·

2442 3542 2529 3604 tia
2570 3541 2730 3603 illud
2780 3540 3016 3603 dicitur
3064 3557 3077 3601 :
3125 3537 3395 3612 Quaesivi
3446 3557 3741 3620 sponsam
3790 3559 3927 3605 eam
3962 3568 4069 3623 ,ςφ
4089 3571 4225 3617 vus-‚2-

2439 3640 2597 3702 mihi
2628 3657 2973 3715 assumere,
3008 3646 3071 3700 et
3107 3645 3351 3700 amator
3386 3636 3591 3700 factus
3632 3656 3770 3701 sum
3807 3637 3933 3702 for-

2440 3759 2559 3803 mae
2590 3737 2787 3801 illius.
2821 3737 2975 3800 Cum
3007 3736 3123 3799 hac
3157 3735 3613 3818 perfruendum
3649 3745 3745 3799 est
3776 3736 3928 3813 vita,

2443 3838 2505 3901 id
2556 3846 2671 3913 est,
2709 3835 3147 3917 occupandum
3190 3842 3285 3897 est
3338 3853 3446 3898 cor
3496 3833 3559 3896 in
3610 3834 3927 3917 amplexu,

2442 3934 2896 4017 contemplatu,
2942 3952 3157 3997 amore
3202 3940 3267 3995 ct
3324 3933 3537 4013 quiete
3594 3932 3932 4015 Sapientiae

2442 4033 2781 4110 aeternaliS,
2831 4031 2997 4094 sicut
3038 4030 3275 4093 ibidem
3325 4030 3579 4093 additur
3624 4050 3639 4095 ε
3684 4031 3930 4093 Intrans
3986 4056 4195 4101 msam.

2445 4135 2510 4196 in
2554 4134 2811 4197 domum
2858 4150 3085 4206 meam,
3118 4129 3562 4210 conquiescam
3606 4148 3766 4201 cum,
3794 4130 3925 4193 illa.

843 4245 1057 4304 tuum,
1085 4243 1145 4294 ec
1183 4234 1318 4293 bibe
1354 4253 1500 4293 cum
1537 4234 1779 4309 ,qaudio
1817 4234 2048 4293 vinum
2094 4242 2281 4291 cuum
2310 4248 2332 4291 .·
2366 4235 2415 4297 D
2443 4232 2568 4296 Alii
2598 4237 2921 4312 exponunt
2952 4228 3087 4292 haec
3116 4229 3195 4290 de
3226 4246 3419 4291 uxore
3448 4226 3929 4309 legitimatcum

843 4331 905 4396 id
937 4340 1054 4408 est,
1087 4330 1477 4413 corporalem
1510 4349 1582 4394 ac
1611 4330 2006 4412 spiritualem
2042 4327 2334 4393 refectio-

845 4450 988 4494 nem
1041 4448 1220 4493 sume
1267 4448 1410 4492 cum
1463 4428 1781 4491 hilaritate
1830 4428 1894 4489 in
1946 4428 2120 4492 Deo:
2168 4427 2333 4490 sicut

844 4529 1014 4592 istud
1042 4528 1169 4610 jam
1201 4546 1368 4610 saepe
1397 4526 1820 4610 praehabitum
1853 4535 1982 4605 est3
2015 4528 2173 4607 quia
2205 4528 2334 4586 Deo

837 4632 1096 4705 placent
1137 4647 1328 4705 opera
1373 4637 1509 4698 tua,
1553 4624 1606 4687 si
1652 4624 1878 4688 fec-eris
1921 4624 2030 4702 ita,
2078 4632 2140 4687 ct
2184 4624 2335 4706 quia

843 4727 965 4789 hoc
1012 4726 1220 4809 ipsum
1272 4734 1450 4808 potes
1499 4742 1775 4807 sperare,
1815 4732 1878 4785 et
1923 4723 2140 4787 vivere
2188 4742 2331 4786 cum

666 4834 702 4889 8
839 4824 1238 4908 jucunditate
1268 4824 1334 4886 in
1375 4842 1508 4906 spe.
1549 4824 1742 4884 Omni
1773 4832 2047 4901 tempore
2073 4824 2207 4883 sint
2238 4843 2337 4883 ve-

839 4927 1141 4984 stimenta
1185 4932 1298 4984 tua
1335 4924 1646 4989 candida,
1687 4920 1744 4982 id
1794 4928 1910 4995 est,
1961 4938 2156 5002 opera
2204 4929 2331 4997 tua,

844 5021 1082 5104 quibus
1110 5020 1320 5084 anima
1348 5018 1637 5095 vestitur,
1672 5018 2026 5095 decoratur,
2062 5020 2337 5101 protegi-

845 5132 969 5197 tur,
996 5121 1124 5184 sint
1153 5140 1311 5203 pura
1341 5128 1402 5181 et
1432 5127 1625 5181 casta.
1656 5117 1832 5180 Unde
1861 5117 1924 5181 in
1956 5118 2333 5200 Apocalypsi

544 5238 816 5296 Amemus.
849 5219 1079 5300 legitur
1115 5237 1128 5282 :
1162 5217 1279 5293 Qui
1317 5216 1566 5293 vicerit,
1599 5215 1903 5279 vestietur
1941 5215 2339 5281 vestimentis

593 5337 778 5383 usas.
846 5317 1034 5382 albia.
1085 5316 1205 5379 Ubi
1255 5324 1322 5385 et
1365 5314 1669 5379 Dominus
1718 5322 2103 5398 protestatur
2155 5331 2172 5377 ε
2222 5312 2338 5389 Qui

2441 4350 2589 4412 qua,
2624 4328 2736 4410 qui
2766 4326 3029 4391 omnino
3058 4326 3387 4389 continere
3415 4344 3542 4389 non
3574 4335 3801 4408 potest,
3825 4336 3933 4389 aut

2443 4446 2568 4491 non
2618 4427 2773 4503 vult,
2807 4425 2995 4489 debet
3032 4423 3491 4487 delectabiliter
3533 4425 3750 4488 vivere
3786 4445 3931 4489 cum

2442 4528 2773 4590 honestate
2810 4532 2873 4587 et
2912 4523 3290 4587 castimonia
3326 4522 3669 4604 conjugali,
3704 4532 3773 4586 ut
3801 4542 3935 4587 om-

2443 4646 2587 4688 nem
2624 4622 3109 4687 fornicationem
3141 4621 3399 4683 devitet.
3420 4620 3648 4703 Sicque
3678 4640 3935 4686 conver-

2444 4725 2569 4788 sari
2617 4743 2763 4787 cum
2820 4721 3153 4797 contorali‚
3198 4729 3298 4784 est
3348 4740 3492 4803 pars
3538 4740 3673 4799 sua,
3727 4722 3790 4785 id
3838 4732 3935 4786 est

2444 4822 2835 4906 praecipuum
2883 4820 3037 4902 quid
3082 4820 3159 4882 ad
3204 4838 3385 4883 suam
3424 4828 3717 4899 spectans
3754 4839 3934 4885 voca-

2442 4922 2704 4985 tionem.

2508 5022 2959 5099 Quodcumque
2978 5024 3183 5096 potest
3210 5018 3425 5095 facere
3454 5036 3685 5078 manus
3718 5026 3849 5089 tua,
3866 5019 3930 5081 id
4055 5038 4121 5094 10

2444 5126 2561 5194 est,
2579 5116 2893 5199 quidquid
2926 5114 3079 5178 boni
3109 5132 3294 5194 agere
3320 5115 3489 5177 valet
3517 5122 3627 5177 tua
3655 5124 3933 5197 potestas

2448 5234 2559 5279 seu
2590 5214 2795 5279 virtus
2825 5213 3172 5297 operativa,
3208 5216 3525 5275 instanter
3551 5232 3837 5293 operare,
3869 5210 3937 5273 id

2451 5322 2569 5391 est,
2606 5311 2745 5375 sine
2782 5312 3086 5375 dilatione
3116 5319 3181 5375 et
3214 5310 3567 5375 cessatione
3596 5326 3939 5394 proseque-
