4284 6267
32 0 151 11 ——f

970 508 1322 558 ENARRATIO
1363 510 1427 556 IN
1470 510 1607 557 CAP.
1654 510 1803 557 xxxi
1844 510 2326 559 Pnovnnmonuu.
2370 530 2451 541 —
2491 510 2633 559 Alu‘.
2679 511 2829 557 XXXI
3329 495 3445 559 195

29 472 38 636 i

27 725 36 830 ι

148 698 249 749 Aput.
274 708 309 743 v,
339 679 731 760 appellatur.
769 681 855 743 De
884 699 1011 762 qua
1041 682 1129 744 ait
1158 682 1488 745 Psalmista
1517 703 1531 747 :
1560 682 1847 745 Gloriosa
1874 683 1926 745 A
1958 702 2177 746 rursus
2217 685 2282 746 in
2323 703 2436 746 sua
2476 691 2539 747 et
2575 683 2922 766 cujuslibet
2952 684 3133 746 electi
3171 702 3444 765 persona

118 770 311 867 ᾓζζζζη,
338 776 519 839 dicta
566 786 719 840 sunt
760 780 839 843 de
884 787 967 856 te,
1003 780 1231 844 civitas
1278 781 1411 843 Dei.
1445 782 1522 842 Et
1558 780 1843 842 Christus
1957 781 2192 865 fatetur
2237 802 2250 845 ε
2296 782 2362 844 In
2397 780 2528 844 fido
2559 781 2706 845 vivo
2737 781 2881 844 Filii
2913 781 3044 858 Dei,
3081 781 3188 863 qui
3221 781 3444 845 dilexit
3518 799 3734 851 Gazam..

26 878 28 949 l
116 884 141 923 ³·
256 944 277 971 ἦ
344 875 415 936 ἰη
446 876 697 939 Psalmo
731 897 745 941 :
782 878 849 939 ln
882 879 1113 956 medio,
1140 880 1371 961 inquit,
1390 878 1688 943 Ecclesiae
1718 878 1845 940 lau-
1954 897 2077 953 me,
2117 887 2180 941 et
2211 880 2469 943 tradidit
2506 880 2921 962 semetipsum
2959 899 3075 962 pro
3114 899 3237 944 me.
3267 881 3438 943 Unde
3471 864 3538 906 ²⁰·

26 972 28 979 ²
115 944 312 991 P''¹²¹'‘³‘
346 972 517 1037 dabo
550 984 631 1038 te.
1957 978 2022 1039 in
2071 978 2448 1060 Apocalypsi
2497 978 2766 1042 habetur
2818 999 2832 1043 t
2885 978 3172 1041 Christus
3221 979 3444 1042 dilexit
3501 998 3732 1053 Apoe.i,5.

25 1078 28 1167 4
432 1072 575 1136 Haec
619 1083 861 1152 sancta,
886 1076 1177 1157 speciosa
1214 1085 1279 1138 et
1314 1076 1593 1156 gloriosa
1634 1074 1846 1139 Eccle-
1956 1094 2094 1151 neS,
2125 1084 2191 1138 et
2219 1076 2374 1140 lavit
2412 1093 2528 1138 nos
2567 1095 2604 1138 a
2633 1076 2910 1158 peccatis
2941 1076 3173 1140 nostris
3205 1075 3270 1139 in
3302 1096 3444 1139 san-

346 1170 445 1232 sia
466 1172 581 1235 :de
611 1190 739 1253 qua
770 1192 989 1236 rursus
1012 1174 1273 1240 divinus
1303 1182 1568 1238 testatur
1588 1174 1848 1255 Aposto-
1955 1174 2151 1254 guine
2180 1164 2416 1237 suo.'Et
2445 1174 2602 1237 alibi
2638 1192 2652 1236 ε
2688 1174 2994 1238 Dominus
3026 1175 3240 1257 posuit
3271 1176 3338 1237 in
3367 1194 3443 1238 eo
3497 1195 3560 1239 ι..
3581 1198 3720 1247 ω.,σ,

140 1283 315 1359 egnes,
348 1269 450 1331 lus
476 1270 807 1334 :Christus
836 1269 1060 1335 dilexit
1086 1273 1458 1347 Ecclesiam,
1492 1281 1555 1335 et
1586 1271 1847 1335 tradidit
1958 1270 2364 1355 iniquitatem
2394 1274 2682 1336 omnium
2723 1282 3030 1336 nostrum.
3065 1272 3323 1337 Oblatus
3351 1282 3448 1337 est
3475 1263 3515 1311 ⁷’
3537 1261 3579 1308 ⁴·
3595 1262 3634 1301 ⁵·

346 1370 765 1451 semetipsum
797 1390 913 1452 pro
943 1390 1039 1449 ea,
1075 1380 1141 1434 ut
1175 1372 1350 1435 illam
1387 1369 1840 1447 sanctificaret,
1958 1370 2111 1453 quia
2160 1372 2384 1436 voluit.
2415 1372 2577 1435 Vere
2624 1372 2959 1453 languores
3007 1380 3255 1436 nostros
3311 1373 3448 1455 ipse

348 1468 669 1531 mundans
710 1469 887 1532 illam
929 1470 1179 1534 lavacro
1218 1490 1399 1553 aquae
1430 1471 1497 1532 in
1526 1469 1722 1533 verbo
1757 1469 1847 1530 vi-
1962 1470 2130 1548 tulit,
2162 1480 2226 1534 et
2255 1470 2504 1534 dolores
2533 1480 2782 1535 nostros
2815 1472 2952 1554 ipse
2983 1471 3278 1554 portavit.
3308 1472 3450 1552 lpse

350 1574 452 1642 ιω,
481 1576 547 1628 ut
576 1568 909 1631 exhiberet
940 1568 1063 1631 sibi
1094 1569 1438 1651 gloriosam
1469 1569 1843 1645 Ecclesiam,
1960 1577 2172 1631 autem
2218 1569 2586 1632 vulneratus
2635 1577 2732 1632 est
2773 1578 3032 1651 propter
3073 1568 3448 1651 iniquitates

354 1682 483 1727 non
514 1664 859 1730 habentem
892 1668 1207 1731 maculam
1244 1686 1451 1750 neque
1489 1686 1736 1748 rugam3
1768 1667 1848 1729 de
1962 1676 2229 1729 nostras.
2281 1667 2408 1731 Hoc
2465 1667 3106 1749 superdignissimum
3153 1666 3452 1731 Ecclesiae

139 1777 299 1827 [μω.
354 1782 481 1844 qua
526 1765 610 1827 ab
659 1766 822 1829 Isaia
868 1765 1243 1848 praedictum
1292 1776 1408 1844 est,
1449 1767 1669 1848 Surge,
1706 1766 1849 1828 illu·
1962 1764 2239 1845 pretium
2277 1766 2438 1839 Deus
2488 1766 2708 1842 Hom0‚
2743 1766 3026 1829 Christus
3075 1765 3451 1845 Unigenitus

354 1862 621 1943 minare,
664 1864 1037 1940 Jerusalem,
1072 1866 1225 1947 quia
1264 1866 1440 1929 venit
1487 1865 1703 1929 lumen
1753 1874 1849 1927 'tu-
1886 1862 1933 1925 B
1964 1862 2181 1937 Patris,
2237 1864 2458 1945 procul
2511 1864 2634 1926 fuit
2679 1884 2716 1926 a
2765 1864 3122 1939 Salomone,
3162 1864 3223 1926 id
3273 1871 3366 1926 est
3415 1884 3453 1927 a

354 1980 482 2038 um,
517 1970 581 2023 et
622 1963 830 2044 gloria
875 1963 1126 2027 Domini
1172 1964 1365 2047 super
1414 1972 1475 2028 te
1523 1972 1659 2027 orta
1701 1971 1797 2026 est
1832 1980 1846 2023 :
1964 1970 2250 2045 tempore
2293 1963 2455 2045 ejus,
2489 1964 2640 2044 quia
2681 1964 2846 2026 inter
2885 1972 3136 2047 tempus
3177 1962 3338 2026 illud
3390 1972 3454 2026 et

356 2060 507 2132 haee,
561 2062 851 2143 inquam,
901 2063 1186 2127 Ecclesia
1242 2073 1459 2128 sancta
1504 2063 1839 2137 catholica,
1960 2060 2192 2123 Christi
2241 2061 2584 2124 adventum
2644 2062 2902 2143 grandis
2952 2061 3074 2125 fuit
3123 2062 3446 2125 distantia.

354 2160 585 2222 mulier
621 2162 1007 2243 appellatur,
1039 2163 1345 2244 quoniam
1383 2182 1541 2227 uxor
1568 2172 1631 2226 et
1664 2182 1853 2245 spon·
1962 2158 2185 2221 Procul
2227 2159 2421 2222 etiam
2471 2160 2614 2236 suit,
2648 2160 2800 2241 quia
2843 2168 3046 2223 totum
3088 2178 3290 2241 genus
3336 2160 3453 2222 hu-

354 2278 418 2319 sa
448 2268 549 2321 est
582 2258 843 2338 Christi,
876 2261 1007 2325 imo
1050 2262 1243 2325 totius
1272 2262 1849 2344 superbeatissimae
1962 2271 2230 2320 manum·
2257 2258 2667 2322 vehementer
2707 2259 2996 2333 excessit,
3032 2268 3096 2322 et
3134 2278 3327 2341 super
3361 2260 3455 2321 di-

354 2356 723 2438 Trinitatis;
764 2358 1125 2441 specialiter
1164 2379 1315 2424 vero
1352 2360 1665 2423 incarnati
1705 2359 1849 2421 Filii
1962 2355 2268 2436 gnitatem
2311 2376 2383 2420 ac
2431 2358 2657 2420 merita
2703 2357 3036 2421 hominum
3088 2355 3232 2433 fuit,
3280 2358 3454 2440 quod

356 2456 478 2531 Dei,
500 2457 615 2538 qui
648 2457 939 2540 ejusdem
970 2478 1117 2521 cum
1146 2459 1257 2522 illa
1288 2466 1526 2522 naturae
1553 2467 1671 2534 est,
1692 2458 1843 2539 quia
1964 2455 2220 2517 Creator
2258 2456 2584 2519 immensae
2623 2456 2972 2538 majestatis
3006 2457 3092 2519 ita
3127 2456 3204 2519 ad
3249 2456 3454 2519 homi-

25 2594 28 2639 ,
358 2564 651 2618 naturam
687 2556 1034 2639 assumpsit
1064 2557 1535 2620 humanam.De
1563 2576 1689 2638 qua
1718 2576 1857 2619 mu·
1965 2571 2076 2616 nes
2101 2556 2294 2631 venit,
2327 2562 2390 2617 et
2421 2573 2487 2617 se
2519 2554 2732 2634 ipsum
2761 2572 2880 2636 pro
2913 2554 3044 2617 illis
3079 2556 3146 2617 in
3179 2555 3454 2637 pretium

25 2690 27 2729 :
106 2664 331 2718 Αροωιιπ-
359 2653 513 2717 liere·
546 2653 615 2715 in
647 2654 1027 2735 Apocalypsi
1060 2654 1327 2736 legitur:
1354 2654 1510 2729 Quia
1541 2663 1855 2720 venerunt
1963 2650 2316 2713 dedit.Fuit
2343 2670 2598 2733 quoque
2628 2651 2708 2714 de
2741 2651 2986 2713 ultimis
3017 2650 3458 2735 sinibus,quia

25 2738 27 2759 '
360 2752 597 2833 nuptiae
628 2752 823 2832 Agni,
854 2760 918 2813 et
954 2770 1111 2814 uxor
1151 2752 1291 2833 ejus
1334 2752 1716 2835 praeparavit
1759 2772 1849 2815 se.
1965 2749 2043 2811 de
2103 2749 2282 2811 coelis
2331 2750 2659 2813 descendit
2719 2749 2786 2812 in
2843 2758 3094 2814 uterum
3148 2751 3452 2832 VirginiS,

353 2849 899 2923 Quemadmodum
948 2850 1121 2913 enim
1173 2868 1329 2913 uxor
1380 2869 1491 2915 seu
1538 2869 1773 2933 sponsa
1812 2870 1851 2913 a
1964 2866 2091 2909 non
2121 2848 2333 2910 locum
2370 2848 2694 2923 mutando,
2730 2848 2882 2930 quia
2924 2848 3274 2911 immensus
3311 2849 3452 2912 ubi-

352 2948 579 3013 marito
632 2957 697 3011 et
744 2966 983 3030 sponso
1034 2948 1414 3013 secundatur
1471 2950 1550 3011 ad
1598 2949 1853 3031 prolifi-
1963 2964 2085 3027 que
2123 2955 2217 3009 est
2255 2964 2569 3028 praesens3
2615 2947 2725 3009 scd
2767 2954 3059 3010 naturam
3102 2948 3450 3010 humanam

348 3048 647 3121 candum,
683 3046 777 3109 sic
816 3046 1099 3109 Ecclesia
1135 3066 1173 3110 a
1202 3047 1453 3110 Christo
1498 3047 1846 3127 gratiarum
1888 3044 1931 3107 C
1962 3045 2354 3127 hypostatice
2383 3046 2780 3122 assumendo,
2795 3045 2973 3125 juxta
3002 3045 3159 3108 illud
3194 3045 3260 3107 in
3293 3045 3456 3108 Psal-

348 3144 841 3208 charismatibus
892 3145 1369 3227 impraegnatur‚
1413 3147 1491 3209 ad
1542 3164 1851 3227 generan-
1962 3164 2065 3207 mo
2120 3162 2133 3206 t
2183 3143 2539 3207 Exsultavit
2590 3151 2660 3206 ut
2709 3144 2888 3225 gigas
2939 3144 3018 3206 ad
3072 3144 3454 3207 currendam
3533 3170 3745 3222 emm..

348 3244 497 3305 dum
530 3242 591 3307 ei
627 3242 805 3307 filios
832 3263 906 3307 ac
946 3242 1119 3306 filias
1158 3244 1528 3326 spirituales
1570 3245 1636 3307 in
1672 3244 1849 3308 fonte
1962 3242 2130 3308 viam
2161 3260 2177 3321 ;
2221 3262 2259 3305 a
2287 3260 2536 3305 summo
2566 3240 2728 3305 coelo
2763 3241 3044 3321 egressio
3075 3242 3238 3323 ejus.
3271 3243 3455 3305 Nem·
3483 3234 3526 3283 ⁶·
3543 3234 3584 3277 ⁷·

352 3343 780 3426 BaptismatiS,
807 3342 873 3405 in
902 3342 1299 3407 Poenitentiae
1335 3351 1756 3421 sacramento,
1783 3342 1849 3405 in
1963 3360 2062 3424 pe,
2110 3342 2274 3404 sicut
2321 3341 2388 3404 in
2437 3340 2594 3403 isaia
2637 3341 2818 3423 juxta
2866 3340 3200 3423 antiquam
3251 3348 3456 3405 trans-

354 3440 809 3523 praedicatione
849 3440 1028 3504 verbi
1067 3441 1367 3505 coelestis.
1404 3442 1665 3524 Insuper
1707 3461 1847 3504 san·
1963 3440 2264 3502 lationem
2308 3438 2599 3514 habetur,
2647 3439 2780 3503 Non
2828 3439 3128 3520 legatum,
3176 3457 3305 3502 non
3345 3460 3457 3503 an-

356 3548 455 3602 cta
513 3538 805 3602 Ecclesia
860 3546 1148 3602 materno
1206 3538 1451 3602 affectu
1515 3539 1848 3603 universos
1962 3538 2177 3620 gelum
2225 3537 2420 3613 misit,
2473 3539 2584 3601 sed
2643 3538 2782 3621 ipse
2838 3538 2906 3600 in
2965 3538 3224 3620 propria
3278 3540 3456 3603 venit

358 3646 527 3701 amat
572 3637 826 3717 fideleS,
858 3657 932 3702 ac
974 3637 1410 3701 maternaliter
1453 3635 1629 3703 fovet
1672 3646 1734 3701 et
1769 3636 1856 3700 di·
1967 3654 2237 3720 persona
2272 3655 2285 3701 :
2320 3637 2498 3718 juxta
2545 3636 2728 3712 illud,
2761 3637 3064 3700 Dominus
3102 3637 3296 3719 judex
3344 3656 3457 3702 no-
3525 3664 3750 3717 axum,

362 3736 507 3818 rigit
534 3756 669 3813 eoS,
702 3756 781 3801 ac
806 3736 1045 3820 jugiter
1076 3752 1192 3819 pro
1215 3755 1435 3800 eorum
1476 3736 1858 3801 sollicitatur
1967 3744 2117 3813 ster,
2149 3734 2452 3799 Dominus
2485 3732 2710 3814 legifer
2730 3743 2968 3811 noster,
3002 3734 3307 3798 Dominus
3347 3754 3456 3798 rex
3483 3728 3551 3770 θ’·

362 3837 587 3900 salute.
1968 3843 2203 3909 noster,
2255 3834 2394 3915 ipse
2444 3834 2652 3897 veniet
2709 3841 2772 3895 et
2829 3832 3100 3898 salvabit
3149 3853 3286 3898 nos.
3337 3833 3454 3909 Qui

436 3935 919 4017 consequenter
972 3934 1347 4016 dignitatem
1408 3935 1704 3999 Ecclesiae
1752 3954 1856 3999 ex·
1967 3934 2160 3997 etiam
2191 3932 2726 3997 testaturzLauda
2755 3931 3082 4014 etn'laetare,
3108 3932 3248 3996 filia
3277 3933 3454 4013 Sion,
3539 3950 3753 4004 Zama,

364 4034 605 4116 primit,
640 4053 717 4099 ex
757 4033 1157 4115 pretiositate
1198 4033 1385 4116 pretii
1429 4052 1544 4116 pro
1582 4034 1723 4115 ejus
1766 4054 1859 4097 re-
1968 4033 2121 4113 quia
2147 4050 2292 4095 ecce
2323 4030 2532 4107 venio,
2565 4040 2629 4094 et
2657 4029 2959 4095 habitabo
2992 4032 3060 4094 in
3091 4030 3306 4095 medio
3337 4033 3453 4094 tui.
3489 4016 3556 4057 ¹⁰·

364 4134 733 4216 demptione
779 4131 1071 4195 exhibiti.
1106 4136 1373 4201 Procul,
1403 4135 1571 4193 etde
1601 4137 1858 4195 ultimis
2048 4130 2350 4212 Sequitur
2391 4148 2612 4191 versus
2659 4130 3002 4193 secunduS.
3050 4133 3330 4209 confidit
3385 4133 3456 4193 in
3589 4142 3650 4198 u

362 4234 605 4308 finibus
624 4233 915 4309 precium
944 4231 1106 4309 eju-s,
1140 4229 1417 4293 Pretium
1447 4231 1538 4293 rei
1573 4240 1853 4311 vocatur,
1888 4235 1939 4297 D
1966 4250 2039 4289 ea
2069 4248 2177 4288 cor
2209 4229 2341 4289 viri
2374 4229 2482 4288 sui
2512 4247 2534 4286 .·
2567 4227 2632 4289 id
2661 4234 2777 4302 est,
2811 4225 3098 4290 Christus
3145 4246 3184 4290 a
3223 4247 3458 4309 sponsa

362 4330 531 4411 ‘quod
562 4346 681 4411 pro
714 4329 859 4410 ejus
897 4328 1222 4411 emptione
1264 4347 1377 4391 seu
1415 4329 1859 4412 redemptione
1968 4346 2083 4389 sua
2108 4324 2487 4400 Ecclesia,et
2515 4344 2628 4407 per
2658 4326 2798 4406 eJus
2829 4324 3213 4407 obsequium
3239 4344 3462 4409 exspe-

368 4427 775 4511 persolvitur.
820 4428 1037 4509 Itaque
1084 4427 1363 4511 pretium
1412 4428 1712 4493 Ecclesiae
1763 4437 1862 4493 est
1968 4424 2166 4490 ctavit
2203 4422 2484 4487 fructum
2514 4423 2844 4507 copiosum
2881 4423 3229 4506 percipere,
3283 4423 3464 4488 sobo-

369 4526 654 4591 Salvator
703 4526 929 4608 ipsius,
978 4525 1091 4607 qui
1151 4534 1219 4588 ut
1276 4545 1415 4589 eam
1463 4546 1501 4589 a
1550 4534 1860 4609 potestate
1971 4523 2097 4587 lem
2126 4521 2660 4586 innumerabilem
2683 4531 3129 4605 procreare;et
3149 4522 3464 4606 quidquid

370 4625 633 4703 diaboli,
664 4644 705 4687 a
731 4624 887 4707 jugo
925 4625 1190 4709 peccati,
1219 4644 1257 4687 a
1298 4633 1474 4689 reatu
1515 4626 1867 4691 damnatio-
1974 4642 2087 4705 per
2113 4621 2455 4705 Prophetas
2483 4622 2562 4685 de
2601 4622 2741 4703 ejus
2786 4619 3118 4699 fidelitate,
3153 4622 3468 4686 virtuosi-

376 4725 471 4787 nis
509 4724 810 4807 eriperet,
842 4724 969 4787 Deo
1008 4722 1172 4786 Patri
1212 4724 1675 4800 reconciliaret,
1711 4725 1865 4789 bea·
1976 4730 2122 4796 tate,
2161 4719 2486 4783 fertilitate
2528 4719 2837 4801 praedixit,
2873 4738 2989 4802 pro
3027 4728 3200 4782 certo
3229 4737 3466 4800 cogno-

380 4822 805 4905 titudinisque
850 4822 1127 4885 coelestis
1188 4821 1565 4905 participem
1614 4833 1677 4887 et
1723 4842 1870 4887 con·
1976 4822 2070 4885 vit
2118 4820 2186 4882 in
2239 4838 2312 4883 ea
2362 4826 2426 4882 et
2473 4836 2586 4899 per
2635 4836 2775 4881 eam
2826 4818 3251 4900 implendum.
3321 4816 3467 4899 Fuit

380 4932 615 4985 sortem
670 4920 985 4997 efficeret,
1037 4920 1336 5001 dignatus
1378 4930 1476 4984 est
1522 4921 1865 5001 incarnari,
1978 4920 2152 4983 enim
2186 4918 2579 5001 praedictum,
2616 4917 2786 4998 quod
2827 4915 3155 4998 primitiva
3184 4915 3468 4979 Ecclesia

108 5039 351 5090 amam.
384 5021 545 5084 inter
574 5019 871 5084 homines
908 5020 1294 5098 conversari,
1329 5027 1521 5102 atque
1561 5040 1629 5083 se
1657 5020 1871 5103 ipsum
1980 5027 2043 5082 et
2066 5016 2252 5081 multi
2275 5035 2352 5079 ex
2384 5015 2652 5099 posteris
2681 5016 2836 5097 ejus,
2855 5014 3270 5094 Evangelium
3290 5012 3468 5076 Chri-

97 5105 161 5145 ’δ’
384 5138 495 5202 pro
522 5121 665 5201 ejus
697 5118 1075 5183 liberatione
1108 5138 1182 5182 ac
1212 5119 1415 5182 salute
1457 5117 1719 5197 offerre,
1752 5120 1875 5183 sic·
1982 5117 2062 5180 sti
2123 5116 2406 5196 undique
2462 5114 2972 5177 constantissime
3018 5112 3462 5195 praedicarent,

384 5228 454 5281 ut
490 5219 623 5301 jam
662 5238 742 5281 ex
777 5216 990 5284 verbis
1019 5217 1307 5301 Apostoli
1354 5217 1748 5297 tangebatur,
1776 5218 1877 5281 di·
1983 5215 2294 5279 mundum
2336 5220 2798 5288 converterent,
2841 5212 2908 5273 in
2951 5211 3126 5275 omni
3171 5229 3471 5293 persecu-

92 5280 359 5389 g'hm'
383 5317 584 5382 centis
614 5335 632 5381 z
667 5316 954 5381 Tradidit
992 5316 1409 5400 semetipsum
1457 5334 1573 5399 pro
1616 5335 1711 5381 ea.
1750 5316 1873 5391 Qui
1982 5315 2158 5380 tione
2198 5320 2386 5393 atque
2433 5310 2737 5393 martyrio
2787 5310 3012 5376 invicti
3062 5317 3400 5374 manerent
3447 5329 3465 5377 :
