4284 6267
1488 489 1775 536 upxs'rom
1819 490 2287 537 NUNGUPA’romA
2856 464 2865 471 ’
3346 468 3435 535 xv*

339 666 428 729 vel
469 664 778 729 facilitate
810 665 1103 741 vilescat,
1137 663 1240 727 vel
1273 663 1480 728 nimia
1509 665 1912 729 obscuritate
1941 666 2220 729 taedium
2254 666 2485 748 pariat.
2528 665 2612 728 Et
2647 666 2802 728 licet
2833 665 3161 728 altissimo
3201 665 3428 728 Sancti

342 775 616 858 Spiritus
647 773 929 837 consilio
960 772 1213 836 factum
1242 773 1354 850 sit,
1401 774 1473 834 ut
1513 773 1731 836 omnis
1768 774 2096 837 sermonis
2135 774 2345 837 fastus
2382 777 2445 837 et
2476 775 2785 839 humanae
2824 774 3139 837 vanitatis
3169 775 3429 839 tumida

337 884 649 966 sapientia
700 882 877 947 absit
921 898 960 943 a
1006 880 1147 943 toto
1207 896 1412 943 sacrae
1464 881 1822 962 Scripturae
1875 898 2168 963 corpore,
2208 898 2340 945 non
2392 884 2615 947 tamen
2661 883 2849 946 abest
2896 882 3049 947 inde
3098 884 3429 965 stupenda

339 992 636 1073 quaedam
681 991 746 1055 et
781 988 1210 1069 suspicienda
1249 989 1601 1070 sapientia,
1643 989 1957 1053 omnibus
1995 1008 2128 1053 non
2161 989 2350 1071 plane
2389 991 2583 1053 caecis
2620 989 2981 1071 quamdam
3018 992 3126 1054 sui
3159 1010 3432 1057 venera-

343 1101 574 1163 tionem
605 1098 964 1173 incutienS,
1011 1096 1078 1159 et
1113 1096 1280 1159 mire
1327 1096 1512 1159 intus
1563 1096 1823 1159 animos
1861 1099 2213 1177 penetrans
2258 1095 2451 1177 longe
2488 1096 2782 1178 profecto
2830 1097 3183 1177 efficacius,
3226 1116 3428 1180 quam

339 1207 540 1270 solent
591 1223 669 1269 ea
715 1222 863 1287 quae
921 1203 1218 1267 bominis
1267 1202 1754 1283 cujuscumque
1807 1204 2074 1284 ingenio
2125 1203 2605 1284 excogitantur.
2641 1205 2871 1267 Voluit
2915 1206 3093 1269 enim
3141 1207 3429 1287 Spiritus

339 1315 610 1378 Sanctus
656 1314 726 1375 in
777 1312 895 1376 illa
943 1311 1491 1393 splendidissima
1539 1311 1926 1374 divinorum
1979 1312 2403 1375 voluminum
2465 1329 2693 1375 mensa
2751 1313 3064 1376 omnibus
3115 1331 3259 1378 esse
3304 1332 3429 1378 sua

339 1420 566 1484 fercula
619 1419 980 1501 proposita,
1022 1418 1198 1480 unde
1249 1419 1558 1500 caperent
1603 1418 1854 1499 singuli
1904 1419 2081 1498 quod
2133 1420 2310 1481 esset
2359 1436 2394 1482 e
2440 1418 2655 1481 salute
2700 1420 2766 1481 et
2810 1435 2937 1482 usu
2978 1421 3420 1501 singulorum.

339 1526 518 1601 Quod
569 1526 672 1588 illi
727 1524 996 1588 difficile
1045 1543 1181 1588 non
1231 1524 1382 1602 fuit,
1427 1525 1656 1605 utpote
1707 1525 2011 1588 omnium
2069 1524 2264 1588 corda
2304 1525 2369 1589 et
2416 1525 2831 1589 conditiones
2882 1527 3131 1607 optime
3180 1530 3421 1611 perspi·

340 1633 544 1698 cienti.
575 1631 725 1705 Quo
777 1632 848 1694 fit
896 1633 971 1694 ut
1019 1648 1102 1695 ex
1155 1631 1269 1694 illo
1323 1630 1850 1695 instructissimo
1911 1631 2284 1694 coelestium
2336 1631 2753 1713 eloquiorum
2805 1632 3113 1697 convivio
3166 1635 3427 1701 abunde

339 1758 551 1805 omnes
583 1739 990 1816 reficiantur,
1025 1739 1092 1801 et
1131 1738 1420 1802 ubertim
1456 1738 2191 1821 suppeditet‘omnibus
2227 1738 2555 1821 quidquid
2599 1738 2733 1801 illis
2778 1740 2862 1802 ad
2904 1739 3069 1812 bene
3104 1741 3426 1824 beateque

338 1848 684 1912 vivendum
720 1847 934 1929 possit
969 1864 1114 1909 esse
1141 1845 1586 1926 adminiculo;
1620 1845 1678 1909 si
1705 1846 1927 1908 tamen
1957 1864 2088 1909 non
2120 1845 2257 1908 sint
2282 1847 2507 1909 animo
2536 1846 2723 1909 surdi
2755 1864 3023 1928 prorsus
3052 1849 3119 1911 et
3147 1849 3329 1928 caeci,
3352 1854 3429 1915 ut

341 1971 448 2017 nec
474 1956 748 2017 audiant
781 1971 903 2017 nec
941 1953 1210 2015 videant
1241 1969 1438 2016 voces
1477 1955 1542 2015 et
1579 1952 2012 2015 incitamenta
2039 1954 2329 2035 Spiritus
2359 1953 2606 2017 Sancti.
2633 1954 2925 2017 Possunt
2957 1955 3099 2018 haec
3136 1956 3427 2023 dilucide

341 2063 536 2125 velex
561 2080 634 2125 se
671 2062 838 2143 ipsis
873 2061 1266 2141 intelligere,
1301 2060 1418 2141 qui
1451 2061 1631 2123 intus
1664 2078 1778 2141 per
1817 2060 2064 2125 Christi
2104 2062 2386 2141 gratiam
2424 2061 2825 2139 resuscitati,
2850 2063 3087 2125 vivunt
3125 2066 3191 2127 in
3231 2066 3370 2130 Deo
3409 2086 3424 2129 z

338 2170 567 2250 quibus
601 2170 819 2231 multa
843 2186 1022 2251 saepe
1055 2169 1126 2231 in
1150 2166 1512 2249 Scripturis
1546 2168 1756 2231 sacris
1785 2170 2129 2250 perspicue
2160 2170 2569 2251 aperiuntur,
2602 2170 2777 2232 unde
2814 2170 3079 2235 illarum
3111 2172 3428 2238 virtutem

336 2280 394 2340 et
416 2276 1151 2357 incomprehensibilem
1184 2276 1323 2338 vim
1353 2292 1428 2337 ac
1464 2274 1879 2353 maJestatem
1917 2277 2253 2359 suspicere
2282 2278 2349 2340 et
2383 2277 2699 2341 admirari
2733 2282 3082 2357 coguntur.
3110 2279 3242 2353 Qui
3272 2300 3425 2347 vero

337 2383 551 2447 saeculi
607 2382 1018 2445 vanitatibus
1071 2382 1282 2446 dediti
1327 2384 1511 2459 sunt,
1567 2385 1632 2445 et
1689 2384 1926 2446 vivunt
1982 2384 2213 2445 multis
2266 2384 2629 2449 sceleribus
2688 2385 2987 2465 obligati,
3048 2388 3263 2469 legere
3330 2391 3425 2454 illi

338 2492 592 2573 quidem
628 2492 697 2555 et
744 2490 975 2554 audire
1021 2491 1305 2571 possunt
1343 2506 1543 2553 voces
1588 2490 1876 2571 Spiritus
1925 2491 2154 2553 Sancti
2200 2493 2268 2554 et
2306 2492 2581 2555 verbum
2625 2492 2773 2569 Dei,
2816 2494 2883 2556 et
2926 2496 3178 2575 passim
3217 2499 3429 2563 multa

337 2600 460 2662 illis
488 2601 870 2675 occurrunt,
912 2598 1156 2679 quibus
1194 2598 1427 2661 merito
1471 2598 1756 2661 emolliri
1800 2597 2111 2661 deberent
2158 2598 2240 2661 ad
2290 2600 2443 2662 vitae
2491 2601 3021 2664 emendationem
3064 2602 3424 2668 instituen-

337 2706 500 2783 dam,
536 2707 657 2770 sed
697 2706 902 2769 surda
951 2723 1108 2768 aure
1148 2706 1629 2785 pertranseunt,
1673 2722 1789 2768 nec
1827 2705 2104 2769 internis
2141 2706 2349 2769 animi
2393 2706 2737 2769 obtutibus
2782 2708 3120 2789 adspicere
3174 2712 3425 2776 sincere

335 2814 619 2893 possunt,
635 2814 806 2895 quid
835 2813 904 2875 in
933 2813 1080 2894 ipso
1109 2812 1232 2875 Dei
1263 2811 1462 2874 verbo
1494 2812 1678 2873 intus
1713 2811 2054 2875 delitescat
2093 2812 2364 2894 plenum
2402 2814 2865 2877 admirationis
2903 2833 2976 2879 ac
3016 2820 3419 2883 reverentiae.

334 2920 547 3001 Itaque
591 2922 760 2983 tales
807 2920 1096 2983 fatentur
1129 2919 1406 3000 quidem
1445 2936 1516 2983 se
1569 2936 1764 2981 nosse
1801 2919 2043 2996 Deum,
2079 2922 2144 2982 et
2184 2919 2433 2983 Christi
2468 2921 2907 3001 Evangelium
2937 2923 3169 2989 buccis
3207 2928 3422 3009 crepi-

335 3030 609 3091 tantibus
652 3028 1040 3110 praedicant,
1072 3027 1192 3089 sed
1229 3026 1424 3089 factis
1473 3027 1536 3089 et
1589 3026 1885 3089 moribus
1933 3030 2195 3107 negant.
2242 3026 2503 3101 Quibus
2549 3044 2708 3092 sane
2747 3030 2982 3093 utilius
3030 3031 3242 3095 fuerat
3290 3052 3422 3099 non

335 3152 511 3199 nosse
547 3136 670 3199 Dei
702 3135 1114 3199 voluntatem
1146 3134 1216 3195 in
1246 3133 1461 3214 ipsius
1502 3132 1696 3195 verbo
1727 3133 1990 3197 abunde
2030 3135 2223 3198 nobis
2261 3134 2660 3200 declaratam
2694 3138 2757 3199 et
2790 3138 3185 3218 expositam,
3221 3159 3421 3222 quam

335 3243 650 3322 cognitam
701 3259 914 3323 usque
945 3241 1108 3304 adeo
1152 3242 1573 3304 contemnere
1619 3242 1684 3304 et
1729 3241 2061 3322 neglectui
2111 3242 2372 3306 habere.
2408 3243 2655 3306 Verum
2696 3243 2781 3305 iis
2827 3246 3315 3327 praetermissis,
3349 3252 3423 3312 ut

335 3348 408 3411 ad
433 3349 819 3412 institutum
847 3350 1282 3424 revertamur,
1314 3347 1597 3410 dubium
1636 3366 1767 3411 non
1808 3352 1907 3411 est
1947 3366 2259 3429 magnam
2306 3349 2439 3412 illis
2480 3350 2643 3411 viris
2679 3368 2800 3413 nos
2842 3351 3076 3416 debere
3113 3356 3420 3436 gratiam,

332 3455 436 3533 qui
459 3456 708 3536 scripta
740 3456 970 3518 divina
1001 3455 1329 3536 plerisque
1369 3454 1533 3517 locis
1562 3456 1835 3518 omnino
1865 3456 2040 3519 tecta
2078 3456 2142 3518 et
2172 3456 2706 3537 impenetrabilia
2744 3458 3027 3522 infirmis
3061 3478 3137 3524 ac
3186 3480 3423 3543 parum

329 3560 714 3625 illuminatis
761 3562 1120 3639 mentibuS,
1171 3579 1288 3642 pro
1325 3560 1490 3642 ipsis
1539 3562 1866 3624 divinitus
1904 3562 2141 3625 collata
2180 3563 2391 3644 gratia
2421 3564 2565 3627 suis
2613 3568 3111 3630 commentariis
3140 3568 3431 3632 illustra-

331 3671 490 3731 runt.
530 3670 606 3732 In
667 3686 958 3750 quorum
1017 3686 1294 3732 numero
1352 3686 1483 3731 non
1529 3671 1940 3750 postremum
1987 3670 2116 3732 sibi
2168 3671 2390 3733 locum
2450 3670 2745 3735 vindicat
2790 3671 3158 3754 Dionysius
3203 3678 3429 3742 noster

331 3775 776 3853 CartusianUS,
808 3776 911 3838 vir
945 3774 1116 3857 (sine
1158 3775 1296 3838 ulla
1336 3776 1802 3857 ambiguitate)
1846 3777 2203 3858 multiplici
2250 3779 2622 3842 eruditione
2664 3796 2740 3843 ac
2780 3781 3027 3844 eximia
3062 3783 3219 3846 vitae
3266 3800 3424 3847 san-

331 3884 538 3947 ctitate
576 3884 902 3966 praeditus
944 3902 958 3943 :
994 3883 1113 3965 qui
1154 3884 1482 3946 immenso
1521 3882 1740 3946 labore
1779 3902 1863 3947 ex
1901 3886 2201 3947 veterum
2241 3886 2717 3963 monumentis,
2754 3886 2891 3949 imo
2929 3889 3130 3953 etiarn
3162 3907 3242 3953 ex
3280 3892 3425 3972 ipso

329 3990 539 4053 Sancti
565 3992 862 4073 Spiritus
887 3992 1145 4054 sincero
1177 3990 1430 4053 lumine
1463 4007 1538 4053 ac
1571 3990 1798 4053 divina
1828 3990 2254 4055 irradiatione
2283 3991 2573 4055 confecit
2599 3993 2806 4055 totius
2835 4011 3037 4059 sacrae
3067 3998 3424 4078 Scripturae

331 4100 796 4163 commentaria
829 4116 952 4161 nec
998 4098 1504 4174 contemnenda,
1545 4113 1666 4161 nec
1701 4098 2002 4177 vulgaria
2052 4100 2348 4179 quidem.
2391 4100 2749 4181 Speciatim
2810 4120 2965 4165 vero
3025 4104 3227 4167 libros
3278 4106 3427 4170 illos

331 4207 636 4287 quinque,
685 4224 859 4288 quos
909 4206 1347 4288 Sapientiales
1387 4206 1650 4283 vocant,
1686 4206 1876 4269 docte
1932 4223 2006 4269 ac
2044 4206 2151 4287 pie
2205 4206 2584 4288 explicavit,
2620 4208 2782 4272 adeo
2823 4210 2895 4271 ut
2942 4228 3137 4275 nemo
3178 4212 3267 4275 sit
3308 4215 3427 4294 qui

333 4312 499 4377 illius
527 4315 817 4378 lectione
861 4330 933 4376 se
970 4329 1102 4375 non
1137 4312 1382 4375 sentiat
1425 4312 1491 4373 in
1533 4312 1620 4377 iis
1655 4312 2104 4393 intelligendis
2141 4313 2322 4377 haud
2361 4314 2784 4378 mediocriter
2823 4317 3151 4397 adjutum.
3196 4320 3427 4384 Potest

333 4420 586 4499 quidem
623 4422 839 4485 lector
876 4420 1181 4483 curiosus
1211 4419 1352 4482 stili
1385 4419 1781 4501 elegantiam
1810 4421 1879 4483 in
1911 4438 1987 4485 60
2019 4422 2414 4500 desiderare,
2455 4424 2571 4485 sed
2602 4440 2753 4487 eam
2791 4424 3068 4490 minime
3103 4428 3418 4509 requiret,

333 4528 437 4607 qui
473 4547 600 4592 non
641 4532 784 4593 tam
832 4528 1102 4593 aurium
1139 4526 1667 4606 oblectamentiS‚
1719 4545 1920 4609 quam
1955 4546 2173 4591 rerum
2216 4530 2595 4611 cognitione
2644 4531 3025 4595 delectatur.
3067 4533 3253 4614 Est0,
3288 4536 3428 4599 vim

333 4652 506 4699 suam
538 4638 782 4701 habeat
819 4654 1035 4700 sermo
1067 4637 1342 4699 ornatus
1381 4655 1393 4695 :
1435 4636 1552 4699 sed
1584 4636 1795 4698 satius
1843 4636 1944 4699 est
1994 4636 2076 4698 ad
2114 4636 2431 4718 pietatem
2470 4639 2537 4701 et
2563 4655 2785 4701 rerum
2813 4640 3120 4705 notitiam
3159 4642 3425 4707 institui

335 4746 532 4808 verbis
586 4746 751 4809 licet
793 4743 1238 4825 simplicibuS,
1284 4760 1487 4824 quam
1538 4743 1788 4806 lasciva
1834 4743 2189 4807 verborum
2243 4745 2609 4825 petulantia
2665 4748 2730 4810 et
2782 4747 3095 4811 dictionis
3137 4750 3428 4831 phaleris

333 4850 458 4915 sine
493 4853 726 4935 aliquo
775 4852 998 4915 fructu
1044 4850 1437 4914 inanissime
1483 4850 1785 4913 detineri.
1820 4851 2058 4914 Noster
2109 4869 2262 4933 ergo
2304 4852 2696 4934 DionysiuS,
2739 4871 2947 4933 quum
2996 4857 3204 4919 totius
3251 4858 3427 4921 Scri-

335 4962 525 5039 pturae
585 4962 836 5024 divinae
895 4960 1323 5041 explanandae
1375 4958 1505 5021 sibi
1556 4958 1898 5037 negotium
1953 4960 2381 5040 sumpsisset,
2425 4960 2625 5022 etiam
2674 4960 2798 5023 hos
2847 4962 3141 5042 quinque
3186 4965 3425 5044 partim

335 5068 716 5147 SalomoniS,
757 5068 1003 5149 partim
1030 5067 1313 5131 aliorum
1345 5065 1550 5130 libros
1587 5066 1896 5147 exposuit
1935 5066 2307 5146 diligenter,
2341 5066 2608 5147 copiose
2635 5069 2701 5130 et
2733 5068 3009 5131 erudite.
3045 5068 3176 5141 Qui
3215 5088 3426 5150 quum

331 5174 452 5252 jam
497 5194 732 5240 rursus
767 5176 962 5239 novis
1000 5178 1221 5238 essent
1259 5174 1434 5256 typis
1477 5174 1730 5249 excusi,
1772 5173 2183 5253 dignumque
2220 5173 2579 5250 videretur,
2635 5177 2711 5236 ut
2754 5192 2924 5237 novo
2973 5176 3223 5255 studio,
3274 5179 3423 5259 pul-

341 5266 858 5364 chrioribusque'
889 5281 1380 5345 characteribus
1439 5280 1774 5363 impressi,
1827 5296 2074 5342 novum
2140 5280 2270 5342 sibi
2329 5281 2683 5360 patronum
2738 5282 3201 5363 adsciscerent,
3259 5286 3430 5348 inter

3486 2959 3701 3009 Tit.1.¹6.
