4284 6267
93 864 148 907 2⁴.

91 1057 124 1096 ⁶.

79 2676 189 2721 laid.
201 2680 336 2728 mm.

103 3174 272 3217 Roma
275 3189 336 3228 ιιι

75 3241 136 3289 38,
155 3241 224 3281 39.

73 4762 282 4819 Philipp.
293 4774 345 4815 ιι,

921 510 1273 557 mur-Ano
1315 512 1380 557 m
1421 512 1560 558 cAP.
1599 512 1708 558 vul
1750 512 1989 559 CANTICI
2031 512 2435 561 CANTIGORUM.
2481 534 2561 544 —
2602 516 2742 563 ΛΒΤ.
2788 517 2936 563 XXIV

3354 498 3472 563 433

366 680 558 747 tollat
598 700 855 747 crucem
894 702 1075 746 suam
1115 682 1424 766 quotidie,
1472 690 1536 745 et
1572 692 1874 766 sequatur
1903 684 1954 745 A
1984 685 2249 750 omnino
2291 687 2577 769 perdere,
2624 696 2687 750 et
2728 688 3101 751 memoriam
3140 706 3348 751 meam
3394 686 3473 751 de

363 880 767 962 crucifigunt
797 900 945 943 cum
983 880 1160 944 vitiis
1203 888 1268 942 et
1302 879 1868 961 concupiscentiis;

363 1177 514 1238 dam
559 1184 773 1238 autem
819 1184 1148 1258 exponunt
1179 1176 1313 1239 haec
1349 1176 1416 1237 in
1456 1194 1728 1258 persona
1759 1176 1871 1239 Ec-

360 1273 592 1347 clesiae,
619 1274 805 1355 quasi
835 1273 976 1355 ipsa
995 1282 1172 1354 roget
1201 1293 1532 1356 sponsum,
1556 1281 1868 1355 quatenus

363 1374 507 1455 ipse
536 1373 838 1453 dignetur
862 1391 1004 1435 eam
1035 1390 1272 1455 ponere
1302 1392 1489 1456 super
1516 1390 1626 1435 cor
1656 1392 1866 1451 suum,

362 1472 696 1553 diligendo
730 1481 796 1535 et
843 1472 1236 1535 recordando
1281 1490 1424 1535 eam
1462 1472 1756 1553 assidue3
1809 1481 1872 1535 et

363 1572 562 1635 etiam
593 1578 790 1653 ponat
819 1590 962 1635 eam
993 1578 1064 1633 ut
1093 1571 1492 1651 signaculum
1518 1590 1710 1653 super
1737 1572 1872 1634 bra-

363 1670 588 1735 chium
619 1689 830 1747 suum,
867 1669 956 1732 ita
987 1678 1058 1732 ut
1084 1669 1347 1732 brachio
1391 1670 1871 1753 omnipotentiae

365 1788 500 1833 suae
549 1788 693 1832 eam
741 1767 1065 1832 defendat.
1122 1768 1242 1831 Sed
1301 1769 1510 1850 prima
1555 1768 1868 1851 expositio

364 1867 581 1950 aptior
623 1875 977 1949 reputatur.

449 1965 554 2029 Sic
603 1982 775 2045 erg0‚
827 1983 866 2028 o
913 1964 1219 2041 Ecclesia,
1272 1984 1518 2029 memor
1577 1966 1664 2029 sis
1715 1966 1864 2043 mei,

365 2066 531 2145 quia
577 2067 770 2145 fortis
823 2074 912 2125 est
960 2074 1034 2125 ut
1083 2084 1254 2125 mors
1299 2066 1584 2136 dilectae,
1634 2064 1698 2127 id
1747 2070 1865 2141 est,

365 2163 526 2244 quia
567 2170 698 2225 tam
740 2161 1091 2225 fortissime
1131 2170 1195 2225 et
1235 2162 1518 2245 perfecte
1553 2162 1748 2227 dilexi
1780 2171 1865 2239 te,

368 2268 442 2322 ut
469 2277 590 2343 pro
621 2266 730 2322 tua
760 2260 965 2323 salute
993 2260 1474 2323 acerbissimam
1506 2280 1577 2323 ac
1609 2260 1872 2341 ignomi-

366 2359 805 2423 niosissimam
861 2368 1130 2422 mortem
1185 2367 1413 2441 sponte
1470 2359 1866 2440 pertulerim.

367 2458 611 2522 Idcirco
641 2464 822 2540 grata
849 2458 951 2531 siS,
979 2466 1042 2520 et
1071 2456 1297 2520 saltem
1331 2457 1542 2521 taliter
1573 2464 1634 2519 te
1661 2476 1872 2520 aman-

368 2564 502 2619 tem
533 2557 804 2637 redilige
838 2572 852 2617 :
889 2554 1056 2618 sicut
1091 2556 1182 2617 ait
1209 2556 1484 2618 Ioannes
1520 2556 1866 2638 apostoluS,

367 2655 726 2736 Diligamus
756 2674 917 2731 eum,
939 2654 1245 2736 quoniam
1279 2654 1417 2737 ipse
1449 2654 1626 2737 prior
1649 2654 1873 2717 dilexit

367 2772 510 2817 nos,
547 2754 810 2830 RursuS,
849 2752 1054 2815 Fortis
1093 2761 1191 2815 est
1235 2760 1306 2815 ut
1339 2770 1512 2815 mors
1557 2752 1817 2815 dilectio
1852 2771 1866 2815 ε

366 2852 524 2934 quia
559 2850 849 2934 perfecta
883 2858 947 2912 et
976 2850 1224 2913 sincera
1263 2850 1542 2927 dilectio,
1579 2868 1695 2933 pro
1733 2850 1875 2913 nul-

367 2950 434 3014 la
459 2949 866 3027 adversitate,
893 2949 1332 3027 tribulatione,
1355 2949 1485 3013 imo
1513 2969 1724 3031 neque
1756 2968 1871 3032 pro

138 800 333 852 Gazam,
363 801 496 846 me.
548 782 668 857 Qui
729 782 903 846 enim
960 791 1110 844 sunt
1170 781 1318 859 mei,
1373 800 1631 845 carnem
1691 801 1870 845 suam
1981 785 2193 848 medio
2237 784 2483 863 tollere,
2516 805 2745 867 meque
2795 786 2861 847 in
2906 785 3160 851 inferno
3199 786 3472 850 detineri

1981 884 2302 962 volebant,
2345 885 2524 965 juxta
2562 886 2736 967 quod
2773 884 3004 965 legitur
3054 886 3120 948 in
3171 886 3416 949 Psalmo
3452 906 3466 950 :

109 991 330 1041 υοαιυιιι.
363 988 432 1042 et
461 980 576 1061 qui
615 979 773 1042 dicit
814 998 882 1041 56
916 998 1174 1041 manere
1216 979 1282 1061 in
1322 998 1446 1056 me,
1480 978 1668 1042 debet
1708 979 1872 1041 sicut
1977 982 2333 1046 Posuerunt
2378 1002 2481 1046 me
2522 983 2589 1045 in
2638 983 2780 1045 lacu
2832 983 3144 1061 inferiori,
3190 984 3257 1046 in
3301 992 3473 1048 tene·
3500 1002 3762 1052 Pau-mu,

360 1076 696 1140 ambulavi
734 1095 874 1158 ego,
924 1086 986 1140 et
1035 1080 1174 1160 ipse
1209 1077 1560 1141 ambulare.
1605 1114 1682 1123 —
1726 1077 1872 1152 Qui-

1981 1081 2187 1144 brosis
2226 1090 2289 1145 et
2332 1081 2398 1144 in
2447 1082 2675 1144 umbra
2716 1082 2962 1145 mortis,
3002 1082 3213 1145 Tertio
3258 1102 3271 1147 :
3306 1083 3475 1145 Dura
3502 1068 3545 1108 ⁷·

1980 1188 2076 1241 est
2116 1178 2284 1241 sicut
2322 1178 2565 1241 inferus
2606 1179 2949 1257 aemulatio,
2987 1178 3048 1241 id
3088 1187 3203 1257 est,
3239 1179 3473 1242 amatio

1981 1276 2471 1340 intolerabiliter
2501 1276 2743 1357 affligit
2772 1286 3112 1355 amantem,
3137 1287 3201 1341 et
3230 1278 3475 1359 langui-

1979 1376 2130 1437 dum
2183 1374 2339 1438 facit
2385 1395 2459 1440 ac
2505 1376 2822 1453 vulnerat,
2874 1375 3001 1437 nisi
3050 1385 3476 1458 consequatur

1979 1481 2284 1536 amatum.
2327 1473 2559 1548 Quarto
2595 1492 2609 1535 ε
2652 1474 3017 1551 AEmulatio,
3062 1474 3129 1537 id
3166 1483 3263 1538 est
3300 1475 3473 1537 zelus

1978 1572 2112 1650 Dei,
2144 1591 2258 1636 seu
2288 1572 2491 1635 divini
2523 1572 2784 1636 honoris
2814 1571 3066 1651 zelatio,
3090 1581 3187 1636 est
3216 1574 3373 1636 dura
3402 1582 3475 1636 ut

1979 1668 2226 1735 inferus
2264 1688 2277 1733 :
2311 1669 2462 1751 quia
2500 1670 2577 1732 ad
2610 1670 3112 1751 aggrediendum
3152 1672 3348 1734 ardua
3386 1680 3475 1733 at-

1977 1787 2103 1851 que
2131 1769 2496 1845 durissima,
2531 1770 2661 1831 imo
2692 1776 2757 1831 et
2788 1769 3012 1832 mortis
3044 1769 3351 1852 pericula,
3376 1789 3475 1833 ex-

1905 1870 1951 1933 B
1979 1868 2132 1931 citat
2177 1887 2251 1931 ac
2298 1866 2565 1929 inducit.
2612 1866 2789 1930 Unde
2826 1866 3058 1931 zelator
3104 1868 3474 1951 hujusmodi

1979 1966 2264 2048 loquitur
2308 1966 2434 2029 Deo
2470 1982 2483 2027 :
2520 1965 2701 2027 Zelus
2747 1966 2974 2029 domus
3024 1974 3147 2031 tuae
3195 1967 3474 2031 comedit
3536 1989 3615 2033 Ρ..
3628 2002 3703 2033 m
3704 2002 3764 2041 ιιι,

1979 2083 2112 2145 ιιι6;
2148 2073 2211 2127 et
2240 2064 2457 2127 Elias:
2495 2064 2639 2127 Zelo
2671 2064 2909 2127 zelatus
2950 2084 3089 2126 sum
3122 2083 3237 2147 pro
3268 2066 3475 2129 Domi·
3504 2054 3705 2170 {fsfflo
3723 2129 3765 2167 .

1981 2181 2096 2244 no;
2139 2171 2202 2225 et
2249 2171 2545 2243 quaerunt
2592 2161 2872 2224 animam
2920 2181 3150 2241 meam,
3187 2172 3257 2225 ut
3306 2163 3476 2228 aufe·
3504 2180 3571 2230 ιο,
3594 2180 3661 2222 ιι.

1981 2270 2125 2324 rant
2168 2280 2331 2324 eam.
2379 2259 2548 2323 Talis
2597 2278 2856 2343 quoque
2898 2261 3071 2324 zelus
3132 2261 3475 2325 durissima

1981 2359 2181 2423 infert
2227 2359 2544 2442 supplicia
2593 2360 2975 2423 adversariis
3023 2360 3227 2423 divini
3278 2361 3477 2425 hono-

1983 2458 2069 2521 ris
2106 2479 2119 2522 :
2156 2467 2227 2521 ut
2266 2466 2512 2522 constat
2551 2459 2632 2522 de
2678 2457 2970 2535 PhineeS,
3015 2458 3129 2542 qui
3179 2459 3315 2523 zelo
3364 2460 3475 2523 Dei

1981 2566 2356 2635 commotuS,
2419 2556 2698 2639 pugione
2756 2555 3048 2620 confodit
3108 2558 3475 2622 idololatras
3505 2578 3773 2684 “Nantua

1984 2654 2407 2735 fornicantes3
2438 2662 2502 2718 et
2531 2656 2610 2718 de
2642 2655 2780 2717 Elia
2806 2654 2918 2765 qui
2947 2656 3179 2719 occidit
3209 2644 3546 2740 prophe-'·
3558 2644 3612 2748 „j
3636 2704 3745 2759 Rea
3817 2703 3822 2708 -

1983 2762 2077 2816 tas
2115 2754 2515 2835 Baa13atque
2550 2754 2628 2817 de
2663 2754 2958 2836 principe
2999 2754 3473 2836 Apostolorum,
3504 2780 3625 2819 ιιιιι
3644 2769 3713 2809 ⁴⁰·

1982 2853 2097 2935 qui
2145 2853 2212 2913 in
2268 2853 2608 2915 mendosos
2654 2852 2967 2915 Ananiam
3018 2872 3090 2915 ac
3140 2852 3475 2936 Saphiram
3507 2830 3648 2939 ,οΜ
3672 2843 3713 2881 v,
3727 2832 3770 2871 ¹‘

1983 2949 2132 3025 tulit
2179 2948 2401 3011 mortis
2446 2949 2852 3011 sententiam.
2888 2947 2989 3011 Sic
3030 2958 3094 3013 et
3121 2949 3397 3013 Paulus
3381 2971 3477 3013 m-

365 3059 576 3113 morte
616 3049 1018 3132 effugienda,
1058 3068 1099 3111 a
1138 3048 1371 3113 dilecto
1417 3050 1680 3112 recedit.
1729 3050 1874 3112 Pro·
1911 3047 1954 3112 C
1985 3056 2345 3111 cestuosum
2383 3046 2781 3110 Corinthium
2820 3047 3083 3110 tradidit
3124 3048 3368 3113 Satanae
3407 3051 3473 3113 in
3506 3072 3650 3116 icor.
3666 3086 3710 3125 v
3722 3074 3765 3116 s.

370 3158 515 3260 pter
554 3150 729 3232 quod
773 3148 1058 3230 loquitur
1098 3148 1376 3210 Paulus:
1425 3148 1648 3211 Certus
1701 3168 1868 3227 sum,

369 3247 526 3331 quia
575 3266 788 3330 neque
836 3265 1030 3325 morS,
1073 3265 1281 3329 neque
1323 3247 1474 3325 vita,
1518 3266 1728 3329 neque
1777 3246 1874 3308 in-

371 3348 633 3424 stantia,
667 3365 877 3429 neque
913 3346 1152 3423 futura,
1186 3354 1486 3428 poterunt
1533 3364 1650 3409 nos
1695 3364 1874 3428 sepa-

373 3464 519 3509 rare
563 3464 602 3508 a
653 3446 919 3508 caritate
967 3446 1099 3522 Dei,
1155 3464 1299 3526 quae
1351 3453 1448 3507 est
1501 3445 1567 3507 in
1622 3444 1874 3508 Christo

370 3546 522 3608 Jesu
555 3543 826 3607 Domino
855 3551 1098 3607 nostro.
1133 3542 1373 3606 Idcirco
1411 3543 1465 3605 si
1497 3543 1712 3624 diligis
1746 3563 1870 3621 me,
1898 3607 1904 3613 ,

371 3644 572 3706 debes
615 3662 720 3706 me
762 3642 850 3706 ita
897 3661 1089 3725 super
1133 3661 1245 3705 cor
1287 3650 1467 3704 tuum
1509 3661 1586 3705 ac·
1625 3642 1877 3704 brachi-

373 3760 487 3805 um
526 3760 790 3824 ponere,
821 3759 1055 3823 meque
1092 3739 1565 3804 cruciformiter
1609 3739 1872 3817 imitari,

375 3858 452 3903 ac
489 3858 633 3903 esse
672 3848 890 3921 parata
927 3839 1009 3901 ad
1047 3837 1449 3901 moriendum
1498 3856 1576 3900 ex
1615 3838 1877 3901 caritate

377 3957 545 4015 mea,
591 3956 709 4020 pro
749 3957 874 4015 me,
922 3954 1040 4020 pro
1081 3935 1215 3999 fide
1255 3944 1447 4018 atque
1487 3936 1754 4019 justitia.

463 4041 650 4098 Dura
699 4039 866 4097 sicut
907 4036 1164 4113 inferus
1203 4038 1557 4097 (emulatio,
1601 4034 1878 4096 AEmula-

379 4134 458 4213 ri,
495 4134 701 4197 multa
751 4132 1098 4215 significat,
1135 4132 1437 4197 videlicet
1481 4132 1739 4209 imitari,
1781 4132 1879 4193 in-

1986 3147 2318 3210 interitum
2356 3146 2589 3210 carnis.

2062 3246 2141 3307 At
2170 3263 2322 3307 vero
2352 3243 2745 3326 praeinducta
2775 3243 3037 3325 quidam
3072 3244 3258 3308 aliter
3288 3264 3479 3329 expo-

1987 3350 2171 3420 nunt,
2204 3342 2515 3405 dicendo:
2546 3344 2683 3403 Sub
2714 3343 2940 3403 arbore
2968 3346 3138 3404 malo
3165 3344 3479 3403 suscitavi

1993 3451 2070 3509 te,
2106 3440 2172 3502 id
2210 3448 2327 3517 est,
2361 3440 2439 3502 ad
2471 3439 2668 3503 vitam
2710 3439 2930 3520 gratiae
2961 3447 3023 3502 te
3054 3440 3299 3517 reduxi,
3332 3436 3477 3522 quae

1989 3546 2241 3602 mortua
2275 3556 2413 3602 eras
2452 3537 2571 3600 sub
2613 3536 2839 3601 arbore
2877 3537 3067 3616 ma10,
3102 3538 3167 3601 id
3208 3546 3305 3601 est
3337 3556 3480 3621 pro—

1989 3646 2128 3719 pter
2167 3635 2477 3717 originale
2522 3644 2855 3718 peccatum
2902 3636 3314 3699 commissum
3359 3636 3479 3699 sub

1989 3736 2213 3799 arbore
2256 3734 2455 3797 vetita
2503 3754 2517 3799 :
2560 3752 2755 3815 quam
2806 3734 2885 3796 ad
2932 3734 3209 3798 litteram
3260 3734 3482 3798 dicunt

1991 3833 2190 3896 fuisse
2218 3832 2480 3909 malum,
2506 3850 2617 3894 seu
2648 3831 3177 3912 malogranatum.
3213 3835 3316 3894 Ibi
3347 3852 3483 3893 cor-

1989 3942 2185 4009 rupta
2228 3942 2319 3991 est
2346 3940 2552 3992 macer
2596 3940 2733 3998 tua,
2774 3930 2840 3991 id
2870 3937 2967 3993 est
2994 3930 3123 3995 Eva
3152 3950 3264 3995 seu
3293 3947 3484 4010 gene-

1989 4030 2151 4093 ratio
2201 4028 2473 4093 carnalis
2526 4046 2539 4092 :
2595 4027 2903 4110 quoniam
2940 4028 3042 4091 .ibi
3090 4037 3483 4109 transgressa

1988 4135 2084 4191 est
2131 4128 2262 4192 Eva
2303 4127 2595 4189 divinum
2642 4127 3037 4205 mandatum,
3079 4126 3299 4209 sicque
3346 4145 3485 4190 cor-

3534 3650 3645 3696 Gen.
3661 3664 3718 3705 ιιι,
3731 3654 3771 3697 6.

377 4233 622 4311 videre,
656 4251 891 4307 amare,
923 4231 1114 4294 zelari
1151 4248 1165 4293 :
1199 4238 1261 4294 et
1297 4231 1478 4314 juxta
1512 4231 1629 4294 hoc
1671 4238 1877 4313 potest
1909 4233 1960 4295 D
1991 4233 2177 4309 rupta
2223 4233 2320 4289 est
2366 4233 2579 4287 mente
2625 4243 2739 4307 per
2787 4224 3308 4303 inobedientiam,
3356 4244 3484 4310 qua

379 4333 505 4397 hoc
549 4331 822 4397 verbum
869 4329 1318 4412 multipliciter
1366 4329 1716 4412 explanari.
1753 4329 1880 4391 Pri-

379 4448 488 4495 mo
528 4431 622 4493 sic
658 4447 673 4491 ε
707 4428 874 4492 Dura
919 4429 1085 4491 sicut
1131 4427 1378 4491 inferus
1427 4428 1770 4505 aemulatio,
1813 4428 1877 4490 id

381 4538 500 4607 est,
533 4528 790 4612 poenale
826 4534 890 4590 et
931 4526 1319 4589 laboriosum
1350 4535 1446 4589 est
1478 4546 1619 4589 mea
1649 4526 1878 4590 sectari

379 4628 657 4710 vestigia
685 4627 753 4689 in
783 4626 960 4690 omni
991 4625 1319 4709 patientia,
1355 4634 1746 4709 paupertate,
1771 4627 1881 4689 hu-

379 4728 680 4805 militate,
721 4724 1136 4801 continentia,
1181 4734 1244 4789 et
1281 4726 1644 4789 obedientia
1677 4745 1882 4809 usque

379 4829 459 4891 ad
491 4835 804 4891 mortem:
838 4827 1010 4908 quod
1040 4833 1246 4889 totum
1261 4820 1376 4887 'his
1406 4826 1522 4908 qui
1551 4826 1880 4889 caritatem

379 4945 512 4990 non
569 4926 830 5003 habent,
895 4925 1096 4987 instar
1154 4924 1488 4987 infernalis
1551 4923 1878 5008 supplicii,

379 5024 568 5107 quasi
626 5022 1030 5087 intolerabile
1077 5023 1236 5105 quid
1283 5024 1556 5088 videtur.
1593 5023 1882 5087 Secundo

381 5124 474 5187 sic
527 5144 542 5187 :
586 5122 950 5199 AEmulatio,
988 5122 1054 5185 id
1102 5131 1199 5185 est
1237 5122 1481 5184 invidia
1521 5141 1647 5204 qua
1683 5118 1884 5184 Judaei

381 5221 619 5302 ingrati
655 5222 927 5284 oderunt
965 5240 1089 5299 me,
1124 5227 1188 5284 et
1219 5239 1296 5284 ex
1333 5221 1482 5284 odio
1521 5239 1622 5283 me
1671 5239 1884 5303 perse-

381 5319 517 5385 cuti
555 5327 729 5398 sunt,
760 5319 920 5383 dura
967 5316 1092 5382 fuit
1129 5326 1201 5382 ut
1235 5317 1481 5381 inferus
1516 5337 1532 5383 ε
1573 5318 1729 5401 quia
1770 5337 1874 5381 me

650 5455 722 5509 T..
752 5455 804 5507 7.

1988 4345 2169 4389 mens
2208 4345 2245 4388 a
2278 4325 2401 4388 Deo
2430 4342 2653 4389 aversa
2682 4332 2797 4399 est,
2839 4331 2902 4387 et
2930 4324 3163 4387 violata
3192 4342 3479 4407 corpore,

1988 4425 2161 4506 quod
2190 4444 2267 4487 ex
2306 4432 2457 4486 tunc
2498 4421 2738 4485 factum
2780 4429 2876 4485 est
2918 4422 3159 4486 rebelle
3198 4422 3476 4505 spiritui,
3556 4452 3775 4504 Gazam,

1991 4532 2054 4587 et
2083 4522 2525 4586 necessitatem
2557 4520 2870 4585 moriendi
2902 4520 3193 4584 incurrit.
3217 4521 3394 4584 Unde
3422 4528 3485 4585 et
3514 4519 3688 4623 ’aba'
3710 4578 3757 4619 η

1991 4622 2201 4686 taliter
2229 4628 2593 4702 corruptam
2625 4619 2877 4702 peperit
2916 4618 3185 4701 prolem.
3218 4619 3307 4683 Ne
3332 4638 3484 4701 ergo
3690 4609 3702 4629 '
3762 4606 3775 4619 ”

1991 4731 2054 4785 et
2083 4730 2154 4783 tu
2181 4720 2270 4783 ita
2298 4718 2725 4800 corrumparis
2757 4737 2829 4781 ac
2860 4716 3141 4796 violeriS‚
3175 4722 3355 4781 Pone
3382 4740 3483 4781 me

1992 4830 2064 4882 ut
2092 4822 2507 4897 siquaeulum
2534 4836 2730 4897 super
2757 4836 2866 4877 cor
2899 4826 3109 4889 tuum,
3135 4816 3199 4879 id
3228 4824 3325 4880 est
3353 4825 3488 4880 tan-

1990 4937 2185 5001 quam
2220 4916 2579 4998 speciosum
2621 4914 2906 4996 aliquod,
2955 4915 3125 4996 quod
3166 4914 3485 4978 clauditur

1997 5037 2075 5081 ne
2123 5021 2419 5079 cernatur
2457 5031 2568 5076 seu
2618 5012 2965 5090 auferatur,
3004 5014 3261 5077 attende
3287 5032 3363 5076 ac
3392 5031 3489 5076 re-

1995 5115 2134 5181 cole
2168 5133 2271 5177 me
2300 5132 2374 5176 ac
2405 5130 2547 5175 mea
2575 5117 2924 5193 praecepta3
2978 5114 3137 5191 quia
3171 5113 3369 5190 fortis
3398 5122 3489 5173 est

1999 5226 2074 5279 ut
2104 5234 2272 5275 mors
2299 5213 2557 5273 dilectio
2581 5230 2604 5272 .·
2636 5210 2702 5273 id
2732 5217 2849 5287 est,
2884 5209 3051 5273 sicut
3080 5219 3300 5273 auctor
3328 5229 3495 5275 mor-

2000 5316 2084 5379 tis
2129 5311 2419 5375 diabolus
2470 5306 2655 5372 fortis
2705 5305 2831 5370 fuit
2877 5309 2956 5371 ad
3008 5307 3485 5392 decipiendum,

3186 5442 3250 5497 28
