4284 6267
824 453 941 518 132
1506 469 1854 518 emnam-10
1896 467 1961 515 nv
2002 467 2141 514 cu.
2187 467 2272 513 xx
2313 467 2796 514 rnovnamomm.
2843 487 2922 497 —
2963 467 3104 514 aar.
3151 467 3236 512 xx

822 659 1073 722 gressus
1104 639 1445 718 inordinat,
1460 647 1794 721 totumque
1822 656 2051 721 corpus
2082 644 2312 715 vastat,
2345 637 2396 700 A
2425 645 2560 700 erat
2612 637 2678 700 in
2737 637 2992 715 saeculo,
3042 657 3081 700 a
3128 633 3645 700 contentionibus
3698 650 3767 694 se
3813 649 3914 694 re-

826 738 914 802 ita
946 740 1118 821 quod
1157 758 1193 800 a
1227 737 1447 820 planta
1486 756 1689 819 usque
1728 738 1805 800 ad
1836 737 2137 800 verticem
2186 753 2314 799 non

826 845 923 900 est
961 838 1029 900 in
1060 856 1136 901 eo
1168 837 1427 899 sanitas,

646 946 682 1002 2
906 939 1092 999 Sicut
1124 939 1382 1014 ruyitus
1414 938 1638 1006 leonia,
1672 938 1767 996 ita
1795 945 1855 996 et
1887 945 2091 996 terror
2120 935 2311 1011 re9i3.

828 1035 953 1099 Hoc
984 1043 1079 1098 est
1107 1036 1279 1117 quod
1309 1033 1690 1117 praecedenti
1722 1033 2001 1116 capitulo
2032 1032 2315 1106 habetur,

558 1147 795 1200 Pron-mx.
828 1133 1003 1198 Sicut
1040 1132 1332 1197 fremitus
1378 1132 1601 1210 leoniS,
1623 1132 1709 1194 ita
1747 1140 1810 1195 et
1848 1131 2014 1212 regis
2048 1131 2162 1192 ira.
2193 1131 2318 1199 Qui

536 1210 602 1254 ¹²·
818 1243 1125 1312 provocat
1152 1253 1323 1304 eum,
1358 1231 1601 1294 scilieet
1643 1248 1854 1311 regem
1894 1231 1972 1294 ad
2008 1230 2168 1293 iram
2203 1247 2318 1311 per

827 1349 1155 1396 excessum
1190 1329 1528 1394 verborum
1558 1338 1667 1392 aut
1694 1348 1983 1413 operum,
2000 1339 2222 1408 peccat
2243 1331 2316 1388 in

826 1432 1121 1492 animam
1168 1449 1376 1502 suam,
1427 1427 1490 1490 id
1540 1435 1657 1504 est,
1696 1427 1819 1490 sibi
1870 1426 1994 1509 ipsi
2040 1425 2318 1508 acquirit

553 1547 801 1604 ulmam.
830 1528 1068 1590 malum
1108 1546 1220 1590 seu
1260 1534 1553 1603 mortem,
1584 1526 2120 1608 quemadmodum
2161 1524 2318 1587 Ado-

538 1613 683 1655 ¹³'²³·
830 1625 968 1688 nias
1012 1623 1403 1689 offendendo
1446 1623 1871 1687 Salomonem.

650 1732 685 1788 3
934 1727 1159 1787 Honor
1214 1733 1303 1784 est
1360 1725 1615 1784 homini
1674 1741 1885 1785 coram
1948 1723 2074 1784 Deo
2144 1720 2315 1802 sapi-

2427 736 2636 798 traxit.

2509 840 2735 898 Omnes
2783 845 3000 896 autem
3047 837 3257 903 stulti,
3310 833 3373 896 id
3428 839 3525 895 est
3575 829 3789 894 vitiosi
3845 836 3913 890 et

2427 934 2832 1010 contentiosi,
2857 937 3206 994 miscentur
3240 932 3670 1000 contumeliiS,
3689 936 3914 992 contu-

2429 1031 2684 1096 meliam
2723 1033 2871 1094 aliis
2912 1031 3248 1095 inferendo
3284 1050 3398 1114 per
3435 1029 3629 1094 verba
3666 1036 3774 1091 aut
3819 1025 3914 1088 fa-

2427 1141 2548 1206 cta,
2582 1131 2685 1195 vel
2716 1131 2816 1193 his
2846 1130 2960 1213 qui
2991 1131 3118 1193 sibi
3146 1131 3421 1194 invicem
3451 1125 3911 1193 contumeliose

2428 1230 2838 1312 injuriantur,
2885 1228 3438 1306 communicando,
3487 1247 3598 1290 seu
3646 1225 3759 1288 uni
3806 1242 3912 1288 eo—

2428 1348 2568 1391 rum
2607 1328 2878 1392 favendo
2908 1336 2967 1391 et
2997 1328 3383 1391 adsistendo.
3415 1324 3672 1408 Proprie
3700 1332 3911 1386 tamen

2427 1427 2718 1490 consistit
2745 1427 3132 1490 contumelia
3173 1427 3240 1489 in
3269 1425 3504 1503 verbiS‚
3539 1443 3736 1506 quum
3765 1421 3912 1504 quis

2427 1526 2583 1589 dicit
2621 1527 2802 1589 alteri
2839 1526 3030 1589 verba
3076 1525 3404 1608 injuriosa,
3441 1543 3555 1606 per
3591 1541 3731 1604 quae
3771 1521 3912 1602 ejus

2427 1624 2632 1688 honor
2680 1624 2990 1687 minuitur
3035 1625 3136 1686 vel
3177 1623 3466 1686 aufertur
3515 1643 3530 1686 ε
3583 1621 3774 1703 quod,
3818 1637 3916 1680 se·-

2428 1724 2706 1786 cundum
2750 1723 3077 1799 Thomam‚
3117 1741 3244 1785 non
3291 1729 3387 1784 est
3436 1721 3646 1783 minus
3696 1736 3916 1801 pecca-

828 1822 1210 1904 entibusque
1263 1821 1655 1897 hominibusi,
1708 1823 1827 1900 qui
1866 1830 2123 1900 separat
2167 1841 2232 1880 se
2277 1841 2315 1880 a
2355 1829 2401 1890 Β
2432 1830 2588 1898 tum,
2631 1839 2822 1902 quam
2871 1821 3096 1903 rapina
3141 1839 3252 1883 seu
3305 1819 3569 1896 furtum,
3611 1823 3798 1900 prout
3843 1815 3910 1876 in

826 1923 1336 1982 contentionibus
1368 1941 1390 1980 .·
1425 1920 1728 2000 quoniam
1771 1919 2178 1982 inhonestum
2222 1925 2319 1979 est

828 2018 1012 2081 valde
1055 2017 1449 2081 contentioni
1490 2017 1749 2080 servire.
1786 2019 1928 2081 ldeo
1970 2017 2067 2079 vir
2108 2019 2322 2080 mode-

829 2124 985 2192 stuS,
1038 2115 1373 2198 pacifieuS,
1428 2117 1622 2192 mitis,
1674 2116 2051 2199 exemplaris
2110 2123 2176 2179 et
2223 2136 2320 2179 sa-

830 2214 1036 2298 pienS‚
1083 2215 1241 2277 vitat
1288 2216 1691 2292 contendere,
1742 2216 2039 2297 ceditque
2088 2215 2322 2298 impro-

831 2312 1036 2390 bitati,
1068 2319 1132 2376 et
1180 2314 1531 2376 seeundum
1580 2313 1868 2377 ordinem
1917 2314 2102 2396 juris,
2138 2333 2318 2376 suam

831 2410 1238 2493 prosequitur
1284 2430 1562 2475 causam.
1612 2412 1752 2475 Ideo
1795 2412 1884 2473 ait
1927 2411 2266 2494 Apostolus
2301 2432 2316 2476 ε

576 2523 612 2568 ιι
632 2523 803 2576 amaa,
832 2508 972 2572 Noli
1027 2507 1240 2575 verbis
1297 2510 1722 2589 contendere3
1783 2510 1862 2572 ad
1923 2510 2087 2571 nihil
2149 2510 2322 2573 enim

544 2589 609 2632 ¹⁴·
836 2606 993 2671 utile
1035 2615 1153 2685 est,
1197 2607 1321 2669 nisi
1358 2608 1441 2669 ad
1482 2607 1962 2671 subversionem
2011 2609 2324 2672 audienti-

586 2719 728 2765 icor.
748 2733 805 2772 ιι,
834 2725 968 2768 um.
994 2705 1311 2787 Itemque:
1338 2705 1399 2768 Si
1430 2705 1575 2787 quis
1608 2705 1859 2770 videtur
1886 2707 2323 2772 contentiosus

545 2785 609 2826 ¹⁰·
838 2821 998 2882 esse,
1051 2821 1168 2866 nos
1216 2803 1407 2866 talem
1455 2804 1986 2868 consuetudinem
2041 2824 2167 2869 non
2218 2807 2326 2869 ha-

837 2902 1084 2980 bemuS,
1121 2921 1328 2984 neque
1376 2903 1659 2966 Ecclesia
1702 2903 1834 2966 Dei.
1869 2904 2082 2981 Porro,
2126 2913 2195 2967 ut
2235 2905 2327 2967 ait

2428 1921 2707 1983 secunda
2749 1920 3063 1996 seeundae,
3100 1919 3450 2000 quaestione
3479 1917 3576 1992 72,
3612 1915 3912 1979 declarat.

2429 2018 2536 2080 His
2572 2036 2722 2098 ergo
2761 2017 2873 2100 qui
2908 2017 3116 2079 taliter
3157 2016 3340 2080 nobis
3379 2016 3748 2097 loquuntur,
3783 2031 3914 2076 non

2428 2125 2524 2180 est
2555 2115 3303 2198 respondendum.Unde,
3320 2123 3391 2177 ut
3419 2121 3646 2196 quarto
3673 2113 3912 2191 Regum

2428 2215 2718 2292 habetur,
2752 2214 3049 2278 Ezechias
3079 2213 3282 2278 servis
3312 2213 3444 2275 suis
3475 2210 3799 2294 praecepit,
3835 2228 3918 2272 ne
4003 2230 4058 2274 tv
4079 2231 4186 2339 3609.

3862 2316 3911 2370 t·
3946 2311 4070 2349 tvm,
4147 2329 4158 2338 .

2429 2313 3073 2377 contumeliosissimo
3120 2312 3383 2376 Rabsaci
3431 2310 3858 2394 responderen

2427 2412 2687 2494 Propter
2724 2413 2895 2493 quod
2932 2413 3021 2474 ait
3050 2412 3338 2475 Valerius
3373 2432 3388 2475 :
3421 2411 3612 2473 Plena
3652 2407 3922 2473 victoria

2428 2518 2545 2588 est,
2579 2511 2656 2573 ad
2696 2511 3076 2574 clamantem
3119 2519 3348 2588 tacere,
3375 2529 3492 2573 nec
3533 2508 3917 2590 respondere

2433 2611 2844 2692 provocanti;
2889 2610 3082 2672 habes
3113 2609 3285 2673 enim
3315 2609 3670 2672 mercedem
3703 2607 3781 2670 de
3809 2614 3920 2668 tua

2433 2708 2760 2790 patientia,
2797 2717 2859 2772 et
2889 2709 2966 2771 de
2999 2708 3213 2770 fratris
3243 2707 3509 2770 medela.
3544 2705 3717 2769 Sicut
3759 2702 3920 2766 nihil

2435 2805 2788 2868 deformius
2839 2815 2934 2870 est
2983 2825 3174 2887 quam
3226 2806 3608 2888 respondere
3652 2801 3923 2866 furenti-

2437 2904 2580 2980 buS,
2620 2904 2711 2967 sic
2749 2904 2911 2967 nihil
2947 2905 3170 2966 utilius
3213 2923 3403 2986 quam
3443 2912 3654 2967 tacere
3694 2919 3926 2984 provo-

836 3001 1232 3078 AmbrosiuS,
1256 3001 1589 3065 Contentio
1620 3009 1715 3064 est
1744 3002 2139 3084 impugnatio
2163 3004 2326 3068 veri·
2361 3009 2404 3072 C
2435 3003 2614 3064 catiS.
2647 3003 2933 3084 Denique
2975 3003 3228 3084 sapiens
3268 3002 3474 3065 sciens
3515 3021 3735 3064 verum
3781 3017 3922 3062 esse

836 3099 983 3162 tatis
1013 3117 1158 3162 cum
1192 3098 1585 3161 confidentia
1615 3099 1934 3162 clamoris,
1958 3099 2074 3172 Qui
2105 3120 2324 3163 rursus

838 3197 1073 3260 fatetur
1127 3214 1141 3259 ε
1195 3196 1413 3260 Melius
1464 3205 1557 3260 est
1615 3217 1759 3260 cum
1810 3217 1964 3281 pace
2012 3207 2075 3262 et
2123 3199 2328 3281 gratia

839 3295 1172 3376 emigrare,
1229 3314 1419 3377 quam
1471 3315 1617 3358 cum
1677 3297 2085 3360 contentione
2133 3307 2326 3380 atque

838 3394 1157 3458 discordia
1198 3393 1598 3475 cohabitare3
1632 3395 1860 3458 melius
1904 3404 1999 3458 est
2037 3396 2174 3460 sine
2215 3397 2326 3460 lite

838 3492 1037 3570 abire,
1071 3511 1262 3573 quam
1302 3512 1445 3556 cum
1483 3493 1693 3575 jurgio
1729 3492 2043 3558 resistere.
2080 3495 2328 3577 Specia-

841 3590 1084 3654 lissime
1118 3599 1333 3654 autem
1362 3591 1691 3656 vitandum
1732 3600 1848 3670 est,
1886 3611 1966 3656 ne
1995 3593 2139 3675 quis
2180 3613 2326 3656 cum

841 3689 952 3753 illo
990 3690 1351 3766 contendat,
1386 3709 1531 3753 cum
1572 3709 1699 3772 quo
1737 3700 1884 3754 ante
1926 3691 2328 3755 familiariter

842 3787 1019 3864 vixit,
1062 3806 1261 3869 quum
1310 3787 1547 3852 Seneca
1596 3788 1765 3852 dieat
1798 3809 1811 3853 :
1846 3790 2119 3873 Turpius
2165 3790 2325 3852 nihil

839 3894 957 3962 est,
976 3905 1168 3968 quam
1206 3905 1350 3949 cum
1382 3905 1457 3950 eo
1488 3886 1725 3950 bellum
1755 3906 1997 3968 gerere,
2021 3908 2168 3952 cum
2199 3907 2328 3971 quo

842 3982 1241 4046 familiariter
1286 3983 1541 4048 vixeris.
1574 3985 1894 4049 Postremo
1939 3987 2059 4049 hoc
2100 3987 2326 4051 vitium

842 4081 909 4144 in
950 4081 1262 4162 religiosis
1294 4091 1390 4145 est
1427 4083 1699 4147 maxime
1735 4085 2200 4148 detestandum.
2236 4085 2329 4148 Ad

2435 3101 2607 3182 quod
2657 3101 2890 3163 Seneca
2937 3102 3183 3178 asserit,
3217 3100 3268 3163 Α
3310 3100 3494 3164 malis
3545 3097 3917 3182 vituperari,

2436 3199 2679 3262 laudari
2728 3207 2844 3275 est,
2880 3218 3006 3263 non
3057 3208 3348 3263 movetur
3397 3219 3473 3262 ex
3521 3197 3921 3262 contumeliae

2435 3296 2669 3359 verbis,
2703 3296 3076 3379 Quanquam
3113 3298 3321 3360 denuo
3363 3297 3570 3360 fassus
3609 3304 3705 3359 est
3735 3295 3924 3359 Sene-

2436 3415 2510 3459 ca
2541 3415 2555 3460 :
2591 3396 3056 3460 Contumeliam
3096 3415 3439 3477 generosus
3470 3395 3722 3459 animus
3753 3393 3922 3458 ferre

2438 3514 2565 3557 non
2607 3503 2838 3577 potest.

2519 3597 2791 3670 Propter
2819 3594 3036 3670 frigus
3064 3595 3256 3671 piyer
3285 3612 3476 3653 arare
3511 3594 3726 3653 noluit
3766 3600 3923 3655 tem-

2437 3711 2590 3775 pore
2633 3711 2771 3766 suo,
2798 3710 2877 3754 ne
2922 3690 3159 3773 frigore
3198 3690 3635 3772 affligeretur3
3679 3692 3923 3751 mendi-

2436 3793 2604 3852 cabit
2631 3811 2779 3868 erqo
2805 3799 3041 3862 oestate,
3064 3799 3123 3850 et
3151 3809 3280 3850 non
3309 3791 3574 3850 dabitur
3593 3790 3675 3848 ei.
3693 3788 3819 3852 Hoc
3854 3788 3921 3850 in

2438 3888 2878 3970 corporalibus
2907 3889 3290 3970 quandoque
3326 3887 3414 3950 ita
3441 3887 3772 3967 contingit.
3794 3887 3926 3969 Spi-

2439 3986 2750 4050 ritualiter
2789 3996 3000 4049 autem
3051 3987 3251 4070 piger,
3296 3994 3552 4069 propter
3599 3984 3826 4065 frigus,
3861 3985 3923 4047 id

2439 4095 2536 4148 est
2573 4105 2650 4148 ex
2687 4104 2803 4147 sua
2830 4084 3071 4148 desidia
3101 4094 3164 4147 et
3192 4084 3472 4147 caritatis
3506 4083 3929 4166 infrigidatio-

842 4181 1027 4263 cujus
1057 4180 1539 4244 detestationem
1580 4183 1732 4245 satis
1763 4202 1878 4246 nos
1916 4184 2103 4248 debet
2144 4184 2331 4247 indu·
2363 4194 2412 4254 D
2442 4204 2544 4260 ne,
2565 4202 2693 4272 non
2726 4184 2864 4247 vult
2893 4202 3093 4260 arare,
3116 4182 3181 4244 id
3211 4191 3308 4244 est
3336 4199 3554 4261 agrum
3587 4181 3796 4245 cordis
3827 4180 3929 4242 sui

842 4297 1008 4356 cere,
1060 4280 1228 4360 quod
1276 4279 1543 4343 Jacobus
1587 4280 1679 4344 ait
1724 4283 2050 4365 apostolus
2098 4281 2166 4345 in
2215 4303 2327 4346 sua

584 4389 813 4446 ‚tamma
842 4375 1159 4441 Canonica
1192 4397 1205 4442 :
1242 4377 1306 4440 Si
1355 4377 1561 4441 zelum
1611 4399 1896 4442 amarum
1948 4380 2217 4455 habetiS,
2265 4391 2329 4446 et

552 4457 696 4500 ¹⁴⁴⁰·
842 4475 1280 4540 contentiones
1312 4483 1460 4538 sunt
1490 4477 1654 4540 inter
1682 4497 1818 4555 VOS,
1840 4478 2039 4543 nolite
2066 4479 2328 4559 gloriari

842 4581 905 4638 ct
934 4574 1269 4638 mendaces
1302 4594 1441 4638 esse
1468 4576 1771 4641 adversus
1803 4577 2166 4658 veritatem3
2201 4597 2327 4642 non

840 4679 937 4734 est
984 4671 1297 4755 sapientia
1356 4672 1475 4736 ista
1529 4674 1861 4737 desursum
1910 4675 2322 4754 descendcnS,

756 4759 761 4767 ’
842 4771 950 4833 sed
1012 4779 1281 4850 terrena,
1336 4771 1635 4834 animalis
1692 4781 1757 4835 et
1812 4773 2150 4838 diabolica.
2207 4775 2327 4838 Ubi

840 4868 1009 4932 enim
1054 4867 1227 4932 zelus
1270 4879 1331 4932 et
1371 4871 1719 4947 contentio,
1764 4871 1852 4934 ibi
1898 4871 2328 4936 inconstantia

840 4975 903 5031 et
940 4985 1129 5032 omne
1159 4985 1322 5050 opus
1364 4988 1653 5050 pravum.
1687 4970 1847 5034 Ecce
1885 4972 2039 5052 quid
2080 4973 2330 5035 terribi-

843 5063 967 5128 lius
1009 5064 1135 5128 diei
1174 5069 1419 5148 potest?
1459 5067 1617 5130 Hinc
1665 5069 1743 5130 de
1781 5068 2150 5133 beatissimo
2189 5071 2328 5136 viro

844 5160 953 5228 illo
992 5162 1325 5228 Francisco
1365 5173 1676 5244 narratur,
1711 5167 1881 5248 quod
1920 5185 1998 5229 ex
2044 5167 2330 5248 ingenita

842 5259 1157 5354 probitate
1196 5281 1271 5326 ac
1310 5261 1662 5342 honestate,
1697 5264 1889 5328 etiam
1926 5266 2079 5330 dum
2116 5267 2327 5332 adhuc

2439 4282 2740 4353 excolere,
2758 4290 2820 4344 et
2845 4281 3262 4345 examinando
3290 4299 3358 4343 se
3387 4280 3598 4362 ipsum
3621 4289 3920 4355 evertere,

2439 4389 2548 4443 aut
2577 4380 2700 4442 sibi
2731 4379 3103 4444 commissos
3131 4378 3404 4441 sollicite
3433 4397 3744 4441 exercere.
3764 4376 3929 4440 Men-

2438 4478 2676 4542 dieabit
2703 4495 2850 4558 ergo
2880 4485 3117 4554 testate,
3163 4475 3226 4539 id
3269 4485 3366 4539 est
3409 4477 3514 4539 die
3555 4475 3780 4558 judicii
3827 4475 3924 4540 sui

2440 4576 2841 4661 particularis
2875 4585 2983 4639 aut
3013 4575 3415 4650 universam,
3449 4593 3649 4656 quum
3683 4575 3928 4638 venerit

2441 4687 2689 4760 tempus
2718 4675 3065 4757 recipiendi
3099 4674 3381 4738 fructum
3409 4691 3630 4736 eorum
3658 4693 3800 4755 quae
3830 4693 3925 4737 se-

2439 4775 2703 4840 minavit
2744 4792 2757 4836 :
2793 4777 2942 4856 quia
2983 4782 3134 4836 tunc
3175 4773 3364 4848 dicet,
3399 4772 3686 4850 Domine,
3719 4771 3925 4835 Domi·
3954 4797 4204 4852 mnam.

3955 4862 4021 4905 u.

2440 4895 2540 4952 ne,
2583 4873 2755 4956 aperi
2804 4872 3001 4952 mihi;
3047 4881 3110 4935 et
3157 4890 3284 4935 non
3333 4871 3588 4933 dabitur
3640 4871 3724 4949 ei,
3770 4871 3925 4952 quia

2440 4982 2590 5036 tune
2612 4991 2739 5035 non
2771 4978 2940 5054 patet
2960 4989 3219 5053 precum
3249 4970 3702 5033 meritorumve
3723 4969 3916 5033 locus,

2518 5074 2706 5133 Sicut
2741 5091 2914 5150 aqua
2939 5071 3304 5149 profunda,
3332 5071 3426 5128 sic
3462 5071 3809 5128 consilium
3850 5069 3924 5128 in

2436 5174 2622 5230 corde
2651 5171 2828 5230 viri:
2856 5167 3160 5251 quoniam
3192 5167 3358 5230 sicut
3385 5165 3624 5228 fundus
3654 5165 3927 5248 profun-

2437 5268 2534 5331 dae
2562 5287 2744 5350 aquae
2774 5266 3048 5331 faciliter
3076 5265 3226 5329 sciri
3254 5283 3385 5328 non
3414 5265 3604 5342 valet,
3641 5283 3758 5328 nec
3789 5283 3926 5328 cer-
