4284 6267
1123 516 1471 563 amanum
1517 518 1578 563 m
1621 518 1923 564 cmi-icem
1965 520 2371 567 cmi-iconum,
2420 542 2499 549 —
2542 524 2683 567 AnT.
2731 524 2771 567 n
3370 506 3490 568 295

393 690 522 745 tore
559 684 880 747 catholico
923 686 1193 749 notabili
1237 696 1299 749 et
1345 686 1590 752 famoso
1637 688 1886 768 legisse,
1919 691 1966 752 Α
2002 689 2542 771 praeallegatorum
2573 711 2783 773 parva>
2817 700 2925 754 aut
2956 692 3195 754 nullius
3223 693 3491 756 auctori-

389 784 557 863 quod
589 782 756 846 liber
779 784 896 847 iste
928 785 1225 868 loquatur
1253 788 1332 849 de
1359 787 1643 851 Ecclesia
1670 798 1890 851 contra
2001 790 2169 867 tatis,
2206 790 2326 851 hoc
2367 790 2651 853 dicerent
2685 810 2697 854 :
2746 791 2827 853 ob
2868 792 2987 853 hoc
3027 810 3154 854 non
3195 800 3361 854 esset
3395 792 3487 853 in-

387 881 784 964 Synagogam
824 883 1148 960 distincta,
1184 893 1246 947 et
1284 886 1546 967 praecise
1584 887 1664 949 de
1703 886 1889 969 plebe
1997 887 2413 951 determinate
2461 888 2824 965 dicendum,
2876 890 3047 971 quod
3096 890 3484 974 expositores

385 980 755 1045 christiana.
789 981 867 1043 Et
913 982 1060 1045 dato
1111 983 1283 1064 quod
1333 984 1558 1066 aliqui,
1595 994 1886 1068 respectu
1995 985 2293 1049 catholici
2332 986 2545 1049 dicant
2582 987 2724 1049 hoc.

1525 1406 2177 1494 ARTICULUS
2253 1411 2340 1493 ΙΙ

902 1681 1134 1735 QUALES
1176 1680 1457 1727 DEBEANT
1497 1680 1646 1725 ESSE
1686 1679 1987 1726 LEGTORES
2030 1680 2104 1725 ΕΤ
2148 1682 2491 1729 Aum'rolms
2535 1685 2692 1731 LIBRI
2736 1685 2947 1732 ISTIUS.

519 1960 884 2023 RlGENES
925 1960 990 2023 in
1032 1962 1296 2043 prologo
1335 1979 1450 2024 suo
1491 1979 1682 2042 super
1720 1960 1878 2021 Can-
1913 1958 1959 2019 B
1987 1978 2180 2041 super
2199 1960 2590 2025 Ezechielem
2626 1962 2821 2027 refert
2851 1965 3472 2050 HieronymuS,apud

550 2059 676 2122 tica
720 2058 945 2121 scribit
981 2078 994 2121 :
1035 2059 1102 2121 In
1143 2059 1354 2123 verbis
1398 2058 1642 2123 Cantici
1684 2056 1877 2120 canti-

377 2176 598 2221 corum
650 2157 760 2221 ille
803 2166 899 2220 est
942 2157 1147 2235 cibus,
1180 2160 1258 2221 de
1307 2176 1434 2238 quo
1478 2158 1567 2219 ait
1607 2157 1872 2238 Aposto-

123 2271 235 2314 1121».
248 2278 348 2324 nu.
379 2258 475 2319 lus
505 2255 979 2320 :Perfectorum
1009 2266 1106 2319 est
1137 2256 1379 2320 solidus
1408 2255 1690 2319 cibus.Si
1723 2272 1873 2317 vero

375 2356 612 2438 aliquis
660 2355 1022 2434 accesserit,
1057 2355 1170 2437 qui
1216 2356 1565 2418 secundum
1614 2373 1868 2417 carnem

377 2454 820 2517 tantummodo
861 2453 959 2517 vir
991 2462 1105 2528 est,
1143 2454 1292 2516 huic
1325 2453 1436 2515 tali
1477 2471 1604 2515 non
1647 2471 1870 2535 parum

375 2574 450 2617 ex
497 2554 616 2615 hac
662 2550 990 2636 Scriptura
1036 2550 1430 2615 discriminis
1473 2550 1870 2633 periculique

375 2660 697 2716 nascetur.
730 2650 968 2715 Audire·
997 2651 1168 2714 enim
1203 2669 1359 2733 pure
1391 2659 1452 2712 et
1483 2650 1671 2711 castis
1701 2649 1871 2712 auri-

375 2751 493 2814 bus
533 2751 772 2813 amoris
813 2749 1070 2813 nomina
1107 2747 1425 2824 nescienS,
1461 2750 1542 2811 ab
1581 2748 1869 2812 interiori

375 2850 638 2915 homine
667 2849 746 2911 ad
778 2848 1156 2912 exteriorem
1187 2856 1251 2911 et
1285 2848 1600 2912 carnalem
1633 2848 1865 2926 virum,

375 2968 634 3013 omnem
694 2946 996 3010 deflectet
1053 2947 1367 3022 auditum,
1427 2955 1492 3008 et
1545 2965 1583 3009 a
1639 2946 1869 3027 spiritu

373 3056 784 3114 convertetur
825 3047 900 3109 ad
942 3064 1220 3123 carnem,
1258 3044 1623 3126 nutrietque
1663 3046 1728 3107 in
1772 3065 1868 3109 se-

1987 2059 2280 2123 Hebraeos
2313 2060 2560 2124 nullum
2591 2063 2840 2125 admitti
2860 2065 2938 2126 ad
2968 2074 3297 2147 praetactas
3329 2084 3476 2147 qua-

1988 2165 2128 2220 tuor
2187 2168 2395 2240 partes
2454 2160 2922 2242 Scripturarum
2974 2164 3203 2226 veteris
3264 2164 3474 2226 Testa-

1983 2258 2207 2332 menti,
2240 2276 2575 2339 quousque
2615 2259 3004 2341 tricesimum
3047 2262 3329 2342 attigerit
3368 2281 3473 2324 an-

1984 2373 2134 2417 num
2181 2356 2404 2418 aetatis.

2089 2454 2395 2519 Praeterea
2462 2455 2800 2536 Gregorius
2864 2458 2930 2520 in
2987 2460 3297 2542 prooemio
3356 2479 3469 2523 suo

1981 2572 2174 2634 super
2222 2554 2479 2617 Cantica
2528 2555 2813 2636 loquitur
2863 2576 2877 2621 :
2932 2557 3351 2620 Nominantur
3402 2558 3469 2621 in

1978 2650 2099 2713 hoc
2133 2652 2297 2715 libro
2329 2652 2567 2729 oscula,
2603 2653 2819 2729 ubera,
2852 2673 3045 2735 genae,
3081 2665 3142 2718 et
3174 2654 3416 2720 femora
3449 2675 3463 2719 :

1979 2749 2044 2811 in
2090 2749 2328 2831 quibus
2367 2750 2579 2813 verbis
2620 2770 2746 2815 non
2794 2753 3115 2816 irridenda
3154 2764 3252 2816 est
3291 2774 3469 2817 sacra

1977 2848 2325 2931 Scriptura,
2362 2849 2471 2911 sed
2512 2848 2951 2914 misericordia
2991 2852 3101 2914 Dei
3141 2854 3467 2934 pensanda

1977 2956 2094 3024 est,
2155 2966 2345 3028 quam
2412 2947 2791 3011 mirabiliter
2847 2957 2910 3011 et
2969 2949 3465 3014 misericorditer

1976 3053 2274 3127 operetur
2306 3045 2663 3123 nobiscum,
2688 3046 2799 3128 qui
2831 3055 2899 3109 ut
2929 3066 3038 3110 cor
3068 3057 3353 3111 nostrum
3384 3050 3463 3112 ad

375 3147 652 3230 metipso
687 3143 1240 3227 concupiscent-ias
1279 3144 1510 3217 carniS‚
1535 3152 1598 3205 et
1635 3144 1867 3206 occasi·
1901 3141 1943 3204 C
1976 3143 2527 3223 investigationem
2582 3145 2744 3207 sacri
2782 3144 3017 3208 amoris
3066 3147 3458 3225 accenderet,

373 3264 494 3309 one
526 3244 763 3308 divinae
801 3242 1162 3325 Scripturae,
1197 3242 1276 3303 ad
1306 3241 1622 3304 carnalem
1662 3241 1869 3304 libidi-

375 3364 520 3413 nem
571 3342 896 3406 videbitur
936 3340 1212 3403 incitari.
1247 3339 1338 3402 Ob
1381 3340 1499 3402 hoc
1539 3357 1767 3402 moneo
1805 3348 1867 3402 et

373 3440 718 3505 consilium
755 3440 838 3504 do
869 3438 1064 3509 omni,
1101 3438 1212 3519 qui
1241 3439 1526 3500 nondum
1564 3438 1775 3500 carnis
1805 3446 1867 3500 et

375 3538 707 3620 sanguinis
748 3546 921 3601 caret
965 3535 1298 3611 molestiiS,
1333 3553 1540 3617 neque
1578 3534 1658 3597 ab
1705 3533 1866 3597 affe-

373 3649 479 3703 ctu
521 3645 764 3701 naturae
797 3634 1143 3698 materialis
1182 3633 1486 3707 abscedit,
1521 3642 1590 3701 ut
1620 3653 1657 3695 a
1691 3633 1866 3697 lecti-

373 3756 496 3802 one
542 3735 748 3800 libelli
809 3733 1024 3814 hujuS,
1078 3751 1426 3814 eorumque
1484 3751 1627 3813 quae
1674 3731 1738 3794 in
1790 3751 1865 3794 eo

373 3837 690 3910 dicentur,
743 3832 1000 3916 penitus
1057 3839 1388 3913 temperet.
1442 3831 1636 3893 Aiunt
1691 3830 1859 3892 enim

371 3934 695 4000 observari
731 3932 924 3996 etiam
964 3931 1132 4013 apud
1174 3929 1487 4006 Hebraeoe,
1523 3929 1692 4012 quod
1739 3929 1864 3992 nisi

371 4036 520 4117 quis
569 4032 648 4096 ad
706 4040 951 4095 aetatem
1015 4028 1361 4113 perfectam
1423 4037 1864 4110 maturamque

372 4131 758 4217 pervenerit,
795 4128 1085 4193 libellum
1117 4128 1288 4190 hunc
1323 4146 1439 4190 nec
1470 4127 1535 4189 in
1569 4126 1864 4189 manibus

369 4232 630 4315 quidem
683 4238 901 4292 tenere
952 4228 1379 4310 permittatur.
1424 4225 1544 4289 Sed
1593 4234 1657 4287 et
1704 4224 1862 4289 illud

1976 3261 2177 3324 usque
2221 3242 2298 3304 ad
2352 3242 2551 3324 turpis
2602 3243 2835 3305 amoris
2882 3244 3081 3307 nostri
3122 3243 3317 3307 verba
3358 3245 3464 3309 de·

1973 3339 2243 3403 scendit.
2286 3340 2405 3403 Sed
2450 3341 2619 3403 unde
2668 3360 2735 3403 se
2783 3342 3097 3423 loquendo
3138 3342 3456 3421 humiliat,

1973 3439 2122 3503 inde
2154 3458 2267 3502 nos
2299 3439 2625 3502 intellectu
2655 3441 2885 3503 exaltat
2911 3442 3097 3522 :quia
3128 3460 3202 3503 ex
3232 3461 3465 3505 sermo-

1973 3538 2162 3601 nibus
2202 3537 2393 3619 hujus
2431 3539 2668 3601 amoris
2713 3539 3041 3617 discimuS,
3068 3558 3195 3621 qua
3227 3540 3461 3605 virtute

1974 3638 2041 3700 in
2088 3636 2347 3699 Deitatis
2397 3656 2611 3700 amore
2659 3636 3038 3700 ferveamus
3073 3638 3201 3701 Hoc
3248 3649 3459 3702 autem

1973 3736 2158 3799 nobis
2211 3735 2475 3798 solerter
2525 3736 2902 3798 intuendum
2966 3746 3083 3814 est,
3134 3756 3214 3799 ne
3260 3756 3457 3819 quum

1973 3834 2166 3900 verba
2215 3834 2546 3896 exterioris
2594 3834 2829 3896 amoris
2879 3834 3195 3909 audimuS,
3238 3836 3313 3898 ad
3358 3854 3462 3897 ex-

1975 3933 2207 3996 teriora
2244 3932 2578 3995 sentienda
2615 3950 3027 4014 moveamur3
3068 3942 3130 3996 et
3164 3934 3459 3996 machina

1972 4050 2113 4114 quae
2145 4032 2404 4113 ponitur
2436 4040 2504 4093 ut
2535 4032 2722 4110 levet,
2743 4032 2883 4113 ipsa
2911 4032 3112 4113 magis
3142 4032 3462 4115 opprimat

1974 4150 2050 4193 ne
2089 4132 2396 4193 levemur.
2430 4131 2742 4194 Debemus
2782 4149 2929 4212 ergo
2971 4132 3037 4193 in
3067 4130 3279 4196 verbis
3321 4131 3460 4195 istis

1975 4230 2320 4312 corporeiS‚
2357 4228 2670 4311 quidquid
2714 4230 2983 4293 interius
3015 4238 3109 4292 est
3150 4248 3455 4311 quaerere,

370 4332 452 4395 ab
480 4331 574 4395 eis
613 4329 980 4411 accepimus
1020 4327 1347 4403 custodiri,
1383 4328 1684 4409 quoniam
1731 4327 1865 4408 qui-
1896 4329 1945 4391 D
1973 4336 2036 4390 et
2080 4329 2400 4409 loquendo
2442 4329 2517 4390 de
2557 4347 2843 4411 corpore,
2878 4328 3061 4410 quasi
3107 4336 3281 4391 extra
3326 4347 3462 4391 cor-

371 4433 518 4494 dem
551 4428 750 4491 moris
779 4435 875 4489 est
898 4427 1068 4509 apud
1098 4444 1226 4501 θος,
1251 4444 1473 4489 omnes
1507 4426 1861 4509 Scripturas

369 4549 406 4593 a
433 4526 804 4593 doctoribus
835 4535 896 4588 et
923 4524 1318 4608 sapientibus
1349 4525 1509 4588 tradi
1536 4525 1768 4606 pueriS‚
1789 4525 1865 4586 si-

369 4628 611 4692 militer
649 4634 714 4689 et
753 4644 860 4689 eas
899 4644 1057 4707 quas
1100 4628 1456 4709 δευτερώσεις
1494 4623 1858 4705 appellant3

369 4730 444 4790 ad
513 4725 808 4788 ultimum
871 4740 1022 4787 vero
1085 4730 1360 4803 quatuor
1418 4721 1540 4784 ista
1599 4723 1857 4800 servari,

373 4824 764 4909 principium
793 4821 1076 4897 GenesiS,
1112 4829 1174 4883 et
1201 4821 1482 4903 primum
1512 4821 1863 4903 capitulum

373 4920 744 4997 EzechieliS,
772 4928 836 4983 et
865 4918 1066 4982 finem
1099 4920 1260 4999 ejuS,
1283 4918 1528 4983 scilice-t
1553 4919 1860 4982 visionem

372 5022 452 5085 de
482 5019 916 5084 aedisicatione
940 5018 1176 5101 templi,
1192 5026 1384 5100 atque
1413 5018 1584 5081 hunc
1608 5018 1861 5093 librum,

375 5119 621 5182 scilicet
666 5117 901 5179 librum
948 5116 1119 5180 hune
1158 5115 1401 5179 Cantici
1446 5116 1861 5180 canticorum.

375 5218 519 5281 Haee
577 5216 902 5297 Origenes
953 5214 1149 5297 Cujus
1204 5213 1559 5277 recitationi
1620 5215 1698 5279 de
1750 5216 1867 5280 hac

377 5316 784 5380 Hebraeorum
830 5312 1291 5377 consuetudine
1335 5322 1662 5392 consonat,
1696 5316 1867 5397 quod

1975 4447 2093 4510 pus
2123 4446 2285 4490 esse.
2319 4427 2633 4490 Debemus
2672 4428 2749 4489 ad
2795 4427 2907 4489 has
2947 4428 3203 4510 nuptias
3242 4425 3459 4508 sponsi

1973 4535 2034 4588 et
2085 4544 2335 4610 sponsae
2384 4545 2529 4587 cum
2581 4523 2911 4588 intellectu
2961 4525 3201 4589 intimae
3241 4525 3461 4588 carita-

1977 4624 2078 4703 tis,
2127 4626 2190 4687 id
2236 4634 2332 4688 est
2370 4644 2515 4688 cum
2553 4633 2731 4687 veste
2773 4623 3071 4707 nuptiali,
3103 4623 3341 4699 venire,
3381 4641 3460 4685 ne
3488 4640 3751 4691 Maemxxn,

1976 4724 2040 4787 in
2102 4723 2394 4786 tenebras
2454 4722 2824 4803 ignorantiae
2884 4721 3284 4803 repellamur.
3344 4719 3459 4794 Qui
3492 4706 3645 4757 ¹²¹¹³·

1977 4822 2173 4902 igitur
2216 4822 2447 4884 librum
2492 4820 2663 4883 hunc
2714 4820 2867 4901 legit
2913 4828 3022 4882 aut
3061 4818 3259 4893 audit,
3299 4818 3459 4880 nihil

1976 4920 2281 5004 passibile
2312 4930 2421 4982 aut
2460 4918 2751 4982 sensuale
2782 4918 3014 4981 habeat
3053 4917 3118 4979 in
3148 4918 3359 4993 corde,
3394 4924 3463 4978 ut

1977 5020 2329 5084 secundum
2363 5018 2728 5081 interiorem
2770 5016 3094 5080 hominem
3139 5034 3303 5079 nova
3339 5034 3466 5079 ere-

1976 5127 2159 5181 atura
2187 5118 2483 5179 sit.Sacra
2511 5115 2739 5178 etenim
2774 5114 2909 5177 haee
2938 5114 3260 5197 Scriptura
3283 5133 3463 5177 mons

1977 5225 2092 5289 est,
2134 5234 2326 5296 quem
2373 5215 2422 5274 si
2469 5213 2673 5275 bestia
2718 5212 3015 5291 tetigerit,
3050 5211 3459 5293 lapidabitur.
3505 5212 3757 5265 hod-m·

1979 5312 2186 5377 Bestia
2224 5313 2463 5394 quippe
2504 5310 2703 5391 tangit
2752 5319 3057 5386 montem,
3090 5310 3347 5390 quando
3390 5309 3463 5371 ir·
3492 5275 3760 5388 ζῇἷξὲὠη
