4284 6267
536 873 637 979 ¹J²ob
654 887 721 925 xx,
736 875 803 922 ¹2.

550 1273 673 1318 lud.
686 1287 799 1326 xxxi,

634 1949 703 2004 12

537 3154 616 3202 1²⁸.
628 3167 745 3206 xxxi,
760 3157 799 3198 1.

534 3351 798 3406 Jacobxao.

639 4133 707 4188 13

550 4632 717 4678 uacet.
731 4646 805 4688 ιιι,

537 4697 605 4744 8⁴.

560 5223 625 5270 1⁸.
642 5239 700 5280 vt,
718 5229 781 5274 ¹0.

826 481 911 547 68
1548 500 1899 552 mam-no
1940 501 2005 548 nt
2044 501 2188 548 ω.
2235 501 2274 548 x
2317 501 2802 550 mmmmm.
2847 523 2930 534 —
2967 503 3112 550 m.
3157 502 3199 548 x

830 691 943 736 nes
970 691 1083 738 cor
1120 692 1331 736 meum
1366 677 1433 738 in
1470 674 1663 738 verba
1700 674 1983 750 malitiae,
2014 673 2095 736 ad
2132 691 2321 735 excu-
2349 671 2402 733 A
2430 681 2688 754 propter
2720 672 3152 755 insipientiam
3178 691 3359 735 suam
3387 673 3452 734 in
3483 672 3740 735 natibus
3771 679 3924 734 sunt
3963 689 4172 745 uiam.

830 773 1061 834 sandas
1098 774 1535 836 excusationes
1566 772 1633 834 in
1664 773 1963 854 peccatis.
2008 771 2169 834 Hine
2199 771 2324 833 l'er-
2429 772 2736 854 percussi,
2769 781 2839 834 ut
2877 772 3110 854 legitur
3149 773 3358 855 primo
3395 772 3656 852 Regum.
3689 808 3770 816 —
3799 775 3927 833 Sa·
4048 783 4105 836 14

831 876 936 931 tur
975 869 1103 933 alio
1146 870 1287 934 loco
1326 889 1341 932 :
1376 869 1579 944 Quum
1624 871 1811 933 dulce
1856 870 2051 933 fuerit
2098 871 2164 932 in
2211 888 2322 931 ore
2423 873 2668 947 pientes
2693 873 3092 931 abscondunt
3125 874 3464 932 scientiam
3494 879 3780 953 tempore
3813 889 3926 951 op-

828 968 971 1049 ejus
1020 969 1281 1046 malum,
1331 968 1677 1032 abscondet
1722 969 1881 1032 illud
1932 968 2051 1031 sub
2102 968 2324 1048 lingua
2429 977 2722 1050 portuno,
2758 987 2876 1031 nec
2903 969 3286 1050 sapientiam
3313 989 3492 1031 suam
3519 969 3799 1050 jactant:
3824 975 3926 1029 est

830 1085 987 1146 sua3
1028 1076 1242 1148 parcet
1282 1066 1400 1133 illi.
1434 1078 1499 1131 et
1536 1086 1663 1130 non
1696 1068 2094 1149 derelinquet
2132 1066 2317 1142 illud,
2425 1067 2596 1128 enim
2647 1075 2900 1149 tempus
2951 1069 3240 1146 tacendi3
3271 1087 3392 1130 nec
3433 1066 3808 1130 illusoribus
3857 1075 3920 1129 et
3977 1086 4179 1132 Εςειωιι.

828 1173 893 1226 et
932 1164 1167 1228 celabit
1210 1167 1275 1228 in
1312 1175 1570 1248 gutture
1610 1185 1749 1229 suo.
1786 1165 2143 1240 Quocontra
2179 1183 2323 1226 san·
2428 1166 2838 1248 incapacibus
2867 1186 3008 1229 eam
3039 1167 3532 1249 proponunt.Ex
3557 1166 3920 1229 humilitate
3951 1152 3990 1190 ⁷·

828 1273 968 1326 ctus
1004 1264 1121 1327 Job
1156 1266 1235 1327 de
1274 1283 1343 1328 se
1382 1265 1521 1346 ipso
1562 1273 1824 1327 testatur
1856 1285 1873 1328 :
1914 1265 1979 1327 Si
2012 1262 2319 1327 abscondi

826 1364 1009 1444 quasi
1045 1363 1239 1426 homo
1276 1371 1601 1445 peccatum
1643 1381 1879 1440 meum,
1912 1372 1975 1426 et
2014 1363 2216 1426 celavi
2253 1363 2319 1424 in

828 1459 972 1522 sinu
1023 1479 1167 1523 meo
1222 1461 1623 1543 iniquitatem
1672 1481 1901 1523 meam.
1953 1461 2028 1522 Et
2082 1461 2318 1524 Seneca

826 1559 917 1620 ait
963 1579 979 1622 :
1030 1559 1342 1641 Relinque
1389 1561 1883 1636 excusationem,
1930 1560 2083 1640 quia
2130 1577 2320 1621 nemo

828 1666 1047 1739 peccat
1102 1657 1390 1738 invitus3
1444 1658 1746 1739 itemque,
1802 1657 2164 1720 Proximum
2219 1658 2320 1718 in-

828 1757 1141 1820 nocentiae
1188 1765 1360 1820 tenet
1408 1757 1619 1820 locum
1668 1757 2025 1819 verecunda
2076 1756 2319 1838 peccati

828 1854 1171 1920 consessio.

910 1957 1149 2018 Odium
1172 1957 1439 2016 suscitat
1468 1957 1654 2014 rioeas
1674 1975 1697 2013 .·
1717 1953 1869 2035 quia
1898 1973 1978 2016 ex
2014 1954 2160 2017 odio
2191 1973 2320 2035 quo

824 2052 973 2133 quis
1002 2050 1201 2114 alium
1228 2053 1384 2128 odit,
1401 2050 1674 2114 faciliter
1701 2052 2059 2134 prorumpit
2090 2053 2158 2113 in
2189 2070 2320 2115 ver-

826 2150 907 2213 ba
938 2150 1145 2213 rixosa
1180 2150 1483 2212 adversus
1520 2169 1691 2224 eum,
1728 2152 2033 2231 quoniam
2074 2151 2318 2233 appetit

824 2249 886 2313 ei
922 2249 1163 2312 malum
1204 2267 1279 2312 ac
1320 2248 1682 2326 laesionem;
1712 2259 1773 2308 et
1813 2251 2119 2309 universa
2159 2253 2322 2310 deli-

823 2358 927 2410 cta
956 2350 1161 2426 operit
1182 2351 1445 2408 caritas.
1464 2348 1599 2409 Jam
1630 2346 1871 2409 dietum
1900 2356 2019 2420 est,
2044 2348 2218 2428 quod
2247 2367 2318 2410 os

826 2447 1169 2528 impiorum
1217 2445 1423 2528 operit
1472 2444 1875 2528 iniquitatem
1930 2465 1945 2508 :
1998 2446 2318 2527 quomodo

822 2562 973 2625 ergo
1022 2545 1251 2608 caritas
1294 2544 1501 2626 operit
1546 2545 1841 2606 universa
1887 2545 2166 2607 delicta?
2206 2547 2320 2608 Re-

824 2643 1265 2726 spondendum
1294 2651 1411 2718 est,
1444 2643 1617 2724 quod
1652 2643 1880 2706 caritas
1913 2643 2152 2706 dicitur
2183 2663 2322 2726 pee-

824 2751 967 2805 cata
1002 2742 1273 2824 operire,
1311 2741 1375 2804 id
1413 2750 1510 2804 est
1551 2740 1827 2818 auferre,
1862 2742 1947 2803 ita
1989 2744 2159 2824 quod
2203 2762 2320 2807 nec

826 2841 991 2904 Deus
1020 2841 1289 2924 imputat
1317 2860 1414 2918 ea,
1445 2841 1749 2922 quoniam
1780 2861 1855 2903 ex
1886 2842 2168 2904 caritatis
2198 2842 2320 2906 fer-

827 2957 979 3002 vore
1019 2947 1483 3003 consumuntur
1526 2947 1805 3020 peccata,
1848 2939 2012 3002 sieut
2053 2959 2130 3002 ex
2173 2940 2319 3021 igne

2427 1281 2578 1343 ergo
2612 1284 2754 1326 eam
2795 1265 3216 1328 abscondunt.
3250 1266 3462 1330 Nihilo
3503 1265 3716 1328 minus
3762 1273 3924 1327 tem-

2429 1381 2582 1445 pore
2620 1372 2790 1444 apto,
2824 1383 2902 1426 ex
2932 1365 3195 1427 caritate
3231 1365 3600 1440 ostendunt,
3633 1382 3923 1426 commu-

2429 1460 2667 1536 nicant,
2700 1470 2762 1524 et
2796 1462 3144 1542 praedieant
3180 1481 3344 1525 eam.
3380 1461 3706 1544 Sapientia
3744 1461 3920 1524 enim
3966 1481 4186 1529 sectam,

2427 1558 2800 1622 abscondita
2827 1569 2890 1623 et
2921 1561 3254 1623 thesaurus
3285 1559 3554 1636 invisuS,
3573 1579 3716 1642 quae
3747 1559 3923 1622 utili·
3953 1547 4018 1586 ¹⁷·

2429 1666 2523 1718 tas
2553 1659 2620 1720 in
2653 1659 2980 1740 utrisque?
3011 1664 3092 1722 Os
3119 1671 3336 1720 autem
3361 1663 3576 1726 stulti,
3605 1661 3924 1736 confusio-

2427 1759 2504 1817 ni
2535 1760 2918 1834 proximum
2959 1769 3050 1818 est
3078 1780 3102 1818 .·
3131 1759 3284 1841 quia
3323 1778 3362 1820 a
3402 1756 3924 1840 reprehensibili-

2356 1858 2403 1919 B
2431 1855 2550 1917 bus
2580 1855 2794 1918 verbis
2822 1855 2934 1918 diu
2965 1875 3094 1919 non
3125 1856 3423 1933 abstinet,
3457 1865 3520 1919 et
3558 1855 3922 1919 inordinate

2429 1955 2496 2016 in
2529 1954 2850 2036 loquendo
2881 1974 2949 2016 se
2978 1955 3192 2017 habe-t.

2535 2056 2917 2115 Substantia
2983 2056 3240 2124 divitis,
3293 2057 3444 2114 urbs
3500 2055 3920 2131 fortitudinis

2426 2153 2567 2228 ejus
2594 2173 2618 2211 :
2647 2152 2710 2213 id
2741 2161 2858 2226 est,
2877 2152 3058 2214 dives
3087 2152 3152 2212 in
3185 2152 3318 2214 suis
3347 2151 3618 2214 considit
3647 2151 3917 2226 divitiis,

2429 2252 2611 2330 quasi
2641 2249 2708 2312 iu
2739 2251 2998 2314 civitate
3031 2253 3299 2328 munita,
3333 2260 3396 2314 et
3427 2252 3591 2315 sicut
3621 2251 3676 2314 is
3707 2251 3819 2334 qui
3855 2252 3920 2313 in

2429 2349 2586 2411 urbe
2627 2359 2746 2426 est,
2783 2350 2848 2410 in
2893 2368 3222 2412 murorum
3269 2348 3644 2413 fortitudine
3679 2358 3918 2432 sperat.

2427 2447 2618 2510 Porro
2647 2448 2757 2529 qui
2791 2447 3206 2529 spiritualiter
3234 2449 3415 2511 dives
3445 2457 3554 2522 est,
3577 2448 3644 2510 in
3675 2448 3923 2512 meritis

2429 2546 2561 2608 suis
2600 2545 2892 2622 considit,
2927 2547 2992 2608 id
3031 2556 3149 2622 est,
3182 2566 3296 2629 per
3334 2566 3412 2610 ea
3447 2555 3662 2628 sperat
3697 2547 3764 2608 in
3805 2548 3926 2610 Do-

2429 2645 2628 2708 mino.
2667 2645 2822 2726 Spes
2865 2664 3141 2726 namque
3183 2654 3280 2707 est
3321 2654 3493 2708 certa
3533 2646 3924 2727 exspectatio

2433 2741 2662 2806 futurae
2693 2741 3041 2819 felicitatis,
3077 2763 3152 2805 ex
3178 2743 3379 2825 gratia
3409 2743 3520 2806 Dei
3549 2744 3924 2826 meritisque

2429 2842 2801 2922 procedenS.
2853 2844 3072 2902 Pavor
3109 2862 3503 2919 pauperum,
3539 2851 3776 2919 eyestas
3825 2864 3926 2904 eo-

2428 2960 2578 3000 rum
2609 2960 2632 2998 .·
2673 2939 2736 3001 id
2780 2947 2897 3016 est,
2944 2939 3088 3002 ideo
3129 2939 3358 3001 timent
3404 2939 3684 3022 opprimi
3729 2949 3924 3022 atque

4049 2067 4112 2121 15

828 3037 1086 3120 stipula.
1116 3038 1301 3100 Juxta
1329 3037 1500 3099 hunc
1530 3056 1784 3100 sensum
1817 3037 1905 3099 ait
1933 3038 2264 3102 psalmista
2299 3060 2313 3105 :
2353 3039 2396 3102 C
2427 3036 2728 3114 deficere,
2762 3038 2913 3118 quia
2943 3037 3150 3100 sciunt
3181 3057 3250 3100 se
3280 3036 3503 3119 inopes
3531 3055 3692 3102 esse.
3725 3038 3926 3121 Spiri-

830 3135 998 3199 Beati
1030 3155 1303 3218 quorum
1335 3134 1617 3198 remissae
1647 3145 1795 3197 sunt
1830 3135 2224 3218 iniquitateS,
2255 3147 2320 3202 et
2427 3135 2684 3198 tualiter
2736 3155 3015 3218 quoque,
3068 3135 3181 3217 qui
3241 3154 3484 3218 pauper
3533 3145 3650 3214 est,
3705 3137 3769 3199 id
3827 3146 3924 3200 est

832 3254 1101 3318 quorum
1132 3243 1295 3296 tecta
1324 3243 1473 3296 sunt
1513 3242 1789 3315 peccata.
1824 3235 1901 3295 Et
1926 3235 2195 3299 lacobus
2225 3237 2320 3298 di-
2429 3234 2772 3297 virtutibus
2802 3254 3024 3298 carens
3057 3254 3130 3296 ac
3161 3234 3426 3310 meritiS,
3461 3235 3646 3298 timet
3675 3236 3924 3299 inordi-

828 3334 918 3398 cit
958 3351 972 3396 :
1017 3332 1133 3407 Qui
1180 3331 1465 3396 converti
1515 3330 1740 3394 fecerit
1795 3341 2188 3413 peccatorem
2234 3336 2318 3399 ab
2427 3342 2599 3407 nato,
2631 3334 2893 3411 carnali,
2927 3334 3252 3396 mundano
3295 3334 3555 3414 timore;
3585 3342 3652 3397 et
3692 3335 3924 3398 merito

831 3451 1042 3497 errore
1079 3431 1199 3495 viae
1232 3449 1385 3508 suae,
1418 3429 1626 3512 operit
1660 3430 2140 3494 multitudinem
2176 3452 2317 3514 pec·
2427 3432 2800 3496 formidaret
2838 3432 3148 3494 damnari.
3181 3431 3358 3494 Multi
3386 3431 3578 3495 etiam
3612 3451 3920 3515 pauperes

827 3540 1134 3595 catorum.
1176 3529 1483 3609 Denique,
1516 3528 1682 3591 sicut
1725 3528 1961 3611 impius
2003 3531 2213 3612 operit
2253 3540 2317 3594 et
2427 3531 2751 3613 propriam
2783 3539 3220 3613 paupertatem
3251 3529 3618 3594 abhorrent.
3641 3568 3720 3577 —-
3747 3537 3920 3609 Opus
4051 3541 4116 3595 16

827 3629 1101 3692 occultat
1131 3626 1456 3710 propriam
1486 3625 1765 3707 culpam,
1800 3627 1892 3689 sic
1922 3628 2153 3690 caritas
2185 3629 2318 3692 cul·
2409 3632 2612 3708 justi,
2647 3630 2710 3692 id
2738 3637 2835 3692 est
2863 3629 3036 3711 justa
3076 3628 3242 3692 actio
3281 3630 3444 3710 ejuS,
3480 3629 3684 3692 tendit
3710 3632 3798 3690 ad
3827 3632 3921 3691 vi-

826 3746 973 3810 pam
1002 3726 1285 3800 alteriue,
1322 3725 1408 3786 ita
1444 3725 1614 3806 quod
1654 3725 2014 3806 proximum
2054 3745 2182 3790 non
2223 3729 2320 3791 in-

827 3835 1045 3908 crepat
1092 3825 1303 3888 statim
1352 3825 1419 3886 in
1460 3823 1738 3906 publicu,
1775 3843 1891 3888 nec
1934 3844 2081 3888 eum
2124 3827 2320 3890 disfa-

2430 3740 2562 3790 tam
2597 3727 2840 3808 gloriis,
2874 3734 2938 3789 et
2965 3727 3160 3788 vitam
3197 3727 3416 3808 gratiae
3454 3727 3749 3809 perficit3
3779 3728 3920 3805 fru-

2427 3839 2566 3888 ctus
2611 3836 2827 3888 autem
2873 3827 3094 3902 impii,
3143 3825 3206 3886 id
3255 3835 3350 3887 est
3398 3825 3730 3888 delectatio
3777 3825 3917 3906 ejus

828 3933 980 4002 mat,
1014 3925 1125 3988 sed
1155 3923 1449 4005 primitus
1482 3923 1548 3984 in
1580 3931 1843 4001 secreto,
1867 3931 1938 3985 ut
1968 3923 2151 3989 famae
2181 3927 2319 4009 ejus
2429 3944 2542 3987 seu
2571 3933 2750 3988 actus
2782 3923 3060 3997 interior,
3082 3927 3293 3986 estad
3313 3923 3919 4002 peecatum.Concu-
3945 3939 4202 3991 :acosma
4279 3929 4281 3942 ⁴

832 4023 1183 4106 provideat.

922 4125 1006 4186 In
1036 4122 1227 4182 labiis
1254 4122 1565 4197 sapientis
1602 4121 1940 4182 invenitur
1966 4126 2318 4201 sapientia,

2429 4023 2742 4104 piscentia
2767 4021 2939 4084 enim
2970 4040 3168 4103 quum
3199 4021 3569 4102 conceperit,
3585 4023 3753 4102 parit
3782 4043 3920 4104 pec-

2429 4131 2662 4198 catum,
2726 4129 2795 4183 ut
2848 4120 3118 4182 lacobus
3170 4119 3260 4181 ait
3309 4119 3656 4201 apostolus.
3707 4121 3784 4182 Et
3841 4140 3918 4184 ex

830 4221 895 4284 id
953 4228 1071 4298 est,
1122 4218 1521 4301 sapientialia
1580 4219 1773 4282 verba
1832 4221 2186 4301 procedunt
2242 4223 2319 4285 de
2349 4225 2398 4286 D
2431 4219 2719 4282 interiori
2762 4219 2952 4299 culpa
2991 4218 3067 4280 ad
3110 4219 3485 4281 exteriorem
3529 4220 3912 4301 proceditur.

827 4319 1049 4399 lingua
1069 4318 1349 4382 hominis
1380 4317 1878 4400 sapientis.Nam
1908 4339 1981 4381 ea
2003 4339 2148 4401 quae
2173 4330 2319 4384 sunt
2527 4321 2644 4380 Via
2684 4320 2835 4378 υἱέα)
2875 4323 2973 4379 est
3012 4318 3400 4377 custodienti
3437 4319 3864 4394 disciplinam
3893 4340 3917 4378 .·
4050 4317 4118 4373 17

829 4417 897 4480 in
945 4435 1121 4494 voce,
1166 4425 1315 4478 sunt
1358 4416 1537 4496 signa
1580 4416 1903 4480 interioris
1946 4417 2224 4499 notitiae3
2257 4429 2318 4483 et
2426 4415 2732 4500 quoniam
2787 4413 3148 4495 disciplinae
3209 4414 3692 4495 acquiescendo,
3757 4416 3920 4480 vivit

831 4515 1039 4598 qualis
1085 4514 1357 4598 quisque
1410 4523 1526 4590 est,
1578 4514 1731 4579 talia
1785 4516 2091 4598 loquitur.
2141 4518 2320 4581 Unde
2427 4534 2541 4597 per
2565 4512 2854 4594 gratiam,
2874 4520 3099 4593 estque
3128 4511 3196 4573 in
3225 4511 3326 4573 via
3352 4513 3433 4574 ad
3462 4513 3770 4595 patriam3
3801 4517 3920 4594 qui

832 4613 920 4676 ait
958 4611 1242 4677 Salvator
1274 4629 1287 4672 ε
1323 4611 1412 4673 Ex
1447 4611 1839 4675 abundantia
1874 4614 2085 4677 cordis
2121 4633 2194 4678 os
2234 4615 2321 4678 lo-
2425 4623 2642 4674 autem
2682 4611 3150 4688 increpationes
3187 4611 3526 4690 relinquit,
3568 4610 3630 4672 id
3670 4619 3786 4689 est,
3822 4611 3921 4675 in-

831 4711 1071 4794 quitur.
1104 4713 1190 4772 Et
1218 4712 1409 4787 viv-,qa
1436 4712 1510 4771 in
1537 4713 1723 4771 dorso
1749 4713 1890 4788 ejus
1918 4715 2037 4791 qui
2063 4715 2321 4791 indiqet
2427 4711 2671 4795 crepari
2704 4711 2783 4773 de
2811 4709 2942 4772 suis
2975 4708 3248 4792 peccatis
3277 4728 3406 4773 non
3437 4709 3594 4785 vult,
3615 4710 3716 4774 vel
3747 4709 3918 4775 facta

826 4813 1039 4881 eorde,
1070 4808 1135 4872 id
1172 4815 1289 4886 est,
1321 4808 1492 4890 justa
1534 4808 1602 4870 al'
1606 4807 1810 4872 flictio
1844 4809 1904 4873 ei
1939 4809 2209 4874 debetur
2248 4831 2320 4874 ae
2427 4809 2883 4892 increpatione,
2925 4809 3004 4870 ad
3043 4807 3232 4871 solita
3268 4807 3426 4872 vitia
3465 4808 3650 4883 redit,
3683 4820 3860 4872 errat
3893 4831 3918 4870 .-

827 4909 1140 4984 imminet,
1174 4907 1283 4990 qui
1315 4914 1661 4970 excaecatus
1690 4915 1789 4971 est
1815 4908 2025 4986 corde,
2061 4919 2322 4993 propter
2427 4909 2581 4991 quia
2607 4908 2919 4990 superbus
2944 4914 3007 4970 et
3039 4905 3251 4969 fatuus
3280 4909 3918 4970 est—Abscondunt
4050 4919 4118 4974 18

825 5009 997 5090 quod
1042 5006 1285 5086 indiget
1340 5006 1551 5083 corde,
1605 5005 1668 5067 id
1726 5013 1823 5068 est
1877 5025 1998 5069 usu
2056 5008 2318 5072 rationis

827 5115 1015 5188 atque
1049 5103 1389 5187 prudentia
1420 5121 1434 5166 :
1469 5103 1635 5167 sicut
1675 5103 2020 5167 incredulis
2052 5106 2321 5187 contigit

824 5202 1077 5280 sadonis,
1102 5203 1181 5264 de
1208 5199 1441 5283 quibus
1469 5200 1659 5263 Isaias
1692 5201 2003 5283 praedixit,
2038 5203 2322 5266 Excaeca-

533 5323 809 5372 mmm
832 5309 968 5365 tum
1000 5309 1097 5366 est
1134 5302 1281 5365 cor*
1312 5298 1530 5383 populi
1573 5298 1789 5381 hujuS.
1830 5299 1983 5364 Hinc
2015 5300 2320 5367 Philistaei

2427 5009 2651 5068 odium
2696 5009 2869 5068 labia
2918 5007 3254 5068 mendacia
3293 5025 3317 5065 .·
3358 5005 3419 5066 id
3463 5013 3581 5082 est,
3627 5007 3917 5069 mendosi

2429 5124 2754 5169 rancorem
2795 5125 2981 5168 suum
3020 5103 3364 5181 occultant,
3396 5101 3548 5166 duni
3590 5103 3814 5167 dicunt
3850 5124 3920 5169 se

2427 5204 2693 5285 diligere
2721 5222 2867 5266 eum
2896 5222 3087 5286 quem
3118 5202 3366 5266 odiunt.
3387 5199 3614 5267 Odium
3645 5221 3920 5285 namque

2428 5304 2659 5386 quaerit
2705 5302 2954 5367 occulte
3007 5320 3252 5380 nocere,
3299 5301 3420 5365 idei
3429 5320 3535 5366 reo
3587 5301 3924 5365 abscondi-
