4284 6267
657 1539 725 1594 13

656 2129 724 2185 14

580 3022 719 3079 Apoe.
732 3036 819 3074 xiv,

552 3089 632 3193 g..
646 3162 764 3200 uxr,
778 3151 819 3191 ὅ.

590 3416 675 3461 lot»
691 3430 819 3469 xxvn,

557 3483 623 3532 19,
645 3483 714 3527 2⁰.

554 3614 571 3659 l
588 3616 700 3659 Tim.
714 3619 818 3668 vin.

654 3807 722 3864 15

654 4198 721 4254 16

580 5238 616 5284 ll
631 5241 754 5286 Patr.
770 5255 812 5292 n,

550 5305 621 5347 21.

862 460 982 525 242
1622 478 1975 526 ENARRATIO
2021 478 2085 525 m
2126 476 2266 526 car.
2303 480 2343 523 v
2381 476 2818 551 necansusrm.
2861 500 2946 511 —
2985 482 3128 529 Ait-r.
3163 484 3204 527 v

860 649 1072 724 traria,
1099 653 1403 727 pessima,
1454 650 1517 711 id
1560 657 1657 712 est
1699 650 1883 714 valde
1930 650 2115 725 mala,
2159 672 2354 732 quam
2389 649 2442 713 A
2467 650 2590 728 tiae,
2623 670 2816 733 quam
2849 661 2994 735 post
3026 654 3418 735 agnitionem
3459 652 3690 717 reverti
3733 659 3962 716 retror-

858 749 1003 809 vidi
1036 752 1152 809 sub
1188 753 1314 809 sole
1343 768 1365 808 .·
1396 750 1651 809 divitiae
1686 759 2070 811 conservatae
2100 752 2174 809 in
2215 770 2354 809 ma·
2469 768 2634 811 sum.
2667 750 2972 814 Similiter
3001 751 3232 815 accidit
3273 752 3331 813 ei
3371 752 3480 833 qui
3523 752 3604 815 de
3641 750 3955 833 spirituali

860 849 997 907 tum
1032 847 1287 907 domini
1313 848 1444 915 sui,
1487 846 1551 907 id
1595 853 1709 923 est,
1751 847 1922 927 quod
1968 847 2105 929 ipse
2147 846 2350 925 diveS,
2467 847 2798 929 opulentia
2848 850 3223 912 meritorum
3291 868 3548 912 suorum
3607 848 3952 924 extollitur,

856 944 1205 1025 praescrtim
1246 963 1490 1023 avaruS,
1524 944 1893 1026 frequenter
1920 954 2262 1026 congregat
2293 954 2356 1009 et
2467 964 2585 1009 nec
2642 956 2972 1027 permanet
3027 956 3243 1028 gratus
3301 949 3446 1025 Dec,
3504 947 3958 1029 humiliterque

856 1050 1135 1105 reservat
1165 1043 1421 1107 divitias
1457 1043 1524 1105 in
1558 1044 1859 1105 damnum
1900 1053 1963 1106 et
1994 1045 2352 1127 periculum
2467 1044 2816 1127 subjectuS.
2851 1044 3018 1108 Talis
3055 1054 3315 1125 generat
3352 1045 3550 1122 filios,
3593 1045 3658 1108 id
3699 1053 3795 1109 est
3834 1045 3959 1108 dis-

856 1139 955 1201 sui
995 1140 1219 1222 ipsiuS‚
1274 1142 1425 1203 dum
1473 1139 1671 1216 fureS,
1720 1150 2024 1223 raptoreS,
2075 1142 2350 1206 latrones
2464 1144 2711 1226 cipnlos
2751 1163 2824 1207 ac
2870 1144 3181 1221 subditos,
3217 1163 3551 1226 paupereS,
3585 1144 3738 1226 quia
3779 1164 3958 1207 scan-

854 1246 917 1300 et
945 1240 1221 1321 tyranni,
1260 1240 1644 1301 insidiantur
1683 1239 1743 1301 ei
1784 1249 2043 1322 propter
2076 1261 2222 1304 suas
2257 1242 2352 1305 di-
2464 1242 2818 1305 dalizantur
2865 1243 2930 1305 in
2989 1262 3087 1319 ec,
3136 1250 3201 1305 et
3249 1243 3764 1306 recidivationem
3815 1245 3954 1324 ejus

854 1336 1062 1415 vitiaS,
1099 1346 1160 1400 et.
1199 1338 1434 1401 tollunt
1470 1357 1598 1413 eaS,
1633 1346 1742 1401 aut
1779 1339 1969 1401 etiam
2012 1340 2222 1421 ipsum
2253 1359 2352 1403 oc·
2463 1343 2808 1423 sequend0,
2843 1350 3110 1423 pereunt
3149 1341 3341 1404 simul
3376 1361 3523 1404 cum
3566 1342 3704 1423 ipso
3741 1360 3754 1403 :
3790 1344 3955 1406 sicut

852 1434 1093 1501 cidunt.
1129 1436 1271 1499 ldeo
1303 1436 1539 1499 Seneca
1568 1436 1727 1498 dixit
1763 1454 1776 1498 :
1810 1437 2074 1500 Maximo
2106 1438 2352 1520 pericu·
2461 1442 2541 1503 de
2573 1439 2808 1501 talibus
2837 1439 2926 1501 ait
2956 1439 3318 1521 ApostoluS,
3351 1438 3646 1502 Errantes
3675 1450 3737 1503 et
3768 1440 3834 1503 in
3864 1460 3955 1503 er·
4009 1460 4046 1504 ιι
4065 1462 4232 1511 rimu.

852 1532 915 1596 lo
944 1534 1321 1611 custoditur,
1356 1535 1524 1615 quod
1556 1533 1775 1597 multis
1805 1534 2032 1617 placet.
2064 1538 2350 1597 Pereunt
2463 1556 2669 1602 rorem
2711 1538 3060 1600 mittentes,
3984 1526 4051 1566 ¹³·
4089 1596 4100 1610 ,

848 1635 1025 1694 enim
1054 1636 1128 1693 in
1158 1636 1503 1711 afflictione
1527 1635 1827 1712 pessima,
1862 1634 1923 1695 id
1956 1642 2071 1711 est,
2106 1633 2350 1697 divitiae
2543 1641 2680 1699 Hoc
2723 1639 2942 1717 itaque
2981 1638 3195 1697 visum
3235 1646 3326 1697 est
3367 1639 3536 1697 mihi
3574 1640 3832 1709 bonum,
3879 1648 3952 1699 ut
4085 1653 4146 1707 Π

848 1730 1226 1794 auferuntur
1254 1751 1370 1795 suo
1402 1734 1753 1815 possessori
1786 1752 1930 1795 cum
1964 1752 2178 1796 amara
2206 1734 2345 1814 ejus
2459 1740 2744 1797 comedat
2785 1738 2932 1815 quis
2969 1744 3028 1795 et
3073 1736 3270 1805 bibat,
3305 1744 3365 1795 et
3404 1736 3680 1812 fruatur
3723 1739 3950 1797 laetitia

850 1830 1111 1893 tristitia
1136 1840 1199 1893 et
1217 1830 1623 1907 desolatione,
1643 1831 1794 1912 quia
1824 1832 2210 1894 invitissime
2238 1850 2344 1894 eas
2383 1832 2430 1894 B
2458 1854 2538 1893 ex
2578 1836 2787 1894 labore
2824 1853 2965 1903 su0,
2993 1852 3116 1911 quo
3156 1835 3472 1893 laboravit
3511 1835 3644 1911 ipse
3679 1836 3793 1895 sub
3826 1839 3954 1894 sole

847 1929 1106 1991 amittit.
1157 1932 1501 1991 Generavit
1538 1933 1784 2008 filium,
1822 1932 1941 2010 qui
1978 1933 2049 1989 in
2086 1952 2342 1991 summa
2457 1952 2723 1992 numero
2763 1933 3024 1992 dierum
3067 1934 3216 1992 vitoe
3261 1952 3419 2001 saoe,
3467 1952 3622 2011 quos
3667 1935 3846 1993 dedit
3891 1935 3955 1992 ei

847 2037 1116 2105 eyes-tate
1160 2029 1285 2090 erit
1334 2049 1359 2088 .·
1406 2028 1557 2110 quia
1613 2046 1765 2110 opes
1822 2029 2020 2111 patris
2078 2029 2343 2112 direptae
2454 2035 2629 2093 Deus
2651 2041 2750 2092 :et
2776 2034 2908 2092 leoec
2933 2039 3023 2090 est
3039 2050 3198 2107 pars
3223 2032 3408 2090 illius
3430 2052 3453 2089 .·
3488 2030 3552 2093 id
3583 2039 3701 2107 est,
3725 2031 3950 2094 melius

852 2133 1023 2199 sunt,
1086 2144 1204 2188 nee
1262 2144 1367 2188 eas
1423 2132 1633 2208 potest
1698 2144 2092 2208 recuperare.
2156 2129 2346 2189 Sicut
2455 2137 2551 2192 est
2580 2137 2926 2211 temperate
2954 2137 3016 2191 et
3045 2126 3508 2191 delectabiliter
3539 2128 3632 2190 uti
3663 2130 3947 2206 terrenis,

848 2242 1131 2300 eyressus
1164 2234 1254 2285 est
1292 2228 1509 2286 nudus
1548 2224 1659 2287 ille
1700 2243 2027 2306 possessor
2070 2226 2163 2288 sic
2206 2243 2346 2308 spo·
2457 2247 2645 2309 quam
2687 2236 2816 2289 tam
2855 2227 3040 2289 anxie
3077 2234 3336 2308 propter
3373 2245 3449 2289 ea
3489 2226 3844 2304 sollicitari,
3887 2236 3952 2290 et

848 2321 1064 2400 liatuS,
1110 2342 1224 2386 seu
1263 2320 1443 2385 filius
1480 2324 1619 2405 ejus
1664 2323 1851 2387 bonis
1892 2324 2172 2406 paternis
2217 2325 2346 2406 pri·
2457 2326 2521 2387 in
2555 2325 2833 2389 tenebris
2871 2325 3186 2407 praetactis
3225 2325 3318 2386 uti
3357 2325 3622 2388 eisdem.
3659 2325 3805 2389 Frui
3843 2345 3951 2388 au-

851 2429 1056 2494 vatuS,
1089 2425 1169 2482 de
1196 2432 1376 2483 utero
1416 2425 1648 2484 matris
1672 2444 1842 2494 suae,·
1867 2426 1959 2483 sic
1990 2432 2346 2485 revertetur
2458 2432 2605 2499 tem,
2661 2423 3030 2505 frequenter
3081 2441 3199 2505 pro
3247 2422 3347 2485 Uti
3407 2423 3742 2505 accipitur.
3795 2424 3948 2486 Nam

851 2538 1093 2601 pauper
1132 2528 1193 2582 et
1231 2521 1440 2582 nudus
1486 2520 1551 2582 in
1590 2527 1845 2597 terram,
1877 2531 1937 2582 et
1966 2523 2142 2582 nibil
2168 2523 2346 2599 aufe·
2458 2523 2714 2606 proprie
2764 2541 2890 2586 non
2943 2531 3038 2585 est
3087 2522 3424 2585 fruendum
3482 2523 3606 2585 nisi
3667 2524 3814 2586 Deo,
3863 2527 3952 2587 Et
4083 2537 4145 2591 18

846 2628 946 2679 ret
970 2640 1183 2680 secum
1218 2622 1299 2679 de
1337 2621 1546 2679 labore
1580 2640 1721 2689 suo,
1751 2619 1905 2681 dum
1943 2620 2236 2695 moritur,
2281 2620 2344 2681 id
2454 2625 2636 2683 omni
2673 2624 2948 2693 homini,
2984 2624 3093 2682 cui
3131 2625 3302 2683 Deus
3337 2624 3515 2683 dedit
3550 2622 3822 2683 divitias
3859 2633 3954 2683 at-

849 2724 944 2779 est
975 2717 1054 2779 de
1083 2716 1217 2778 suis
1248 2716 1432 2779 bonis
1462 2717 1752 2790 terrenis,
1790 2716 2106 2781 laboriose
2134 2718 2346 2799 acqui·
2455 2740 2577 2798 que
2605 2722 3059 2788 substantiam,
3091 2718 3153 2780 id
3195 2726 3290 2781 est
3326 2717 3589 2781 mobilia
3627 2727 3689 2781 et
3727 2719 3953 2784 immo-

849 2814 1012 2877 sitis.
1046 2815 1339 2878 Attamen
1384 2834 1596 2897 opera,
1633 2815 1697 2878 id
1739 2824 1833 2878 est
1870 2816 2209 2897 merita-ac
2247 2818 2347 2879 de-
2455 2817 2612 2879 bilia
2651 2818 2841 2893 bona,
2869 2826 3368 2897 potestatemque
3401 2819 3463 2876 ei
3495 2819 3726 2879 tribuit
3755 2828 3828 2881 ut
3860 2838 3956 2879 co-

847 2914 1098 2989 merita,
1122 2913 1407 2995 singulos
1437 2932 1545 2977 eos
1575 2923 1951 2996 sequuntur,
1974 2914 2154 2996 Juxta
2182 2915 2345 2977 illud
2456 2920 2671 2977 medat
2725 2937 2806 2975 ea:
2864 2917 2978 2985 eis,
3028 2924 3088 2975 et
3138 2916 3413 2993 fruatur
3459 2926 3651 2992 parte
3701 2937 3846 2987 sua,
3891 2928 3955 2979 et

850 3011 916 3073 in
961 3011 1342 3094 Apocalypsi
1383 3031 1397 3076 ε
1440 3011 1641 3094 Opera
1686 3011 1942 3075 illorum
1986 3022 2345 3094 sequuntur
2373 3012 2418 3076 C
2457 3019 2707 3075 laetetur
2733 3018 2812 3074 de
2842 3016 3054 3073 labore
3079 3032 3220 3083 suo,
3250 3013 3314 3074 id
3339 3020 3459 3090 est,
3492 3013 3956 3077 delectabiliter

848 3110 1017 3173 illos
1052 3109 1211 3173 Hinc
1256 3109 1458 3172 fertur
1497 3110 1568 3172 in
1610 3110 1855 3173 Psalmo
1888 3130 1903 3175 ;
1938 3111 2346 3174 Dormierunt
2457 3130 2571 3174 sua
2610 3111 2902 3194 portione
2941 3118 3154 3173 utatur
3187 3128 3201 3173 ε
3245 3114 3360 3171 Izoc
3393 3121 3482 3172 est
3520 3116 3765 3175 donum
3803 3116 3949 3183 Dei,

849 3227 1145 3272 somnum
1176 3227 1385 3285 suum,
1418 3218 1481 3271 et
1512 3207 1674 3269 nihil
1715 3210 2097 3271 invenerunt
2123 3229 2347 3297 omnes
2458 3211 2521 3273 id
2551 3219 2650 3273 est
2677 3210 2996 3292 quoddam
3029 3208 3416 3273 beneficium
3447 3210 3608 3292 ejuS,
3629 3220 3693 3274 et
3721 3212 3951 3275 melius

849 3306 970 3372 viri
1004 3307 1369 3370 divitiarum
1414 3307 1481 3368 in
1514 3307 1813 3369 manibus
1846 3309 2001 3369 suiS.
2034 3307 2150 3371 Job
2189 3328 2347 3390 quo·
2458 3328 2584 3372 usu·
2630 3315 2929 3391 praetacto
2978 3325 2992 3369 ε
3041 3316 3106 3371 et
3149 3326 3224 3370 ex
3271 3308 3475 3387 gratia
3522 3308 3586 3371 id
3636 3311 3947 3392 procedit,

849 3424 977 3487 que
1010 3423 1023 3467 ε
1058 3406 1243 3469 Dives
1272 3404 1541 3487 (inquit)
1568 3424 1766 3485 quum
1798 3406 2150 3484 dormierit,
2183 3407 2346 3469 nihil
2456 3408 2627 3490 quod
2658 3407 2848 3469 homo
2888 3405 3346 3488 temporalibus
3385 3406 3674 3471 ordinate
3710 3418 3946 3471 utatur„

850 3524 1066 3569 secum
1125 3506 1408 3585 auferet3
1467 3505 1903 3588 apprehendet
1956 3526 2101 3569 eum
2161 3512 2343 3589 quasi
2454 3543 2535 3553 —
2580 3505 3029 3589 Spiritualiter,
3083 3505 3320 3567 bonum
3371 3514 3468 3568 est
3515 3506 3698 3570 refici
3746 3527 3952 3571 sacra·

848 3623 1015 3686 aqua
1053 3604 1291 3687 inopia.
1324 3604 1469 3667 Ideo
1497 3603 1588 3666 ait
1628 3604 1963 3687 Apostolus
1998 3623 2013 3667 :
2046 3604 2215 3668 Nihil
2257 3606 2346 3667 in·
2455 3606 2684 3668 mentis
2712 3604 3150 3685 Christi,pane
3174 3603 3674 3680 lacrimarumet
3703 3605 3948 3669 actibus

848 3703 1115 3765 tulimus
1158 3704 1223 3765 in
1263 3703 1435 3765 hunc
1477 3703 1820 3781 mundum3
1854 3703 2024 3765 haud
2066 3704 2340 3766 dubium
2452 3703 2778 3779 virtuosiS‚
2811 3710 3004 3783 atque
3041 3721 3119 3764 ex
3155 3702 3248 3765 eis
3286 3711 3352 3765 et
3385 3704 3588 3783 gratia
3625 3704 3758 3780 Dei,
3795 3724 3950 3787 prae·

846 3800 1000 3882 quia
1028 3820 1147 3864 nec
1185 3800 1440 3863 auferre
1477 3800 1630 3881 quid
1672 3820 2033 3883 possumus,
2072 3805 2341 3864 Misera·
2453 3803 2669 3867 stolari
2700 3802 2894 3864 vitam
2926 3800 3196 3878 beatam,
3229 3802 3498 3884 ejusque
3525 3805 3943 3887 exspectatio·

846 3902 997 3960 bitis
1018 3919 1288 3978 prorsus
1316 3902 1716 3977 infirmitas!
1746 3904 1880 3969 Quo
1918 3904 2097 3963 modo
2138 3905 2334 3973 venit,
2453 3921 2533 3965 ne
2574 3902 2871 3983 gaudere.

844 3999 939 4057 sic
970 4008 1343 4059 revertetur.
1381 3999 1554 4066 Quid
1592 4017 1739 4074 erqo
1774 4001 2032 4075 prodest
2068 4001 2131 4059 ei
2169 4004 2340 4079 quod
2521 4003 2670 4063 Non
2699 4001 2876 4059 enim
2903 3999 3062 4059 satis
3089 4001 3536 4060 recordabitur
3560 4003 3821 4062 dierum
3851 4005 3943 4062 vi·
4076 4020 4140 4074 19

847 4098 1165 4157 laboravit
1194 4098 1267 4157 in
1300 4106 1584 4167 ventum,
1618 4095 1682 4157 id
1718 4104 1814 4159 est
1845 4097 2121 4160 inaniter
2150 4107 2213 4161 et
2245 4098 2340 4161 in-
2455 4109 2532 4159 toe
2586 4118 2741 4169 suoe,
2805 4096 2870 4158 id
2927 4104 3042 4171 est,
3107 4104 3356 4177 tempus
3415 4096 3564 4160 vitae
3627 4118 3755 4163 suae
3812 4118 3939 4163 non

847 4197 1069 4257 certet
1120 4195 1377 4255 Cunctis
1422 4196 1645 4255 diebus
1691 4197 1842 4256 vz'toe
1886 4217 2019 4257 suoe
2065 4199 2340 4258 comedit
2373 4201 2422 4262 D
2452 4195 2772 4260 videbitur
2827 4193 2949 4256 sibi
3000 4194 3184 4256 valde
3228 4193 3512 4275 longum,
3565 4214 3681 4259 nec
3731 4197 3943 4261 taedio-

847 4295 917 4353 in
963 4294 1233 4353 tenebris
1270 4291 1502 4369 cordis,
1549 4292 1614 4355 id
1656 4301 1751 4355 est.
1792 4292 1860 4355 in
1903 4294 2087 4356 malis
2133 4312 2342 4376 poenae
2452 4314 2617 4372 sum,
2667 4314 2735 4354 eo
2784 4296 2959 4373 quod
3005 4296 3178 4354 Deus
3230 4304 3485 4371 occupet
3529 4298 3788 4357 deliciis
3837 4316 3945 4357 cor

846 4400 911 4454 et
956 4390 1181 4473 culpae,
1232 4402 1293 4452 et
1338 4393 1407 4451 in
1460 4394 1636 4451 curis
1684 4394 1932 4461 multis,
1978 4412 2121 4475 quae
2169 4413 2345 4456 men·
2449 4396 2612 4471 ejus,
2646 4393 2708 4455 id
2750 4402 2866 4471 est,
2900 4391 3094 4454 vitam
3128 4391 3474 4473 jucundam
3515 4394 3574 4456 ei
3613 4396 3938 4473 concedat,

844 4498 974 4552 tem
1015 4487 1323 4569 affligunt
1364 4498 1427 4553 et
1468 4499 1762 4572 pungunt
1807 4498 1875 4552 ut
1917 4492 2139 4573 spinae,
2174 4502 2233 4553 et
2269 4496 2342 4553 in
2452 4493 2799 4555 secundum
2841 4490 3097 4554 modum
3139 4508 3310 4553 nunc
3349 4489 3804 4555 introductum.
3836 4493 3943 4556 His

841 4610 1139 4651 oerumna
1186 4598 1380 4669 atque
1427 4590 1722 4661 tristitia,
1771 4588 1834 4651 id
1882 4597 1977 4652 est
2023 4590 2342 4654 anxietate
2451 4599 2660 4653 autem
2705 4588 2817 4671 qui
2862 4589 2927 4650 in
2971 4587 3221 4651 deliciis
3266 4589 3510 4666 vivunt,
3561 4599 3812 4671 tempus
3853 4593 3945 4656 vi-

844 4695 909 4749 et
948 4705 1241 4752 moerore.
2451 4690 2637 4752 detur
2682 4688 2894 4764 breve,
2938 4686 3232 4768 quamvis
3275 4688 3359 4749 sit
3405 4688 3664 4769 longum
3717 4709 3732 4753 :
3781 4691 3944 4754 sicut

947 4784 1393 4868 Spiritualiter,
1456 4785 1699 4849 divitiae
1755 4795 2217 4850 conservantur
2272 4787 2339 4852 in
2451 4786 2822 4862 econtrario,
2842 4784 2942 4847 his
2972 4785 3085 4866 qui
3115 4786 3470 4862 desolatam,
3492 4788 3758 4864 tristem,
3778 4807 3944 4851 ama-

843 4882 1080 4946 malum
1130 4883 1373 4946 domini
1420 4883 1540 4957 sui,
1574 4883 1726 4945 dum
1770 4883 1917 4964 quis
1959 4884 2034 4946 ad
2088 4893 2340 4969 tempus
2452 4904 2582 4948 ram
2623 4886 2865 4947 ducunt
2907 4882 3128 4960 vitam,
3159 4892 3434 4966 tempuS‚
3469 4887 3761 4967 quamvis
3804 4888 3946 4951 bre-

844 4981 1262 5064 spiritualiter
1300 4981 1530 5045 crescit
1566 4980 1633 5044 in
1683 4982 1949 5045 scientia
1987 4991 2178 5063 atque
2214 4985 2343 5047 vir-
2453 5002 2550 5061 ve,
2585 4983 2837 5047 videtur
2867 4981 3150 5063 longum,
3187 4992 3257 5044 ut
3294 4982 3360 5045 in
3399 4982 3714 5047 damnatis
3753 4988 3947 5049 maxi-

843 5080 1103 5158 tutibus‚
1135 5089 1197 5143 et
1230 5098 1357 5144 non
1388 5087 1751 5162 perseverat
1780 5098 1983 5161 usque
2012 5081 2076 5142 in
2112 5080 2334 5144 finem.
2451 5100 2554 5144 me
2577 5089 2762 5163 patet.
2783 5080 2890 5142 His
2913 5098 3170 5161 quoque
3191 5080 3304 5161 qui
3326 5090 3639 5144 conantur
3660 5084 3946 5164 quotidie

841 5180 973 5243 lmo
1024 5179 1187 5242 bona
1243 5188 1666 5261 cooperantur
1718 5178 1779 5241 ei
1838 5178 1903 5241 in
1961 5179 2226 5255 malum,
2279 5188 2343 5243 et
2450 5179 2652 5242 multa
2679 5177 2978 5260 expedire
3005 5186 3069 5241 et
3097 5195 3304 5258 agere,
3335 5179 3474 5242 dies
3502 5180 3687 5244 valde
3715 5181 3943 5245 breves

840 5276 1073 5340 melius
1102 5277 1165 5341 ei·
1192 5286 1361 5339 esset
1389 5296 1517 5341 non
1552 5277 1925 5358 cognovisse
1954 5277 2124 5343 viam
2155 5278 2341 5359 justi·
2449 5285 2780 5361 apparent,
2813 5276 2966 5358 quia
3006 5293 3133 5339 non
3170 5276 3386 5341 valent
3423 5278 3791 5343 satisfacere
3826 5299 3942 5345 suo
