4284 6267
643 1661 710 1717 15

640 2754 708 2809 ¹6

631 4916 699 4971 1¹¹1

848 474 967 541 ²24
1594 492 1947 541 mannum
1988 490 2053 538 m
2094 490 2232 539 car.
2279 489 2325 537 11
2365 488 2802 538 nccmsusm.
2847 510 2928 521 —-·
2967 492 3108 539 aar.
3153 493 3198 539 n

843 662 1054 729 sciunt
1088 663 1199 727 ubi
1237 671 1565 728 corruunt.
1600 666 1683 727 Ec
1720 664 1933 725 didici
1969 666 2142 745 quod
2170 682 2342 725 unus
2372 661 2424 726 A
2455 661 2538 725 sit
2561 663 2929 745 appetibilis
2959 682 3073 747 per
3101 683 3182 738 se,
3203 672 3411 729 tamen
3445 672 3704 746 propter
3731 664 3942 729 adver·

838 765 1183 843 utriusque
1211 774 1363 825 esset
1403 765 1729 825 interitus.
1773 761 1978 836 Quum
2007 760 2338 845 praefatam
2453 762 2668 827 sitates
2699 772 2764 827 et
2791 763 3138 847 pravitates
3174 782 3450 827 annexas
3481 770 3688 846 potest
3723 763 3794 826 in
3834 771 3941 825 ta>-

838 861 1167 942 sapientiae
1194 861 1610 925 eminentiam
1635 860 2047 936 consideravi,
2064 860 2343 924 occurrit
2451 860 2628 923 dium
2661 863 2846 925 verti.
2870 862 3131 944 Propter
3160 864 3330 944 quod
3361 862 3522 925 dixit
3549 862 3716 924 Elias
3751 879 3767 923 ε
3799 859 3939 924 Sus·
3967 879 4220 935 uincam.

836 959 996 1023 mihi
1038 961 1208 1043 quod
1252 960 1476 1024 eodem
1520 961 1710 1024 modo
1756 960 1919 1023 mori
1958 968 2021 1023 et
2058 958 2341 1023 deficere
2451 956 2594 1021 ficit
2631 959 2813 1035 mihi,
2846 959 3144 1041 Domine3
3175 959 3327 1024 tolle
3361 960 3634 1041 (quaeso)
3658 958 3936 1022 animam
3965 946 4008 987 ⁴·

838 1058 1090 1123 videtur
1132 1058 1386 1142 sapiens
1429 1067 1621 1141 atque
1666 1058 1978 1141 insipiens
2013 1075 2027 1119 :
2072 1058 2227 1139 quia
2272 1057 2338 1119 in
2451 1076 2679 1121 meam.
2711 1058 2830 1122 Job
2869 1078 3129 1141 quoque
3165 1076 3178 1121 :
3214 1058 3428 1124 Solvat
3469 1059 3634 1122 Deus
3677 1077 3936 1121 manum
3996 1085 4202 1137 mmo,

834 1166 1039 1221 morte
1068 1158 1376 1240 sapientis
1407 1177 1535 1221 non
1567 1158 1818 1222 videtur
1844 1156 2108 1239 spiritus
2142 1175 2341 1220 rema·
2449 1175 2651 1232 suam,
2697 1166 2762 1221 et
2802 1157 3086 1220 succidat
3126 1177 3251 1221 me.
3299 1158 3506 1239 Atque
3545 1156 3883 1239 Apostolus
3916 1174 3932 1219 ε

834 1272 992 1318 nens
1025 1255 1251 1337 magis,
1275 1275 1467 1338 quam
1499 1256 1567 1317 in
1598 1264 1805 1318 morte
1836 1254 2241 1337 insipientis3
2273 1261 2338 1317 et
2449 1255 2652 1337 Supra
2693 1256 2975 1332 modum,
3025 1254 3136 1332 ait,
3186 1256 3432 1336 gravati
3479 1275 3701 1319 sumus
3747 1274 3938 1338 supra
3981 1273 4218 1323 uem-...a

837 1353 1155 1418 interdum
1211 1355 1434 1418 eodem
1482 1353 1927 1438 periclitantur
1972 1351 2330 1433 naufragio,
2446 1354 2773 1432 virtutem,
2808 1354 2898 1417 ita
2935 1363 3006 1417 ut
3034 1354 3293 1419 taederet
3331 1373 3446 1418 nos
3477 1356 3670 1418 etiam
3699 1353 3933 1419 vivere.

832 1452 1057 1516 eodem
1090 1453 1508 1518 involvuntur
1546 1452 1863 1530 incendic,
1898 1459 2009 1515 aut
2043 1469 2171 1515 uno
2203 1451 2336 1532 gla-
2447 1456 2532 1516 Et
2562 1463 2792 1514 cuncta
2825 1455 3180 1516 vanitatem
3211 1463 3270 1515 ei
3298 1455 3711 1531 afflictionem
3747 1454 3939 1531 spiri·

834 1551 942 1615 dio
975 1551 1313 1615 feriuntur.
2450 1562 2574 1621 tus,
2607 1552 2674 1614 id
2718 1560 2815 1615 est
2855 1551 3072 1633 aliquo
3117 1553 3303 1615 modo
3345 1550 3666 1616 afflictiva
3704 1551 3934 1628 cordiS,

918 1652 1000 1713 Et
1026 1652 1179 1711 dixi
1206 1652 1279 1710 in
1308 1653 1496 1711 corde
1522 1669 1679 1722 meo,
1715 1648 1779 1713 in
1820 1667 2091 1732 persona
2129 1648 2335 1711 homi·
2445 1651 2623 1731 juxta
2650 1650 3111 1733 expositionem
3142 1650 3490 1714 inductam.
3523 1650 3700 1713 Unde
3737 1651 3940 1715 oravit

837 1749 936 1810 nis
982 1748 1264 1832 imperiti
1307 1749 1580 1813 carnalis
1616 1766 1630 1810 :
1670 1750 1747 1810 Si
1774 1770 1947 1810 unus
1974 1758 2033 1809 et
2060 1750 2251 1809 stulti
2273 1758 2332 1809 et
2445 1748 2775 1812 Psalmista
2823 1767 2837 1811 :
2883 1749 3058 1813 Educ
3108 1749 3188 1813 de
3245 1748 3554 1823 custodia,
3607 1750 3672 1811 id
3719 1757 3816 1812 est
3861 1751 3938 1813 de
3978 1773 4214 1823 1³..cm‚a.

834 1869 1033 1921 meus,
1062 1848 1172 1930 qui
1214 1848 1468 1930 sapiens
1509 1867 1673 1925 sum,
1706 1868 1987 1917 occasus,
2020 1846 2084 1908 id
2112 1855 2210 1909 est
2239 1846 2333 1908 in·
2369 1851 2414 1912 B
2442 1866 2716 1924 carcere,
2772 1847 3049 1910 animam
3092 1866 3322 1923 meam,
3367 1848 3446 1910 ad
3495 1845 3932 1911 confitendum

832 1949 1079 2025 terituS,
1114 1966 1225 2011 seu
1256 1946 1431 2024 finis,
1455 1950 1580 2007 erit
1610 1949 1825 2027 :quid
1854 1948 2023 2007 milii
2043 1949 2331 2023 prodest,
2443 1946 2689 2010 nomini
2729 1955 2870 2027 tuo;
2901 1954 2964 2009 et
3001 1944 3252 2023 Paulus,
3289 1944 3517 2033 Infelix
3556 1963 3672 2026 ego
3709 1946 3931 2009 bomo!
3965 1964 4216 2013 flammat.

831 2048 1008 2125 quod
1063 2048 1373 2123 majorem
1433 2048 1769 2123 sapienciae
1831 2046 1984 2105 dedi
2046 2064 2329 2121 operam,
2441 2044 2587 2127 quis
2636 2064 2738 2110 me
2781 2044 3087 2109 liberabit
3127 2044 3206 2107 de
3254 2062 3520 2127 corpore
3565 2044 3786 2107 mortis
3829 2044 3940 2106 hu-

832 2161 1023 2225 quam
1055 2143 1323 2207 stultus?
1349 2162 1550 2225 quum
1582 2151 1805 2206 neuter
1835 2150 2121 2205 nostrum
2155 2141 2333 2205 habi·
2440 2142 2579 2224 jus?
2611 2144 2770 2208 Hinc
2810 2142 2970 2206 dixit
3011 2150 3077 2206 et
3116 2143 3305 2207 Jonas
3339 2159 3353 2205 :
3387 2141 3606 2205 Melius
3645 2151 3739 2205 est
3777 2141 3935 2205 mibi
3978 2161 4213 2211 lov-wa.

830 2250 1011 2307 turus
1040 2241 1124 2303 sit
1154 2240 1487 2323 praemium
1517 2247 1658 2322 post
1689 2239 1852 2302 hanc
1882 2238 2095 2315 vitam,
2116 2239 2332 2302 anima
2442 2242 2626 2319 mori,
2660 2261 2853 2324 quam
2889 2242 3128 2307 vivere.

830 2340 1171 2403 exsistente
1218 2338 1495 2413 mortali,
1544 2346 1614 2401 ut
1657 2336 1973 2401 aestimant
2020 2336 2325 2421 imperiti.
2537 2338 3012 2421 Consequenter
3070 2338 3251 2421 ponit
3312 2356 3512 2402 unum
3573 2338 3937 2403 miserabile

831 2442 1233 2519 Locutusque
1274 2458 1423 2498 cum
1465 2446 1675 2497 mente
1713 2456 1882 2507 mea,
1914 2436 1977 2499 id
2022 2445 2115 2499 est
2163 2435 2332 2498 intra
2441 2438 2702 2513 malum,
2735 2438 2906 2520 quod
2937 2436 3156 2500 multis
3193 2436 3509 2517 contingit
3537 2437 3928 2518 parentibus

834 2556 937 2601 me
970 2535 1330 2610 conferenS,
1363 2536 1803 2597 animadverti
1832 2538 2003 2613 quod
2038 2538 2155 2596 lwc
2181 2555 2333 2615 quo-
2442 2542 2695 2600 Rursus
2739 2541 3082 2599 detestatus
3129 2558 3297 2604 sum,
3350 2536 3413 2598 id
3469 2544 3587 2609 est,
3639 2536 3936 2599 miseram
4067 2539 4132 2595 18

833 2656 981 2717 que,
1026 2634 1273 2698 scilicet
1315 2634 1402 2697 ita
1444 2633 1703 2707 sentire,
1748 2644 1901 2694 essee
1944 2636 2226 2703 vanitas,
2267 2633 2334 2695 id
2443 2636 2756 2718 reputavi,
2788 2656 3040 2697 omnem
3087 2638 3512 2705 industriam,
3547 2636 3609 2698 id
3653 2644 3749 2699 est
3791 2655 3941 2718 pru-

835 2743 931 2798 est
967 2733 1283 2815 pessimus
1323 2750 1521 2796 error.
1558 2734 1705 2795 Non
1734 2734 1911 2793 enim
1948 2734 2073 2793 eric
2102 2753 2334 2793 memo-
2443 2734 2726 2797 dentiam
2759 2754 2992 2802 meam,
3010 2752 3201 2816 quam
3235 2733 3430 2797 habui
3463 2734 3531 2796 in
3561 2751 3941 2814 congregan-

834 2835 941 2895 ria
978 2834 1291 2911 sapientis
1325 2832 1633 2892 similiter
1672 2840 1746 2891 ui
1782 2832 1969 2891 stulti
2002 2832 2075 2890 in
2107 2850 2334 2909 perpe-
2443 2833 2525 2897 do
2564 2851 2717 2915 opes
2764 2841 3070 2910 terrenas,
3115 2854 3248 2912 qua
3285 2833 3416 2912 sub]
3443 2837 3571 2893 sole
3613 2834 3940 2894 studiosis-

838 2942 1024 2993 tuum
1057 2929 1175 2992 :id
1222 2937 1341 3007 est,
1382 2929 1634 2992 diversa
1680 2927 1803 2991 erit
1857 2930 2207 2992 recordatio
2255 2930 2334 2992 de
2443 2935 2602 2994 sime
2656 2933 2952 2993 laboravi
3014 2948 3132 3013 pro
3195 2930 3602 3013 acquirendis
3670 2929 3932 3009 divitiis,

835 3027 1167 3104 ambobu8‚
1194 3046 1321 3091 non
1350 3026 1721 3104 conformiS,
1741 3027 2043 3108 quoniam
2076 3028 2331 3110 sapiens
2368 3032 2411 3096 C
2443 3032 2788 3092 habiturus
2809 3032 3103 3090 heredem
3115 3039 3258 3107 post
3283 3050 3398 3097 me,
3411 3050 3598 3109 quem
3617 3032 3859 3107 imici-0,
3873 3028 3936 3091 id
4076 3033 4138 3088 ¹9

588 3168 617 3197 a
652 3168 733 3207 ‚m
778 3186 788 3197 ,
837 3128 900 3190 in
932 3126 1267 3209 refrigerio
1295 3134 1359 3189 et
1390 3125 1785 3190 beatitudine
1824 3126 1967 3201 erit,
2001 3126 2233 3189 stultus
2263 3126 2331 3188 in
2444 3138 2560 3206 est,
2597 3131 2676 3193 de
2703 3147 2832 3211 quo
2861 3129 3099 3207 nescio,
3133 3139 3358 3191 utrum
3387 3131 3646 3207 sapiens
3672 3150 3760 3190 an
3787 3132 3940 3191 stul-

831 3226 1236 3289 damnatione
1265 3234 1521 3289 aeterna.
1555 3224 1771 3306 Aliqui
1814 3244 1965 3290 vero
2002 3231 2331 3308 exponunt
2445 3239 2545 3291 tus
2577 3230 2850 3307 futurus
2885 3230 2992 3299 sit,
3025 3227 3090 3290 id
3133 3235 3249 3305 est,
3292 3228 3461 3309 quod
3505 3226 3732 3291 horum
3780 3228 3938 3291 duo-

832 3325 923 3388 sic
956 3342 969 3387 :
1004 3324 1438 3389 Animadverti
1479 3324 1648 3405 quod
1689 3324 1811 3387 hoc
1838 3342 2122 3406 quoque,
2157 3322 2334 3387 scili·
2445 3346 2586 3390 rum
2632 3326 2690 3389 ei
2737 3326 3108 3406 conveniet3
3137 3336 3198 3388 et
3237 3327 3689 3388 dominabitur
3732 3329 3806 3388 in
3853 3332 3941 3387 la-

831 3432 932 3488 cet
962 3423 1269 3505 majorem
1300 3421 1629 3506 sapientiae
1669 3440 1927 3505 operam
1958 3423 2130 3500 dare,
2165 3430 2334 3486 esset
2443 3428 2700 3489 boribus
2751 3427 2933 3496 meis,
2964 3428 3200 3504 quibus
3243 3426 3482 3487 sudavi
3525 3434 3584 3485 ec
3628 3426 3941 3487 sollicitus

833 3522 1079 3587 vanitas
1133 3539 1147 3584 ε
1200 3521 1519 3604 loquendo
1578 3521 1645 3584 in
1702 3539 1972 3605 persona
2028 3521 2330 3585 carnalis·
2439 3526 2578 3603 fui,
2612 3523 2676 3587 id
2708 3532 2804 3588 est
2836 3523 2900 3585 in
2939 3522 3184 3587 divitiis
3212 3522 3392 3600 meiS‚
3427 3542 3465 3586 a
3491 3541 3594 3586 me
3623 3522 3938 3586 laboriose

830 3622 964 3685 Non
992 3620 1163 3685 enim
1198 3620 1318 3683 crit
1354 3620 1663 3684 memoria
1693 3620 2000 3703 sapientis
2032 3620 2330 3682 similiter
2439 3621 2711 3704 adeptiS.
2761 3625 2847 3683 Et
2895 3632 2986 3683 est
3039 3623 3400 3702 quidquam
3460 3631 3592 3683 cam
3651 3623 3938 3683 vanum?

828 3728 898 3783 ut
926 3718 1105 3783 stulti
1140 3736 1155 3781 :
1190 3719 1252 3782 id
1284 3727 1399 3796 est,
1424 3719 1756 3783 amborum
1788 3718 2100 3782 memoria
2130 3717 2328 3780 simili
2440 3721 2624 3803 quasi
2663 3720 2834 3784 dicat
2868 3737 2882 3783 :
2913 3720 3084 3782 Istud
3113 3720 3222 3800 {est
3259 3718 3442 3784 valde
3465 3719 3676 3789 xinane
3719 3739 3794 3783 ac
3831 3720 3938 3783 do-

830 3820 1021 3883 modo
1049 3817 1307 3901 peribit.
1345 3819 1683 3895 Etfucura
1706 3826 1987 3895 tempora
2010 3819 2332 3878 oblivione
2441 3820 2747 3883 lorosum.
2797 3819 2966 3882 Istud
3011 3836 3267 3900 quoque
3308 3818 3540 3882 accidit
3587 3818 3931 3895 Salomoni,

829 3928 1061 3979 cuncta
1107 3920 1360 3995 pariter
1405 3918 1746 3993 operient:
1778 3915 1839 3977 id
1892 3923 2007 3989 est,
2064 3916 2326 3978 tandem
2439 3918 2624 4000 cujus
2657 3935 2984 3982 successor
3022 3925 3085 3981 et
3115 3916 3298 3980 heres
3336 3916 3636 3992 Roboam,
3672 3916 3846 3979 rudis
3874 3924 3936 3979 et
3961 3938 4209 3993 mamm.

830 4016 897 4078 in
938 4015 1176 4078 suturis
1214 4012 1607 4096 temporibus
1650 4012 1961 4076 oblivioni
1996 4013 2329 4077 tradentur
2441 4017 2673 4080 stultus
2716 4015 2861 4094 fuit,
2909 4025 2974 4079 et
3020 4035 3058 4078 a
3099 4033 3244 4096 rege
3289 4015 3540 4098 AEgypti
3593 4034 3710 4098 pro
3759 4024 3936 4097 parte
3963 4002 4188 4053 ²¹·²⁵·²⁶·

828 4122 1057 4177 cuncta
1096 4132 1237 4195 quae
1270 4112 1527 4176 interim
1567 4110 1757 4189 fiunt,
1792 4112 1879 4174 ita
1919 4113 2092 4195 quod
2134 4119 2327 4176 erunt
2437 4118 2922 4199 depauperatuS,
2959 4122 3030 4177 ut
3055 4113 3287 4195 legitur
3319 4114 3504 4177 tertio
3533 4113 3804 4195 Regum.

830 4212 996 4277 sicut
1024 4231 1170 4294 quae
1210 4211 1277 4275 in
1318 4211 1599 4274 tenebris
1636 4210 1891 4293 penitus
1931 4211 2156 4275 latent.
2197 4215 2329 4274 Mo·
2356 4212 2406 4274 D
2533 4218 2714 4278 Unde
2741 4215 2982 4275 cessavi
3009 4232 3046 4275 a
3076 4212 3182 4276 tali
3213 4212 3582 4277 divitiarum
3617 4210 3938 4276 collectio-
4057 4226 4126 4281 20

828 4315 1005 4374 ritur
1043 4314 1264 4373 doctus
1310 4311 1617 4371 similiter
1661 4318 1733 4370 ut
1781 4311 2099 4374 indoctus,
2144 4310 2324 4386 Nam,
2441 4332 2542 4389 ne,
2577 4314 3108 4392 renuntiavitque
3148 4331 3255 4372 cor
3299 4332 3510 4373 meum
3547 4314 3723 4373 ultra
3766 4312 3935 4371 labo-

828 4418 1139 4493 quantum
1167 4409 1247 4472 ad
1276 4427 1529 4490 corpus,
1565 4426 1695 4471 non
1733 4407 1987 4471 videtur
2013 4407 2329 4472 differen-
2439 4432 2590 4474 rare
2615 4412 2730 4472 sub
2757 4414 2884 4471 sole
2920 4428 3037 4491 pro
3073 4408 3304 4491 opibus
3339 4408 3826 4489 congregandiS,
3861 4425 3936 4471 eo

830 4510 917 4573 tia
946 4508 1191 4585 mortiS,
1226 4526 1339 4570 nec
1377 4506 1609 4569 animae
1640 4515 1813 4588 patet
1842 4524 2157 4587 egressuS.
2193 4507 2325 4570 imo
2437 4511 2612 4593 quod
2663 4508 2790 4572 filii
2848 4516 3182 4591 parentum
3247 4506 3460 4570 taliter
3507 4506 3941 4571 thesaurizan-

826 4606 1167 4689 sapienteS,
1191 4605 1361 4669 docti
1390 4612 1455 4668 et
1480 4604 1658 4686 justi,
1684 4604 2005 4669 interdum
2038 4604 2322 4669 violenta
2440 4610 2598 4672 tium
2629 4616 2691 4671 et
2719 4606 3260 4688 congregantium,
3295 4606 3460 4669 bona
3491 4625 3526 4669 a
3557 4604 3937 4688 parentibus

824 4714 1025 4770 morte
1066 4705 1381 4769 decedunt
1428 4711 1492 4767 et
1533 4702 1927 4767 horribilior-i
1978 4723 2172 4785 quam
2224 4704 2325 4767 in·
2439 4715 2840 4790 congregata,
2873 4706 3040 4769 male
3078 4712 3484 4782 consumunt,
3529 4704 3684 4787 quia
3729 4703 3936 4767 facili-

826 4804 995 4869 docti
1026 4812 1088 4867 et
1119 4802 1358 4869 vitiosi.
2437 4815 2532 4869 ter
2561 4805 2640 4868 ad
2671 4823 2896 4867 manus
2925 4823 3072 4867 suas
3099 4803 3460 4879 deveniunt,
3479 4812 3669 4885 prout
3692 4802 3936 4866 dictum

908 4906 991 4965 E't
1020 4904 1263 4965 idcirco
1294 4904 1521 4964 toeduit
1550 4922 1647 4963 me
1677 4902 1828 4963 vitae
1858 4922 2036 4974 meoe,
2066 4910 2329 4985 propter
2435 4910 2534 4968 est
2589 4902 2841 4985 plenius
2899 4920 3090 4983 super
3147 4900 3305 4964 illud
3361 4899 3840 4964 Proverbiorum
3915 4918 3931 4963 :

826 5009 918 5065 tot
952 5000 1121 5064 mala
1158 5000 1305 5065 vitae
1342 4999 1491 5063 huic
1528 5017 1773 5063 annexa
1806 5016 1821 5061 ε
1858 5018 1980 5076 me,
2026 5000 2321 5081 inquam,
2437 5000 2801 5066 Substantia
2833 4999 3129 5064 festinata
3159 4998 3513 5079 minuetur3
3545 5018 3690 5080 quae
3717 5007 3934 5063 autem
3987 5019 4204 5063 emm,

825 5101 1147 5161 videntem
1169 5102 1341 5159 mala
1365 5099 1671 5159 universa
1691 5117 1817 5158 esse
1834 5099 1950 5159 sub
1977 5102 2120 5169 sole,
2136 5098 2202 5160 id
2231 5107 2328 5161 est
2436 5098 2742 5183 paulatim
2771 5098 3094 5179 colligitur
3121 5117 3336 5175 manu,
3371 5096 3930 5179 multiplicabitur.
3963 5086 4028 5126 ¹¹·

825 5216 988 5262 vana
1021 5205 1213 5278 atque
1249 5194 1494 5278 aliquid
1533 5195 1685 5258 mali
1730 5212 1934 5279 poenae
1976 5196 2079 5259 vel
2116 5196 2324 5279 culpae
2437 5200 2612 5263 Nam
2641 5218 2844 5278 quum
2879 5200 3077 5267 alius,
3109 5196 3174 5260 id
3210 5205 3308 5260 est
3344 5196 3503 5259 alter
3539 5195 3796 5277 aliquis,
3840 5198 3934 5257 la-
4051 5202 4114 5256 2¹

824 5295 1175 5361 admixtum
1219 5293 1541 5358 habentia.
1590 5292 1891 5369 Quamvis
1947 5294 2121 5358 enim
2183 5295 2316 5360 vita
2437 5299 2607 5359 boret
2644 5298 2714 5359 in
2751 5298 3076 5375 sapientia
3110 5305 3169 5357 et
3209 5297 3532 5367 doctrina,
3562 5301 3632 5357 ut
3675 5292 3928 5358 scilicet
