4284 6267
1062 519 1415 568 mannum
1457 519 1521 568 m
1562 522 1702 569 car.
1748 523 1789 568 x
1830 523 2316 574 rnovnnmonma.
2356 547 2447 558 -—
2486 529 2629 576 aar.
2673 527 2716 576 x
3353 509 3434 574 67

314 683 641 750 diffundit
668 690 831 753 Deus
858 700 1051 774 atque
1072 693 1459 776 multiplicat
1486 696 1833 775 gratiarum
1862 694 1915 757 A
1945 705 2040 759 ter
2061 697 2187 761 Deo
2217 698 2606 776 vixerunt‚et
2634 718 2708 763 ea
2739 719 2880 782 quae
2908 700 3238 764 evidenter
3266 699 3432 764 bona

82 798 197 846 rm.
223 799 261 840 ε.
315 802 585 849 suarum
614 788 1023 854 charismata.
1045 793 1261 855 Justus
1290 793 1463 857 enim
1497 795 1827 874 DominuS,

314 890 385 943 et
429 883 715 965 Justitias
763 888 977 970 diligit
1026 909 1039 955 :
1098 890 1240 955 ideo
1286 892 1475 974 justis
1528 901 1826 975 tanquam

314 981 546 1046 amicis
571 993 636 1047 et
666 1005 783 1067 pro
806 987 1029 1052 divino
1058 989 1301 1054 honore
1330 990 1831 1066 zelantibus,dat

318 1080 575 1162 copiam
600 1084 1035 1167 spiritualium
1066 1107 1429 1167 munerum,
1446 1091 1831 1172 quandoque

321 1179 515 1243 etiam
549 1184 1005 1265 temporalium
1046 1205 1279 1250 rerum.
1320 1188 1475 1251 Hinc
1514 1189 1824 1271 scriptum

66 1288 292 1366 jobum.
324 1286 419 1340 est
459 1299 475 1343 ε
520 1280 660 1343 Non
710 1281 925 1346 aufert
967 1304 1004 1347 a
1043 1286 1219 1368 justo
1265 1287 1485 1351 oculos
1532 1307 1703 1350 suOS.
1750 1293 1829 1351 Os

72 1373 99 1392 ‘'
322 1387 543 1440 autem
574 1381 933 1458 impiorum
962 1387 1169 1462 operit
1193 1386 1527 1466 iniquitas.
1552 1386 1703 1449 Nam
1739 1393 1828 1450 tot

322 1483 384 1538 et
414 1484 593 1539 tanta
616 1488 878 1560 peccata
908 1499 1017 1544 ore
1045 1501 1162 1546 suo
1192 1483 1620 1560 committunt,
1656 1486 1827 1567 quod

322 1576 601 1656 propriis
634 1576 1085 1659 iniquitatibus
1116 1600 1186 1645 os
1217 1600 1436 1645 eorum
1469 1583 1705 1665 operiri
1734 1603 1829 1646 as-

321 1672 577 1736 seritur.
632 1675 976 1758 Inquinant
1034 1679 1208 1742 enim
1268 1699 1379 1744 ora
1436 1700 1570 1756 sua,
1632 1681 1827 1746 verba

318 1771 641 1850 scurrilia,
676 1777 1003 1853 mendosa,
1029 1779 1429 1856 detractoria,
1470 1780 1821 1862 pungitiva,

1942 805 2090 857 sunt
2118 797 2460 878 elegerunt,
2479 798 2912 880 relinquentes
2942 798 3211 863 dubiosa
3239 808 3304 862 et
3332 817 3435 881 pe-

1942 893 2237 972 riculosa,
2275 895 2341 957 in
2372 897 2608 978 quibus
2645 905 2850 978 potest
2878 916 3017 960 esse
3049 897 3428 977 discrimen3

1939 999 2003 1052 et
2042 993 2156 1073 qui
2195 993 2260 1055 in
2300 993 2476 1057 omni
2516 995 2996 1058 conversatione
3037 1015 3152 1058 sua
3188 995 3433 1060 colum-

1938 1087 2156 1152 binam
2188 1099 2362 1154 tenet
2390 1092 2888 1174 simplicitatem,
2923 1093 3132 1158 vitans
3171 1112 3431 1157 omnem

1938 1188 2401 1270 duplicitatem,
2451 1191 2947 1270 simulationem,
3001 1192 3429 1275 hypocrisim3

1936 1289 2230 1349 ambulat
2259 1292 2674 1366 confidenter,
2707 1289 2771 1351 id
2812 1297 2909 1352 est
2947 1309 3190 1368 secure,
3221 1292 3432 1356 vitans

1939 1383 2469 1465 singularitatem,
2501 1396 2564 1448 et
2595 1405 2868 1469 sequens
2899 1405 3304 1452 communem
3334 1390 3436 1470 ju-

1938 1491 2182 1546 storum
2231 1484 2424 1546 viam.
2463 1485 2913 1548 Verumtamen
2963 1485 3238 1567 Spiritus
3287 1485 3436 1549 San-

1937 1589 2076 1644 ctus
2108 1583 2303 1646 variis
2343 1583 2550 1647 modis
2581 1583 2646 1646 in
2686 1583 2818 1646 suis
2853 1592 3152 1666 operatur
3187 1585 3430 1663 electis,

1936 1698 2053 1743 nec
2106 1683 2310 1762 gratia
2360 1682 2499 1764 ejus
2550 1682 2834 1762 generali
2887 1683 3290 1764 restringitur
3339 1703 3435 1747 re-

1933 1779 2103 1859 gula.
2157 1783 2286 1850 Qui
2331 1791 2549 1842 autem
2595 1784 2909 1858 depravat
2960 1783 3102 1842 vias
3141 1803 3316 1854 suas,
3367 1783 3432 1844 id

318 1869 725 1950 injuriatoria
759 1874 1182 1957 proferend03
1216 1878 1369 1941 item
1402 1897 1513 1960 per
1544 1879 1827 1942 testimo-
1860 1879 1907 1941 B
1934 1885 2051 1956 est,
2102 1880 2384 1942 actiones
2435 1899 2581 1942 suas
2631 1897 2760 1941 non
2812 1879 3029 1959 dirigit
3080 1881 3432 1943 secundum

321 1968 423 2030 nia
466 1968 656 2048 falsa,
692 1991 807 2054 per
849 1975 1343 2040 comessationes
1390 1985 1453 2040 et
1490 1985 1677 2061 potus
1716 1997 1825 2040 su-

318 2065 633 2148 perfluoS.
687 2070 981 2150 Econtra,
1034 2074 1201 2136 sicut
1254 2084 1511 2139 sanctus
1566 2076 1665 2138 vir
1720 2075 1826 2138 ab·

322 2165 429 2228 bas
462 2163 701 2230 Pambo
724 2171 1017 2246 asseruit,
1045 2191 1157 2236 ora
1184 2176 1644 2238 monachorum
1675 2182 1827 2237 sunt

322 2274 541 2328 sancta
579 2284 697 2348 per
738 2268 1210 2335 observantiam
1254 2273 1513 2336 discreti
1558 2273 1819 2351 silentii,

324 2373 385 2426 et
423 2365 649 2446 jugem
694 2368 1189 2434 collocutionem
1232 2391 1379 2435 cum
1428 2374 1577 2450 Deo,
1629 2391 1821 2455 quem

326 2465 589 2540 orando,
615 2465 959 2546 laudand0,
983 2470 1337 2552 psallendo,
1361 2473 1615 2536 assidue
1643 2491 1828 2536 occu-

330 2574 583 2646 pantur.

166 2665 197 2719 7
406 2669 727 2728 Memoria
764 2668 945 2744 justi
989 2688 1137 2729 cum
1186 2671 1490 2730 laudibus
1528 2691 1551 2730 .·
1591 2669 1655 2731 id
1706 2677 1821 2746 est,

328 2763 642 2841 homines,
661 2765 1053 2829 recordando
1080 2765 1285 2847 justos
1310 2767 1493 2830 vivos
1522 2785 1635 2830 seu
1666 2787 1828 2830 mor-

329 2870 489 2940 tuoS,
522 2863 789 2927 laudant
819 2882 950 2940 θος,
984 2873 1045 2928 et
1075 2865 1313 2929 habent
1340 2883 1559 2928 eorum
1592 2885 1825 2929 nomen

324 2960 705 3044 honestum3
735 2973 795 3024 ec
836 2984 1065 3024 nomen
1104 2965 1457 3041 impiorum
1484 2975 1823 3043 putrescet,

1933 1974 2137 2056 legem
2182 1977 2446 2057 justitiae
2484 1997 2558 2040 ac
2597 1977 2819 2040 divina
2859 1987 3192 2060 praecepta,
3227 1982 3434 2040 mam·-

1932 2077 2131 2154 festus
2149 2075 2670 2157 eric.Aliquando
2707 2076 2881 2138 enim
2915 2075 2978 2137 in
3010 2075 3308 2158 praesenti
3339 2076 3435 2139 in-

1935 2173 2129 2236 terior
2156 2174 2297 2256 ejus
2327 2173 2586 2250 malitia,
2608 2193 2722 2256 per
2752 2173 3130 2237 exteriorem
3163 2173 3433 2237 manife-

1936 2281 2137 2335 statur
2166 2271 2494 2336 effectum.
2527 2273 2716 2336 Porro
2747 2273 2812 2335 in
2843 2272 3086 2354 judicio
3116 2273 3277 2355 ejuS,
3305 2282 3429 2336 tam

1933 2371 2300 2452 particulari
2341 2390 2532 2453 quam
2578 2371 2882 2452 generali,
2921 2371 3124 2434 Judex
3152 2371 3429 2434 coelestis

1933 2469 2277 2532 declarabit
2323 2469 2480 2533 vitia
2523 2469 2688 2552 ejus.
2725 2469 2902 2532 Unde
2949 2470 3042 2532 ait
3089 2469 3374 2534 Salvator
3409 2491 3423 2535 ε

1934 2566 2102 2630 Nihil
2163 2569 2485 2631 occultum
2542 2569 2712 2650 quod
2773 2585 2900 2630 non
2959 2567 3425 2632 manifestetur.
3500 2592 3612 2636 Luc.
3635 2607 3720 2644 vm.

1934 2666 2274 2749 Apostolus
2318 2685 2572 2748 quoque
2608 2684 2622 2728 :
2664 2667 2849 2744 DeuS‚
2904 2667 3139 2749 inquit,
3191 2668 3431 2732 revela·
3459 2657 3526 2761 ἔξ

1935 2765 2028 2828 bit
2056 2766 2426 2829 abscondita
2455 2765 2879 2842 tenebrarum,
2903 2773 2966 2828 et
2995 2765 3433 2830 manifestabit

1934 2865 2204 2927 consilia
2237 2864 2553 2928 cordium.

2017 2966 2147 3034 Qui
2164 2965 2405 3026 annuit
2426 2968 2624 3034 oculo,
2644 2963 2708 3027 id
2739 2971 2858 3040 est,
2885 2963 3066 3044 signa
3097 2963 3430 3046 impudici·
3558 2975 3626 3031 10

3527 2730 3595 2760 or.
3608 2731 3662 2769 tv,
3677 2721 3718 2761 ⁵.

324 3061 387 3123 id
430 3070 551 3139 est,
603 3061 775 3124 fama
816 3071 878 3126 et
924 3061 1233 3126 memoria
1280 3063 1650 3144 iniquorum
1694 3084 1826 3129 sor·
1859 3065 1905 3130 C
1937 3063 2039 3127 tiae
2069 3083 2181 3146 per
2211 3065 2382 3129 viam
2411 3065 2824 3139 demonstrat,
2852 3071 2960 3126 aut
2990 3062 3250 3126 nutibus
3282 3084 3430 3129 ocu-

324 3161 594 3224 deseunt
634 3170 701 3223 et
736 3169 1027 3243 pereunt,
1062 3170 1126 3224 et
1164 3161 1668 3243 vituperationes
1716 3164 1826 3226 ha-

326 3257 479 3322 bent
505 3278 811 3336 annean,
833 3258 1183 3342 praesertim
1216 3260 1384 3341 apud
1415 3261 1734 3342 sapientes
1764 3270 1826 3326 ot

327 3358 669 3422 virtuosos.
721 3357 937 3441 Aliqui
986 3377 1138 3423 vero
1188 3367 1337 3420 sunt
1386 3359 1474 3422 ita
1530 3362 1821 3444 corrupti

328 3456 753 3538 mente‚quod
785 3456 1018 3538 impios
1048 3457 1321 3531 laudant,
1338 3465 1403 3520 et
1429 3457 1633 3538 justos
1664 3458 1826 3522 vitu-

118 3567 187 3611 Ρ..
206 3583 240 3620 1,
262 3571 301 3620 3,
330 3564 577 3637 perant,
608 3555 789 3637 juxta
820 3554 981 3617 illud
1018 3554 1247 3617 Psalmi
1284 3572 1299 3616 ε
1334 3555 1653 3618 Laudatur
1682 3576 1827 3639 pec-

78 3631 277 3675 n‘u‘b*
330 3663 501 3719 cator
532 3654 601 3716 in
642 3653 977 3717 desideriis
1011 3653 1240 3717 animae
1277 3673 1429 3724 suae,
1464 3663 1528 3717 et
1563 3654 1825 3738 iniquus

332 3753 751 3818 benedicitur.
785 3752 905 3815 Sed
936 3752 1017 3814 de
1048 3750 1271 3814 talium
1298 3752 1541 3834 judicio
1572 3773 1699 3818 non
1729 3765 1826 3819 est

82 3863 301 3944 pnsum.
330 3852 707 3914 curandum.
758 3849 913 3913 Hinc
958 3848 1269 3932 scriptum
1316 3859 1413 3913 est
1459 3869 1473 3914 ε
1522 3853 1823 3916 Nomina*

158 3927 274 3971 Μ
328 3969 543 4012 eorum
578 3949 801 4012 vivent
830 3948 898 4009 in
928 3947 1232 4011 saeculum
1264 3950 1516 4030 saeeuli3
1550 3960 1612 4012 et
1642 3952 1819 4031 alibi,

124 4061 249 4106 seen.
328 4048 459 4110 Non
510 4047 767 4110 recedet
814 4045 1121 4108 memoria
1167 4045 1329 4128 ejuS,
1382 4047 1679 4112 videlieet
1726 4069 1823 4112 sa-

82 4128 269 4173 ¹¹¹¹¹'¹³‘
330 4145 565 4229 pie-ntis
603 4153 671 4208 et
704 4144 888 4227 justi.

1937 3164 2142 3227 lorum
2182 3183 2566 3247 quemquam
2608 3164 2870 3243 deridet,
2905 3166 3090 3225 dabit
3117 3168 3428 3236 dolorem,

1936 3265 2001 3326 id
2024 3273 2133 3339 est,
2149 3262 2500 3327 dolorosam
2529 3281 2780 3345 poenam
2810 3281 2922 3346 pro
2948 3281 3065 3325 suo
3087 3263 3430 3327 sustinebit

1937 3371 2217 3446 peccato.
2248 3361 2430 3424 Juxta
2474 3362 2645 3424 hunc
2689 3362 2946 3424 modum
2992 3361 3294 3444 loquendi
3340 3364 3429 3426 ait

1934 3462 2012 3525 ad
2044 3461 2628 3524 Thessalonicenses
2656 3460 3016 3542 ApostoluS‚
3052 3461 3320 3543 loquens
3351 3462 3428 3524 de

1936 3559 2154 3641 impiis
2175 3557 2324 3632 :Qui
2350 3575 2570 3640 poenas
2601 3557 2845 3619 dabunt
2871 3559 2937 3619 in
2969 3558 3233 3622 interitu
3258 3568 3428 3623 aeter·
3479 3583 3719 3636 uram...

1936 3677 2070 3720 nas.
2105 3657 2271 3718 Talis
2300 3673 2554 3738 quoque
2584 3654 2845 3717 nutibus
2882 3656 3014 3719 suis
3045 3658 3424 3740 quandoque
3453 3650 3492 3690 ⁹·

1936 3755 2170 3837 ingerit
2197 3754 2480 3817 dolorem
2521 3753 2765 3816 homini
2808 3773 3000 3836 quem
3033 3754 3276 3832 irridet,
3311 3776 3420 3819 seu

1933 3853 2074 3919 viro
2111 3854 2298 3934 eujus
2333 3850 2670 3932 conjugem
2712 3860 3032 3933 provocat.
3068 3853 3154 3915 De
3186 3853 3423 3917 talibus

1931 3952 2021 4014 ait
2067 3951 2133 4013 in
2184 3950 2430 4013 Psalmo
2476 3949 2762 4013 Christus
2798 3949 2960 4024 :Qui
3007 3951 3279 4014 oderunt
3321 3971 3424 4016 me
3476 3967 3713 4022 mem,

1930 4051 2148 4133 gratiS,
2183 4059 2246 4113 et
2273 4057 2568 4113 annuunt
2594 4048 2819 4112 oculiS.
2853 4052 2939 4111 Ec
2965 4055 3201 4111 stultus
3232 4054 3422 4112 labiis
3453 4033 3519 4075 ¹⁹‘

1938 4151 2394 4211 verberabitur.
2446 4146 2576 4210 Hoc
2629 4155 2726 4209 est
2777 4149 2946 4228 quod
3004 4148 3135 4230 jam
3189 4149 3349 4213 dixit
3402 4167 3417 4213 :

156 4243 185 4296 8
424 4247 708 4325 Sapiens
762 4245 951 4304 corde
987 4252 1311 4320 praecepta
1365 4246 1694 4322 suscipiet,
1754 4255 1823 4308 ut
1858 4253 1902 4314 D
1935 4247 2174 4310 Stultus
2213 4246 2477 4310 caeditur
2514 4244 2724 4307 labiis.

330 4345 679 4426 unicuique
708 4343 1109 4425 superiorum
1140 4361 1399 4406 suorum
1437 4343 1713 4422 obediat,
1745 4347 1825 4409 ad

328 4445 539 4507 minus
578 4443 647 4504 in
677 4441 779 4504 his
810 4459 955 4522 quae
981 4441 1059 4503 ad
1092 4440 1266 4502 illius
1295 4441 1657 4505 cathedram
1691 4463 1825 4527 per-

327 4543 553 4616 tinent,
586 4548 653 4602 et
690 4539 817 4602 Deo
854 4538 1144 4602 absolute
1185 4539 1253 4600 in
1293 4540 1632 4622 omnibus;
1671 4548 1825 4604 stul·

330 4651 425 4701 tus
463 4641 745 4702 caeditur
787 4640 999 4716 labiis,
1045 4637 1110 4700 id
1157 4647 1275 4715 est,
1319 4638 1582 4720 iniquus
1624 4648 1687 4703 et
1727 4641 1824 4704 in-

326 4737 713 4819 corrigibilis
744 4734 1066 4816 affligitur
1094 4735 1309 4800 verbis
1338 4737 1820 4820 corripientium

325 4843 384 4900 et
420 4836 897 4900 exhortantium
929 4855 1076 4898 eum
1114 4835 1297 4919 quasi
1332 4834 1632 4916 flagellis,
1668 4838 1822 4920 quia

324 4955 397 5000 ex
432 4936 765 5000 habitibus
802 4935 1049 5000 vitiosis
1088 4935 1436 4999 inclinatur
1481 4937 1559 4999 ad
1599 4956 1815 5019 prava.

327 5035 407 5098 De
437 5035 559 5100 hoc
582 5032 757 5096 infra
780 5034 849 5096 in
873 5033 1056 5096 libris
1086 5033 1583 5118 Sapientialibus
1618 5037 1821 5101 multa

175 5135 205 5190 9
326 5132 665 5198 habentur.
696 5167 779 5178 -—
807 5133 937 5202 Qui
973 5135 1265 5194 ambulat
1300 5135 1713 5211 simpliciter,
1754 5134 1819 5198 id

326 5241 419 5295 est
444 5251 559 5316 per
582 5230 767 5294 tritas
798 5231 935 5295 vias
964 5229 1364 5309 Sanctorum,
1382 5240 1691 5295 eteorum
1722 5251 1823 5295 ex·-

326 5331 535 5416 ampla
560 5331 1073 5412 documentaque
1100 5329 1401 5413 sequitur,
1420 5331 1531 5413 qui
1564 5329 1823 5394 sinceri·

2029 4349 2200 4406 Vena
2231 4347 2404 4414 vitae,
2435 4365 2500 4405 os
2509 4344 2689 4421 justi
2708 4361 2732 4404 .·
2752 4341 2904 4425 quia
2931 4362 3008 4406 ex
3040 4362 3149 4407 ore
3179 4346 3424 4429 sapien·
3551 4357 3613 4412 11

1931 4446 2092 4508 tium
2124 4465 2197 4507 ac
2230 4443 2544 4526 justorum
2584 4443 2934 4525 procedunt
2969 4445 3164 4508 verba
3197 4447 3424 4510 salutis

1931 4562 2004 4607 ac
2040 4542 2276 4623 gratiae,
2319 4540 2598 4604 salubria
2636 4541 3035 4617 documenta,
3074 4551 3242 4607 recta
3279 4564 3426 4610 eon·

1930 4642 2076 4705 silia
2111 4659 2125 4702 :
2159 4640 2271 4722 qui
2313 4640 2504 4703 etiam
2550 4639 2806 4722 propria
2846 4640 3176 4705 humiliter
3222 4643 3428 4707 confi·

1933 4749 2147 4805 tentur
2183 4747 2460 4821 peecata.
2493 4738 2670 4801 Unde
2708 4738 2784 4801 de
2821 4737 3069 4803 Christo
3110 4740 3422 4824 scriptum

1929 4848 2026 4902 est
2062 4855 2075 4901 ε
2109 4836 2494 4900 Mirabantur
2535 4852 2757 4900 omnes
2801 4837 2870 4899 in
2914 4836 3126 4902 verbis
3173 4841 3416 4919 gratiae,
3449 4861 3710 4913 mmm.

1929 4957 2072 5020 quae
2114 4935 2542 5020 procedebant
2587 4935 2666 4998 de
2712 4953 2821 4998 ore
2865 4936 3026 5016 ejuS.
3076 4941 3156 4999 Os
3199 4949 3424 5000 autem

1930 5037 2282 5114 impiorum
2311 5036 2516 5113 operit
2547 5035 2961 5113 iniquitatem
2991 5053 3014 5093 .·
3047 5035 3110 5096 id
3139 5044 3257 5113 est,
3278 5054 3422 5118 pro-

1931 5135 2071 5217 pria
2113 5133 2268 5198 vitia
2311 5139 2518 5214 negat,
2551 5131 2772 5214 palliat
2815 5149 2926 5194 seu
2968 5140 3246 5211 excusat,
3290 5151 3420 5197 non

1929 5231 2276 5295 confitetur
2319 5247 2334 5293 :
2381 5231 2510 5294 imo
2549 5229 2751 5309 magis
2795 5236 3030 5291 tuetur.
3078 5228 3194 5292 Pro
3235 5231 3421 5312 cujus

1930 5331 2083 5394 mali
2110 5330 2455 5394 evitatione
2487 5337 2623 5393 orat
2659 5327 2972 5409 Propheta
3005 5347 3019 5392 :
3055 5328 3192 5392 Non
3221 5329 3421 5394 decli·
3473 5353 3553 5397 ι’..
3572 5363 3658 5408 ω,
3671 5351 3714 5398 4.
