4284 6267
56 2916 328 2969 Batauam,

152 4280 230 4337 ¹6

1080 550 1432 598 manuario
1474 550 1537 596 m
1579 548 1717 596 car.
1764 550 1786 595 1
1826 548 1986 597 unm
2026 549 2384 597 summm.
2429 570 2510 581 —
2550 552 2692 599 aar.
2738 552 2760 597 1
3343 536 3458 601 461

346 718 423 781 in
483 720 692 802 patria
740 729 1126 803 perseveret,
1178 728 1495 803 quantum
1542 721 1623 783 ad
1684 728 1859 782 actus
1890 720 1941 781 A
1970 722 2192 785 habitu
2236 742 2454 805 prav0,
2508 726 2813 786 manibus
2859 735 2918 786 et
2965 726 3198 795 verbiS,
3248 723 3313 787 id
3363 732 3461 788 est

346 834 507 880 suos
534 818 873 901 perfectoS‚
891 819 1425 901 quemadmodum
1452 819 1699 896 caritaS,
1720 836 1861 899 quae

350 1014 534 1077 niam
564 1016 775 1097 justus
818 1016 1009 1079 habet
1049 1016 1445 1099 propositum
1488 1016 1725 1097 jugiter
1754 1015 1861 1077 ad-

350 1113 646 1177 haerendi
704 1115 991 1197 justitiae,
1044 1123 1108 1178 et
1168 1114 1582 1197 permanendi
1641 1114 1708 1175 in
1760 1132 1855 1190 ea,

352 1213 502 1276 sine
533 1233 662 1295 quo
693 1214 1024 1297 proposito
1064 1232 1252 1278 nemo
1300 1222 1400 1277 est
1431 1213 1665 1295 justus,
1699 1212 1859 1275 Hinc

351 1330 393 1373 a
434 1312 593 1375 viris
624 1312 931 1395 perfectis
963 1313 1055 1377 sic
1084 1312 1399 1376 definitur
1426 1312 1672 1393 justitia
1708 1328 1722 1373 :
1753 1310 1861 1373 Ju-

356 1410 539 1474 stitia
589 1419 689 1475 est
728 1422 1028 1476 constans
1077 1419 1140 1475 et
1187 1419 1494 1494 perpetua
1535 1410 1855 1485 voluntaS,

351 1512 463 1591 jus
513 1530 703 1572 suum
734 1510 1085 1591 unicuique
1125 1509 1436 1572 tribuens.
1472 1508 1550 1571 Et
1582 1508 1860 1571 sumitur

356 1608 450 1671 ibi
484 1608 807 1687 voluntas,
846 1628 959 1691 pro
997 1616 1143 1671 actu
1175 1627 1287 1671 seu
1323 1607 1545 1670 habitu
1576 1607 1860 1672 volunta-

354 1706 463 1771 tis.
499 1708 755 1772 Namet
783 1709 1064 1771 secundo
1092 1707 1457 1771 Ethicorum
1492 1706 1858 1770 Aristoteles

353 1807 592 1871 docet:
637 1806 732 1869 Ad
776 1807 897 1871 hoc
938 1807 1111 1888 quod
1159 1813 1338 1869 actus
1378 1806 1462 1868 sit
1508 1806 1853 1882 virtuosuS,

1970 820 2155 884 factis
2185 842 2258 885 ac
2289 822 2498 899 dictis,
2534 826 2960 885 arcessieram
2993 827 3202 897 illam,
3239 825 3303 887 id
3334 833 3450 899 est,

64 924 313 979 wer-xm.
345 916 689 999 (Apostolo
724 918 913 998 teste)
941 937 1071 982 non
1101 918 1371 997 excidit3
1394 925 1459 981 et
1488 917 1680 979 etiam
1712 935 1863 998 quo·
1968 920 2350 1001 injustitiam
2388 936 2507 983 'seu
2557 930 2824 985 mortem
2870 922 3074 1005 culpae
3116 923 3461 987 advocave-

1968 1026 2137 1095 runt,
2185 1026 2250 1082 et
2299 1028 2724 1081 accesserunt.
2779 1020 2863 1083 De
2909 1020 3142 1102 quibus
3185 1019 3253 1083 in
3295 1020 3461 1084 libro

1965 1115 2080 1178 Job
2110 1115 2336 1191 fertur,
2371 1117 2542 1197 quod
2580 1115 2764 1198 quasi
2804 1117 2882 1179 de
2923 1117 3236 1189 industria
3265 1136 3462 1179 reces-
3515 1134 3598 1179 ,τοὺ
3614 1148 3754 1186 xxm,

1969 1222 2190 1278 serunt
2231 1234 2268 1277 a
2305 1215 2455 1278 Deo.
2488 1214 2862 1294 Excogitant
2901 1215 3136 1278 etenim
3186 1223 3251 1278 et
3292 1216 3460 1279 labo·
3489 1199 3556 1241 ²⁷·

1968 1321 2130 1389 rant,
2155 1314 2430 1395 qualiter
2460 1313 2724 1395 impiam
2758 1314 3239 1378 inclinationem
3267 1331 3460 1396 opere

1967 1421 2417 1493 exsequantur.
2455 1416 2538 1475 Ec
2581 1414 3024 1475 ewistimantes
3072 1416 3262 1475 illam
3301 1414 3461 1475 ami-

1965 1530 2127 1579 cam,
2168 1510 2232 1572 id
2273 1518 2391 1587 est,
2427 1519 2732 1592 tanquam
2773 1529 2907 1573 rem
2956 1531 3164 1575 caram
3207 1519 3270 1574 et
3311 1530 3462 1573 con-

1965 1616 2301 1688 gruentem
2349 1608 2496 1686 sibi,
2540 1609 3090 1691 apprehendentes
3129 1629 3271 1673 eam
3316 1629 3459 1691 pro-

1967 1715 2107 1790 pter
2136 1707 2624 1771 delectationem
2662 1726 2998 1785 annexam,
3034 1717 3141 1771 aut
3190 1717 3452 1792 propter

1966 1806 2165 1869 alium
2209 1806 2412 1870 finem
2472 1826 2864 1891 perversum,
2915 1811 3360 1885 defluxerunt,
3391 1808 3457 1870 id

358 1904 483 1969 tria
540 1904 884 1987 exiguntur
936 1923 951 1968 t
1008 1904 1239 1987 primo,
1300 1912 1373 1967 ut
1420 1904 1654 1986 aliquis
1712 1911 1857 1985 agat
1894 1908 1941 1969 B
1968 1913 2083 1983 est,
2108 1924 2224 1987 per
2251 1906 2504 1970 diversa
2532 1906 2689 1969 vitia
2717 1915 2867 1969 sunt
2895 1906 3182 1990 dispersi.
3211 1906 3460 1970 Talium

356 2005 611 2085 sciens;
636 2005 939 2082 secundo,
955 2012 1025 2066 ut
1055 2011 1201 2084 agat
1229 2003 1473 2084 eligens
1504 2011 1568 2067 et
1596 2012 1857 2085 propter

355 2103 651 2167 debitum
688 2102 925 2183 finem3
960 2102 1172 2179 tertio,
1219 2102 1392 2184 quod
1440 2100 1858 2165 immobiliter

356 2211 664 2285 operetur
705 2219 720 2265 ε
763 2220 891 2266 non
940 2202 1113 2284 quod
1158 2208 1336 2264 actus
1387 2199 1855 2263 incessabiliter

356 2309 755 2379 exerceatur,
790 2301 901 2365 sed
939 2300 1151 2382 quoad
1188 2299 1436 2381 agentis
1484 2298 1749 2361 firmum
1794 2305 1857 2362 et

356 2408 609 2463 rectum
641 2400 1067 2482 propositum,
1103 2406 1294 2480 prout
1330 2399 1399 2459 in
1440 2390 1723 2461 secun'da
1760 2416 1857 2460 se·

356 2501 609 2577 cundae,
632 2500 987 2581 quaestione
1014 2497 1115 2576 58,
1140 2497 1412 2561 Thomas
1441 2497 1697 2579 plenius
1725 2496 1861 2560 haec

355 2598 662 2662 declarat.
696 2596 962 2679 Insuper
986 2595 1236 2678 justitia
1262 2595 1639 2660 immortalis
1668 2602 1859 2677 atque

358 2704 675 2779 perpetua
725 2695 1121 2778 perhibetur,
1184 2694 1488 2776 quoniam
1548 2693 1777 2758 liberat
1824 2714 1862 2758 a

358 2800 567 2858 morte
596 2792 865 2875 peccati,
899 2801 963 2857 et
989 2793 1247 2856 deducit
1276 2794 1355 2855 ad
1385 2810 1655 2873 regnum
1690 2799 1865 2856 aeter·

358 2909 543 2969 num,
572 2892 755 2973 juxta
791 2892 963 2974 quod
1001 2892 1093 2954 ait
1129 2890 1416 2955 Salvator
1448 2907 1463 2952 ε
1498 2889 1859 2970 Fulgebunt

356 2989 518 3071 justi
560 2988 729 3053 sicut
770 2990 866 3054 sol
908 2988 979 3051 in
1020 3006 1218 3070 regno
1258 2988 1459 3051 Patris
1501 3007 1747 3053 eorum.

1967 2004 2209 2087 quippe
2246 2005 2559 2087 judicium
2596 2014 2695 2069 est
2731 2005 2820 2069 ita
2851 2013 3244 2089 corruptum,
3287 2006 3462 2088 quod

1968 2104 2210 2166 malum
2269 2104 2388 2167 sub
2432 2104 2676 2169 ratione
2732 2104 2888 2170 boni
2949 2104 3342 2189 concipiunt,
3396 2110 3460 2167 et

1968 2202 2263 2266 laetantur
2291 2222 2492 2285 quum
2531 2202 2730 2286 impie
2759 2203 3028 2283 egerint,
3063 2204 3217 2286 quia
3244 2222 3321 2267 ex
3348 2204 3458 2266 ha-
3487 2225 3755 2278 Prummu.

1968 2302 2107 2365 bitu
2134 2303 2366 2367 vitioso
2400 2302 2493 2365 sic
2523 2302 2936 2367 inclinantur.
2968 2304 3114 2367 Ideo
3143 2303 3234 2366 ait
3260 2302 3462 2366 Philo-

1968 2402 2208 2484 sophus
2235 2422 2249 2466 :
2275 2400 2489 2475 Qualis
2519 2401 2794 2483 quisque
2821 2410 2937 2478 est,
2974 2402 3120 2465 talis
3149 2401 3273 2465 sibi
3306 2400 3461 2464 finis

1968 2498 2176 2563 bonus
2205 2500 2458 2565 videtur
2487 2519 2561 2562 ac
2590 2500 2819 2582 placet.
2851 2500 2931 2562 Et
2959 2499 3256 2564 Salomon
3281 2518 3296 2564 t
3321 2500 3458 2578 Via,
3492 2519 3759 2573 totamm.

1971 2597 2206 2680 inquit,
2237 2598 2415 2661 stulti
2445 2605 2618 2661 recta
2638 2598 2705 2661 in
2735 2597 2938 2661 oculis
2968 2599 3131 2680 ejuS.
3165 2602 3253 2661 Ει
3279 2618 3466 2677 spon-

1968 2699 2175 2759 siones
2204 2706 2562 2774 posuerunt
2589 2700 2678 2759 ad
2705 2698 2921 2767 illam,
2944 2696 3009 2759 id
3039 2706 3156 2774 est,
3183 2696 3462 2763 firmiter

1970 2803 2330 2859 statuerunt
2375 2796 2696 2860 adhaerere
2748 2795 3098 2878 iniquitati,
3154 2798 3462 2878 quemad-

1970 2895 2232 2958 modum
2261 2913 2533 2977 sponsus
2564 2912 2835 2977 sponsae.
2873 2895 2960 2957 De
2991 2894 3228 2976 quibus
3255 2895 3326 2958 in
3356 2896 3467 2958 Za-

1972 2994 2189 3056 charia
2234 2992 2467 3072 legitur
2521 3009 2536 3054 :
2582 2991 2702 3055 Cor
2751 3012 2938 3056 suum
2987 3002 3346 3076 posuerunt
3395 3002 3465 3057 ut
3519 3013 3661 3059 zm.
3685 3028 3755 3067 vu,

440 3090 793 3167 Injustitia
825 3098 1067 3159 autem,
1100 3090 1327 3149 mortis
1362 3098 1452 3149 est
1488 3088 1857 3169 acquisitio,
1894 3092 1938 3156 C
1967 3092 2392 3167 adamantem,
2428 3109 2509 3154 ne
2554 3090 2852 3154 audirent
2897 3091 3126 3171 legem.
3170 3091 3249 3154 Et
3295 3093 3464 3155 Jere-
3496 3078 3561 3119 ¹²·

358 3187 427 3251 id
476 3196 597 3263 est,
648 3194 952 3251 aeternam
998 3186 1476 3251 damnationem
1525 3193 1805 3250 meretur
1841 3204 1855 3249 ε

359 3286 904 3367 quemadmodum
952 3285 1127 3347 enim
1176 3304 1252 3348 ex
1308 3303 1424 3348 suo
1479 3302 1713 3365 genere
1765 3292 1863 3347 est

357 3382 633 3448 mortale
660 3382 978 3465 quidquid
1007 3382 1259 3446 caritati
1293 3382 1739 3460 contrariatur,
1773 3382 1863 3445 ita

355 3489 421 3544 et
440 3480 764 3563 quidquid
784 3487 1096 3562 repugnat
1114 3478 1389 3560 justitiae.
1414 3479 1494 3541 Et
1515 3487 1722 3562 potest
1741 3479 1862 3544 hoc

357 3579 501 3645 loco
549 3598 666 3663 per
711 3578 1118 3661 injustitiam,
1154 3577 1429 3659 intelligi
1478 3596 1669 3642 omne
1716 3598 1863 3661 pec-

356 3686 574 3742 catum
604 3679 899 3754 mortale,
929 3678 1051 3741 hoc
1079 3684 1177 3741 est
1204 3676 1413 3741 omnis
1442 3676 1861 3757 transgressio

358 3776 519 3858 legis
566 3776 805 3841 divinae
837 3796 851 3841 ε
888 3794 1031 3857 quae
1077 3774 1397 3857 injustitia
1436 3774 1860 3839 contrariatur

354 3874 625 3956 justitiae
669 3894 815 3958 quae
862 3882 961 3938 est
1004 3874 1210 3937 virtus
1258 3873 1644 3937 communiS.
1691 3874 1861 3955 lnju-

358 3972 537 4035 stitia
566 3980 780 4037 autem
808 3991 955 4054 quae
983 3972 1331 4054 opponitur
1356 3970 1645 4054 justitiae,
1671 3980 1862 4055 prout

358 4080 459 4134 est
496 4070 703 4135 virtus
748 4069 1047 4153 specialis
1083 4088 1158 4133 ac
1190 4069 1555 4147 cardinaliS,
1590 4077 1687 4133 est
1728 4089 1865 4153 spe-

360 4170 547 4248 ciale,
582 4178 649 4233 et
676 4189 755 4233 ex
793 4188 909 4233 suo
938 4186 1172 4249 genere
1202 4177 1535 4253 peccatum
1564 4170 1859 4233 mortale.

1968 3192 2128 3253 mias
2154 3208 2168 3252 :
2194 3190 2675 3266 Induraverunt‚
2697 3190 2928 3273 inquit,
2956 3189 3152 3254 facies
3185 3211 3330 3253 suas
3362 3210 3459 3254 su·
3507 3210 3602 3254 aar.
3621 3224 3664 3263 v,
3684 3212 3725 3253 2.

1971 3308 2085 3372 pra
2129 3297 2400 3371 petram,
2432 3297 2496 3351 et
2527 3289 2870 3353 noluerunt
2917 3290 3173 3354 reverti.
3221 3289 3463 3364 Quibus

1969 3387 2039 3450 in
2068 3387 2226 3450 Isaia
2269 3387 2357 3449 ait
2388 3404 2596 3451 sermo
2643 3386 2900 3452 divinus
2935 3404 2950 3450 ε
2983 3387 3242 3451 Dixistis
3275 3407 3290 3453 ε
3325 3387 3464 3451 Per·
3526 3408 3748 3461 namu,

1968 3482 2286 3547 cussimus
2317 3482 2527 3547 foedus
2560 3501 2706 3546 cum
2738 3492 2961 3562 morte,
2997 3494 3062 3549 et
3089 3504 3236 3548 cum
3268 3484 3466 3549 infer·
3495 3474 3562 3515 ¹⁵·

1972 3600 2055 3647 no
2112 3579 2383 3645 fecimus
2432 3588 2711 3664 pactum.
2763 3582 2892 3645 Hoc
2948 3582 3185 3647 etenim
3241 3585 3466 3648 dicunt

1970 3680 2112 3763 ipso
2152 3678 2342 3757 fact0‚
2377 3679 2668 3761 quamvis
2714 3699 2842 3744 non
2883 3681 3102 3745 verbo.
3142 3686 3464 3753 Quoniam

1972 3789 2174 3841 morte
2201 3786 2453 3841 aeternae
2480 3777 2908 3842 damnationis
2937 3781 3129 3857 diyni
3155 3781 3467 3861 sunt‚qui

1970 3888 2126 3939 sunt
2151 3898 2233 3938 ea>
2253 3886 2443 3955 parte
2469 3878 2681 3949 illius,
2704 3884 2922 3959 utpote
2953 3878 3306 3959 injustitiae,
3343 3879 3464 3943 hoc

1972 3983 2070 4038 est
2105 3975 2332 4057 injusti
2362 3975 2695 4057 injustitiae
2724 3975 2914 4040 servi.
2944 3976 3129 4040 Juxta
3161 3978 3332 4059 quod
3362 3977 3458 4040 di-

1972 4073 2138 4137 citur
2182 4075 2310 4139 Deo
2356 4073 2424 4136 in
2471 4074 2717 4139 Psalmo
2762 4091 2776 4136 :
2826 4072 3025 4138 Odisti
3077 4093 3300 4140 omnes
3346 4077 3459 4158 qui
3519 4094 3715 4147 ema.

1973 4182 2317 4255 operantur
2354 4172 2792 4254 iniquitatem3
2833 4180 2919 4251 et,
2959 4173 3176 4257 Neque
3214 4194 3464 4257 perma-
3529 4197 3646 4243 ιῡεα.
3669 4202 3709 4242 ο.

442 4270 654 4347 Impii
677 4277 924 4339 autem,
953 4265 1309 4350 praesertim
1348 4266 1461 4349 qui
1491 4275 1758 4349 peccant
1787 4286 1865 4331 ex
1895 4274 1945 4337 D
1974 4273 2220 4336 nebunt
2263 4271 2488 4353 injusti
2529 4280 2678 4336 ante
2718 4272 2939 4337 oculos
2985 4280 3150 4337 tuoS.
