4284 6267
178 1577 253 1627 16

128 1884 287 1926 Esod.
323 1897 367 1933 x.

94 1948 160 1997 21,
180 1948 253 1988 22.

94 2181 261 2224 Manli.
272 2182 365 2231 τ,7.

146 3073 259 3116 Gen.
282 3086 369 3121 xix,

99 3140 165 3180 ll.

126 3369 163 3411 ll
180 3370 309 3412 Petr.
326 3382 369 3417 n,

98 3436 137 3475 8.

96 4162 371 4212 Emodus.

206 4639 273 4694 17

1022 520 1373 568 ENARRATIO
1419 520 1481 565 IN
1524 520 1659 566 CAP.
1709 522 1813 566 XIX
1857 521 2013 567 unm
2056 522 2415 567 SAPIENTIAE.
2462 542 2543 551 —
2585 523 2725 567 ΛΒΤ.
2773 523 2880 569 xlx

3377 505 3489 568 561

400 692 747 761 instituti&
797 689 862 752 id
922 698 1041 767 est,
1093 690 1368 772 AEgyptii
1418 689 1515 751 usi
1575 689 1892 771 praetactis
1923 687 1974 748 A
2002 707 2274 770 quarum
2316 698 2521 753 tamen
2565 692 2704 753 soni
2752 690 2984 755 diversi
3029 691 3093 753 in
3129 710 3322 754 unam
3359 710 3501 754 con-

395 786 766 849 crudelibus
810 786 1145 863 institutiS‚
1179 788 1293 850 hos
1338 789 1447 868 qui
1494 807 1637 850 cum
1676 787 1895 849 laetitia

396 894 797 967 receperunt,
820 886 884 947 id
916 894 1011 948 est
1042 886 1215 949 filios
1248 886 1454 961 lsrael,
1480 886 1589 967 qui
1623 886 1895 963 benigne

396 990 459 1044 ct
508 984 795 1063 jucunde
845 992 1222 1064 receperunt
1271 992 1601 1046 extraneos
1652 984 1727 1045 ad
1779 984 1894 1044 ho-

395 1079 662 1162 spitium
729 1089 840 1143 aut
904 1080 1467 1159 cohabitationem,
1526 1084 1897 1143 saevissimis

395 1180 779 1255 amia-erunt
825 1181 1177 1247 doloribus,
1230 1180 1648 1261 perducentes
1698 1180 1895 1241 vitam

395 1276 805 1339 Hebraeorum
868 1277 948 1339 ad
1013 1277 1501 1339 amaritudinem
1574 1296 1890 1357 magnam.

396 1374 629 1455 Sicque
670 1375 944 1457 AEgyptii
986 1375 1455 1457 prohibuerunt
1498 1374 1671 1439 filios
1706 1375 1894 1437 lsrael

396 1491 433 1534 a
474 1473 582 1555 pia
626 1482 1071 1536 extraneorum
1116 1474 1543 1556 susceptione.

481 1574 784 1635 Percussi
838 1582 991 1633 sunt
1034 1582 1249 1633 aulem
1297 1572 1569 1654 AEgyptii
1619 1575 1899 1633 coecitace

396 1670 689 1733 interiori
723 1670 1177 1750 incorrigibilis
1209 1670 1675 1733 incredulitatis
1706 1689 1777 1733 ac
1811 1671 1899 1731 vi-

398 1768 661 1845 tiorum,
696 1768 980 1831 caecitate
1021 1787 1277 1850 quoque
1315 1768 1633 1844 exteriori,
1668 1769 1729 1830 id
1777 1776 1893 1845 est,

2003 788 2360 850 sonantiam
2405 789 2812 869 rediguntur3
2844 800 2902 849 el
2932 793 3151 850 omnia
3188 811 3380 850 suum
3410 810 3500 849 so-

2006 908 2164 947 num
2193 890 2592 958 custodiunt,
2616 888 2677 950 id
2709 898 2823 965 cst,
2853 890 3180 970 proprium
3216 889 3497 951 sonitum

2006 984 2242 1046 habent
2286 1004 2358 1047 ac
2401 987 2692 1059 reddunt,
2727 988 2904 1067 juxta
2943 987 3332 1050 voluntatem
3367 1004 3500 1049 mo-

2004 1083 2285 1145 dulantis
2321 1085 2382 1145 in
2415 1102 2651 1163 organo
2687 1104 2700 1147 :
2736 1085 2843 1161 ita,
2872 1085 3129 1167 supple,
3160 1086 3495 1161 elementa,

2004 1181 2431 1244 diversimode
2461 1181 2810 1245 alterantur
2841 1192 2902 1245 et
2931 1193 3495 1265 contemperantur,

2005 1298 2077 1341 ac
2109 1279 2534 1342 diversimode
2565 1290 2782 1359 agunt,
2810 1282 3158 1344 secundum
3191 1282 3498 1345 Creatoris

2007 1377 2371 1459 imperium,
2397 1380 2506 1460 qui
2542 1388 2769 1442 cuncta
2799 1380 3076 1442 instituit
3105 1388 3174 1442 ut
3205 1399 3333 1443 suae
3361 1380 3503 1443 obe·

2006 1475 2184 1537 diant
2225 1478 2521 1558 jussioni.
2567 1481 2746 1539 Unde
2771 1480 3088 1539 (estimari
3130 1500 3210 1538 ex
3247 1481 3383 1556 ipso
3415 1481 3502 1539 vi-

2004 1594 2081 1633 su
2110 1584 2276 1634 certo
2301 1584 2501 1651 polest
2524 1596 2546 1634 .·
2571 1576 2632 1636 id
2665 1585 2780 1646 est,
2812 1595 2924 1657 per
2952 1576 3408 1657 experientiam
3439 1584 3502 1638 et

2008 1672 2182 1734 visus
2235 1673 2618 1736 evidentiam
2674 1683 2848 1755 patet
2900 1673 3018 1737 hoc
3064 1694 3284 1737 verum
3337 1693 3496 1737 esse.

2086 1774 2385 1848 Ayrestia
2417 1774 2590 1832 enim
2623 1775 2692 1832 in
2723 1775 3030 1851 aquatica
3057 1774 3502 1833 converteban-

399 1866 664 1929 luminis
722 1866 1064 1930 intuitione
1120 1870 1511 1945 [caruerunt]
1571 1868 1634 1927 in
1691 1867 1898 1929 triduo
1936 1868 1981 1927 B
2010 1880 2117 1929 lut·
2147 1891 2170 1929 .·
2212 1869 2275 1931 id
2323 1878 2438 1945 est,
2484 1870 2785 1931 animalia
2823 1890 3095 1951 quorum
3140 1879 3364 1932 natura
3407 1878 3503 1933 est

399 1964 822 2046 palpabilium
872 1965 1275 2028 tenebrarum
1313 1984 1325 2027 :
1362 1976 1423 2028 et
1466 1966 1607 2041 hoc,
1644 1975 1900 2048 propter

399 2070 705 2144 praetacta
754 2081 973 2126 corum
1017 2063 1324 2128 facinora.
1358 2063 1898 2138 Quemadmodum

397 2160 571 2223 enim
609 2161 774 2224 beati
807 2162 1275 2240 misericordeS,
1300 2164 1604 2245 quoniam
1636 2163 1758 2245 ipsi
1792 2163 1903 2225 mi-

398 2260 817 2323 sericordiam
875 2270 1389 2343 consequentur3
1451 2262 1541 2325 sic
1611 2262 1901 2325 infelices

400 2367 551 2421 sunt
592 2358 1153 2436 immisericordeS,
1194 2361 1494 2442 quoniam
1539 2361 1723 2423 donis
1764 2380 1902 2441 gra-

398 2457 505 2519 tiae
544 2466 614 2519 et
659 2458 879 2537 gloriae
931 2458 1378 2539 privabuntur.
1436 2462 1621 2519 Sicut.
1673 2462 1776 2517 illi
1826 2461 1901 2519 in

395 2556 652 2632 foribus
680 2558 859 2633 justi
902 2556 1037 2633 Lot,
1090 2556 1148 2617 id
1200 2566 1315 2633 est,
1359 2556 1523 2618 sicut
1564 2556 1901 2619 sodomitae,

400 2652 663 2715 fuerunt
697 2654 985 2735 percussi
1016 2655 1291 2736 quadam
1322 2655 1533 2736 speeie
1562 2655 1896 2717 raecitatis:

398 2771 543 2833 quae
588 2752 833 2834 species
876 2752 1105 2815 acrisia
1150 2762 1577 2835 nuncupatur,
1624 2773 1751 2835 qua
1789 2752 1901 2814 ali-

400 2850 559 2932 quid
601 2850 870 2914 conl'use
908 2850 1323 2933 conspicitur,
1360 2871 1486 2913 non
1531 2861 1737 2915 tamen
1779 2851 1903 2912 dis-

400 2968 663 3011 cernere
704 2958 913 3031 potest
958 2950 1341 3031 adspicien5‚
1397 2950 1541 3031 quis
1588 2959 1697 3013 aut
1742 2949 1897 3031 quid

400 3048 485 3109 sit
534 3047 721 3110 illud.
775 3048 861 3110 De
910 3066 1039 3129 qua
1086 3067 1153 3111 re
1198 3048 1263 3110 in
1314 3048 1538 3111 Genesi
1590 3048 1897 3130 scriptum
1936 3048 1977 3110 C

402 3154 519 3207 est.
564 3145 853 3227 Denique
888 3146 1154 3227 justitiae
1192 3147 1306 3210 Lot
1354 3154 1681 3209 attestatur
1721 3146 1899 3228 prin-

401 3262 552 3327 ceps
583 3244 1030 3326 Apostolorum
1062 3245 1128 3306 in
1172 3247 1448 3308 secunda
1479 3264 1593 3307 sua
1630 3245 1902 3307 Canoni-

402 3362 477 3406 ca
522 3360 537 3405 ε
574 3343 917 3425 Adspectu,
953 3344 1276 3425 inquiens,
1320 3352 1383 3406 et
1432 3344 1651 3405 auditu
1691 3343 1900 3423 justus

404 3449 559 3519 erat,
582 3441 878 3504 habitans
910 3442 1078 3524 apud
1111 3460 1219 3505 eos
1250 3442 1362 3523 qui
1391 3443 1469 3504 de
1501 3442 1603 3504 die
1634 3443 1695 3503 in
1731 3442 1895 3504 diem

403 3542 687 3603 animam
730 3542 965 3621 Justam
1018 3540 1263 3621 iniquis
1311 3541 1612 3622 operibus
1659 3542 1899 3604 crucia-

402 3638 579 3701 bant.
617 3642 830 3709 Quum
870 3641 1225 3699 subitaneis
1264 3642 1541 3716 cooperti
1579 3650 1780 3700 essent
1821 3649 1900 3699 te-

402 3739 617 3797 nebris
645 3736 924 3819 AEgyptii
959 3736 1024 3798 in
1058 3737 1267 3799 triduo
1300 3746 1667 3815 memorato,
1704 3759 1900 3798 unus-

402 3838 676 3915 quisque
721 3838 1072 3896 transilum
1110 3837 1262 3895 ostii
1302 3838 1410 3895 sui
1448 3839 1792 3915 quaerebat,
1834 3837 1898 3898 id

403 3943 521 4011 est,
558 3934 847 3997 invenire
877 3934 1155 4016 optabat,
1190 3933 1290 3997 vel
1322 3936 1397 3996 ad
1430 3934 1817 4009 intrandum,
1845 3936 1898 3997 si

407 4032 573 4096 forte
619 4042 797 4096 extra
847 4032 989 4109 fuit,
1045 4033 1144 4097 vel
1196 4034 1271 4095 ad
1322 4033 1799 4113 egrediendum,
1846 4036 1897 4096 si

406 4132 615 4194 luerat
663 4131 860 4208 intuS‚
895 4151 1091 4213 quum
1125 4139 1335 4193 tamen
1367 4150 1435 4193 se
1467 4150 1593 4193 non
1638 4142 1901 4213 possent

2008 1986 2200 2049 super
2233 1976 2459 2029 terram
2502 1968 2929 2046 deambulare,
2963 1970 3220 2031 modum
3262 1976 3324 2030 et
3362 1986 3504 2050 pro-

2007 2066 2337 2148 prietatem
2401 2067 2668 2148 piscium
2731 2076 3234 2149 assumpserunt,
3293 2068 3503 2129 eundo

2006 2184 2121 2246 per
2170 2164 2440 2227 fundum
2491 2165 2684 2227 Rubri
2737 2167 2951 2239 maris,
3005 2167 3070 2227 in
3120 2185 3249 2248 quo
3297 2166 3502 2248 pisces

2007 2264 2216 2327 solent
2244 2273 2498 2344 natare3
2530 2275 2590 2325 et
2620 2286 3030 2343 quoecumque
3058 2275 3245 2325 erant
3275 2274 3505 2325 natan-

2010 2366 2128 2432 tia,
2161 2363 2327 2425 sicut
2373 2382 2562 2439 ranae,
2609 2382 2752 2445 quae
2801 2373 3127 2425 morantur
3175 2372 3237 2425 et
3287 2371 3506 2425 natant

3631 1779 3697 1834 18

2010 2462 2075 2523 in
2106 2462 2314 2543 aquiS,
2350 2464 2419 2522 in
2459 2472 2630 2521 terra
2665 2464 3028 2522 transibant
3050 2483 3072 2521 .·
3095 2462 3245 2543 quia
3274 2480 3507 2523 exeun·
3549 2482 3796 2535 Exodsm,

2008 2568 2103 2621 ‘tes
2136 2560 2212 2621 de
2247 2557 2493 2632 fluviiS‚
2521 2568 2832 2621 venerunt
2866 2579 2979 2641 per
3008 2560 3236 2621 siccam
3275 2569 3502 2621 terram

2008 2659 2082 2720 ad
2116 2658 2338 2720 domos
2371 2657 2826 2739 AEgyptiorum.
2853 2657 3095 2719 Hebraei
3129 2666 3336 2719 autem
3367 2674 3507 2737 grc-

2005 2774 2114 2835 ges
2147 2774 2446 2837 pecorum
2491 2774 2748 2817 suorum
2791 2774 3006 2818 secum
3048 2757 3361 2817 duxerunt
3393 2774 3506 2837 per

3533 2548 3571 2595 3,
3600 2548 3640 2587 6.

2008 2854 2201 2914 maris
2234 2852 2430 2914 Rubri
2465 2852 2880 2934 profundum,
2913 2854 3092 2934 juxta
3121 2853 3280 2915 illud
3308 2872 3321 2914 :
3346 2854 3505 2917 Cun·
3531 2874 3791 2926 masao.

2008 2952 2092 3013 cti
2137 2969 2359 3033 greges
2409 2960 2673 3033 pergent
2717 2950 3072 3015 nobiscum.

2094 3052 2272 3127 [yrcis
2305 3053 2372 3110 in
2419 3072 2592 3129 aqua
2633 3052 2882 3111 valebat
2917 3070 3117 3127 supra
3148 3071 3334 3110 suam
3373 3053 3507 3110 vir-

2012 3158 2230 3219 tute-m,
2267 3148 2331 3210 id
2361 3156 2476 3224 est,
2503 3147 2668 3209 ultra
2699 3147 2954 3209 solitum
2988 3147 3349 3210 intentioris
3383 3146 3506 3209 l'uit

2008 3245 2238 3309 caloris
2296 3264 2309 3307 ε
2362 3246 2619 3327 quando
2669 3245 2990 3321 videlicet,
3042 3255 3112 3307 ut
3169 3245 3236 3307 in
3291 3245 3505 3308 Exodo

3632 3073 3700 3128 19

2011 3352 2326 3421 narratur,
2363 3344 2528 3423 ignis
2560 3352 2623 3405 et
2649 3343 2913 3423 grand0‚
2951 3343 3058 3404 nix
3099 3352 3160 3405 et
3198 3363 3360 3425 aqua
3398 3362 3506 3427 pa·
3536 3369 3793 3422 mamm,

2011 3442 2164 3504 riter
2193 3442 2657 3504 descenderunt
2694 3459 2884 3521 super
2913 3440 3259 3523 AEgyptiOS,
3295 3450 3364 3503 ut
3403 3461 3507 3503 su-
3529 3468 3794 3524 &apat-15⁷.

2010 3559 2122 3621 pra
2166 3540 2521 3622 expositum
2566 3548 2698 3617 est;
2739 3550 2799 3599 ec
2826 3560 2997 3618 aqua
3036 3542 3507 3616 eaestinyuentis

2007 3649 2265 3699 mzturoe
2292 3639 2804 3709 obliviscebatur,
2842 3638 2903 3697 id
2950 3646 3068 3714 est,
3103 3656 3215 3719 per
3245 3637 3502 3699 modum

2008 3735 2446 3799 obliviscentis
2490 3754 2556 3797 se
2592 3734 2839 3811 habuit,
2876 3753 3001 3797 non
3043 3735 3505 3814 exstinguendo

2005 3835 2244 3914 ignem,
2289 3854 2500 3897 secum
2546 3841 2698 3895 tunc
2741 3834 3252 3896 descendentem.
3289 3836 3506 3895 Flam-

2010 3954 2129 3994 moe
2158 3932 2517 3993 econtrario
2543 3933 3066 4009 corruptibilium
3093 3934 3508 4002 animalium,

2011 4038 2228 4113 utpote
2261 4029 2650 4112 serpentium
2691 4029 2926 4091 diversi
2970 4030 3243 4110 generis,
3273 4038 3334 4091 et
3363 4030 3504 4091 dra-

2010 4148 2264 4206 conum,
2315 4129 2530 4208 igneas
2576 4127 2871 4190 flammas
2922 4126 3325 4210 spirantium,
3372 4148 3503 4189 non

406 4232 484 4293 de
528 4229 689 4294 locis
738 4229 871 4291 suis
911 4248 1183 4292 movere.
1228 4228 1340 4292 Vel
1395 4229 1774 4309 intelligitur
1820 4232 1900 4293 de
1932 4231 1981 4292 D
2016 4238 2406 4287 vexaverunt
2434 4247 2658 4287 carnes
2685 4228 3262 4297 coambulantium,
3289 4226 3352 4289 id
3381 4234 3499 4303 est,

404 4328 773 4405 SodomitiS‚
818 4329 926 4409 qui
970 4327 1247 4411 prael'atae
1288 4328 1589 4391 eaecitatis
1628 4328 1901 4410 caligine

402 4426 574 4504 caesi,
620 4428 881 4508 januam
932 4445 1122 4508 quam
1167 4426 1557 4508 quaerebant,
1612 4425 1901 4488 invenire

402 4524 780 4607 nequibant.
1776 4528 1783 4535 ·

487 4628 563 4687 In
594 4645 657 4684 se
685 4626 861 4685 enim
885 4626 1194 4685 elementa
1221 4626 1382 4683 dum
1412 4632 1899 4693 convertuntur,

404 4724 468 4785 id
501 4723 793 4799 est‚dum
825 4730 1047 4783 mutuo
1080 4729 1639 4803 contemperantur
1668 4730 1731 4783 et
1756 4721 1903 4785 alte-

403 4830 640 4893 rantur,
660 4820 965 4882 mutando
996 4819 1340 4881 naturalem
1371 4820 1619 4882 modum
1652 4820 1900 4900 agendi,

400 4922 569 4981 sicul
600 4922 675 4980 in
709 4938 977 4995 oryanO,
1010 4918 1073 4980 id
1107 4926 1203 4980 est
1238 4916 1481 4980 musico
1516 4918 1901 4980 instrumen-

404 5027 491 5093 to,
528 5017 871 5097 qualitatis
900 5036 1093 5077 sonus
1125 5019 1514 5077 immutatur
1543 5038 1566 5076 .·
1596 5016 1897 5097 quoniam

405 5134 601 5180 sonus
642 5114 752 5176 ille
793 5133 963 5177 nunc
1004 5114 1329 5191 intentior,
1366 5133 1536 5177 nunc
1574 5114 1901 5178 remissior

403 5223 521 5290 est,
558 5214 908 5277 secundum
952 5212 1121 5295 quod
1162 5212 1387 5275 ludens
1430 5213 1491 5274 in
1532 5212 1900 5292 hujusmodi

405 5314 857 5385 instrumento,
889 5310 1314 5374 diversimode
1348 5310 1547 5391 tangit
1575 5310 1845 5374 chordas
1880 5328 1895 5372 :

651 5444 717 5496 Τ.
752 5446 802 5495 7.

2011 4344 2139 4387 non
2171 4326 2468 4388 laeserunt
2496 4342 2762 4406 corpora
2790 4323 3218 4402 Hebraeorum‚
3255 4343 3372 4387 nec
3402 4325 3504 4407 ju-

2012 4432 2225 4487 menta
2284 4423 2565 4504 ipsorum
2621 4422 3086 4485 ambulantium
3135 4442 3249 4504 per
3293 4424 3505 4486 deser-

2011 4530 2169 4599 tum,
2235 4522 2300 4583 in
2357 4538 2483 4602 quo
2541 4528 2720 4583 erant
2777 4520 3147 4601 hujusmodi
3203 4520 3503 4583 animalia

2010 4639 2331 4684 venenosa
2374 4619 2594 4698 ignita.
2645 4618 2806 4682 Hinc
2853 4618 3121 4681 habetur
3168 4619 3234 4681 in
3276 4620 3501 4682 Deute-

2013 4737 2301 4782 ronomio
2350 4736 2364 4780 :

2010 4924 2145 4979 erat
2189 4934 2449 4997 serpens
2483 4914 2642 4976 flatu
2681 4915 2979 4991 adurenS‚
3013 4922 3075 4977 et
3115 4915 3386 4997 scorpi0,
3429 4935 3503 4980 ac

2010 5016 2248 5097 dipsas.
2283 5014 2356 5075 Et
2395 5022 2641 5076 constat
2672 5013 2840 5095 quod
2871 5032 3189 5077 venenosa
3218 5014 3348 5091 illa,
3387 5034 3504 5079 nec

2012 5112 2171 5175 filiis
2221 5112 2430 5188 lsrael,
2467 5130 2583 5173 nec
2631 5129 2849 5174 eorum
2898 5112 3235 5193 pecoribus
3272 5131 3503 5177 nocue-

2012 5220 2183 5285 runt,
2220 5210 2341 5272 nisi
2385 5209 2559 5291 quod
2599 5208 2918 5271 interdum
2960 5217 3217 5292 propter
3248 5221 3506 5292 peccata

2012 5330 2125 5373 sua
2177 5308 2631 5391 puniebantur.
2677 5310 2808 5372 Nec
2845 5310 3276 5370 dissolvebant
3313 5312 3507 5371 illam

3177 5444 3239 5494 36

3628 3852 3701 3907 20

2413 4717 2719 4781 Dominus
2771 4718 2995 4779 ductor
3053 4727 3198 4779 tuus
3255 4717 3381 4780 fuit
3434 4719 3501 4781 in
3565 4741 3795 4793 neuim.

2012 4818 2356 4881 solitudine
2409 4834 2640 4897 magna
2683 4825 2873 4898 atque
2920 4816 3214 4895 terribili,
3263 4818 3327 4879 in
3376 4836 3503 4899 qua
3531 4807 3598 4847 ¹⁵·
