4284 6267
59 828 176 869 1¹·2t.

1031 480 1388 529 RNARRATIO
1427 479 1492 527 m
1533 479 1673 527 CAP.
1721 478 1784 525 lx
1827 477 2314 527 Pnovnnmonml.
2362 498 2443 508 —-
2483 480 2625 526 ΛΒΤ.
2672 479 2737 525 lx

3350 459 3429 525 63

315 654 412 717 eis
445 656 844 737 panduntur,
869 654 1036 719 sicut
1064 636 1590 737 praeclarissimus
1618 648 1833 714 Archi·
1860 648 1910 710 A
1945 652 2105 720 lum,
2147 650 2211 713 id
2259 658 2354 714 est
2400 649 2653 733 culpam
2709 660 2774 714 et
2828 651 3111 717 debitam
3170 667 3423 733 poenam

95 772 286 818 omem.
313 750 654 835 apostolus
700 754 768 816 in
820 754 1093 836 epistola
1138 754 1214 815 ad
1264 750 1512 814 Galatas
1561 769 1598 811 a
1638 747 1831 812 Paulo

70 890 284 933 flamm,
319 860 608 927 notatuS,
643 852 710 913 in
741 872 858 914 sua
885 852 1156 932 epistola
1183 849 1540 913 econtrario
1570 846 1830 909 Paulum

61 954 114 1001 ιε,
133 954 188 993 ¹⁶.

139 1060 200 1115 {0

322 948 682 1031 magnifice
711 948 1206 1015 commendavit.

403 1049 834 1127 Principium
875 1050 1237 1127 sapientioe,
1294 1048 1486 1107 timor
1533 1046 1825 1107 Domini.

73 1169 291 1214 prm-...z
321 1146 452 1210 Hoc
489 1147 624 1229 jam
663 1166 860 1229 supra
895 1146 1260 1228 expositum
1293 1152 1409 1208 cst.
1442 1147 1528 1206 Et
1555 1144 1830 1205 scientia

318 1257 726 1316 sanctorum,
749 1248 1130 1325 prudentia.
1165 1244 1327 1307 Vera
1365 1262 1644 1324 namque
1681 1260 1830 1323 pru-

321 1344 561 1417 dentia,
607 1363 737 1409 non
779 1344 904 1406 nisi
945 1344 1015 1406 in
1055 1342 1360 1405 virtuosis
1405 1341 1672 1404 habetur
1717 1340 1828 1403 bo-

321 1443 630 1520 minibus,
667 1452 738 1505 ut
776 1443 1004 1525 probat
1040 1441 1488 1523 Philosophus,
1531 1441 1596 1503 In
1640 1438 1827 1502 malis

319 1550 534 1604 autem
579 1550 644 1604 et
687 1540 1070 1623 passionatis
1112 1539 1506 1611 hominibuS,
1559 1557 1686 1602 non
1731 1546 1825 1600 est

317 1658 468 1703 vera
493 1640 861 1723 prudentia,
883 1640 992 1702 sed
1023 1637 1338 1701 calliditas
1369 1638 1661 1719 quaedam
1691 1636 1828 1699 vul-

318 1738 471 1820 pina
496 1748 564 1802 et
593 1739 876 1801 bumana
905 1737 1206 1801 versutia.
1225 1736 1554 1799 Passiones
1584 1736 1824 1817 quippe

1941 767 2055 831 pro
2092 767 2187 825 ea,
2222 749 2385 813 sicut
2422 750 2510 813 ait
2547 750 2888 833 Apostolus
2923 770 2937 814 :
2980 750 3429 831 Unusquisque
3460 772 3722 823 catanus.

1944 848 2274 930 proprium
2316 867 2478 911 onus
2524 849 2823 931 portabit.
2858 850 3175 912 Interdum
3222 857 3431 912 tamen

1940 946 2166 1007 illusor
2221 947 2615 1022 scandalizat,
2678 947 3007 1030 perturbat
3064 967 3136 1011 ac
3194 948 3433 1029 decipit

1939 1044 2118 1118 alioS,
2155 1044 2373 1126 sicque
2403 1065 2520 1108 sua
2547 1046 2927 1127 perversitas
2957 1054 3054 1109 est
3083 1045 3227 1109 aliis
3256 1064 3434 1108 occa-

1939 1143 2035 1206 sio
2078 1143 2281 1225 culpae
2324 1152 2387 1207 et
2430 1162 2635 1225 poenae
2672 1144 2830 1226 :qui
2876 1144 3001 1206 nisi
3042 1142 3241 1207 libere
3284 1162 3435 1208 con-

1938 1241 2251 1305 sentirent
2282 1242 2349 1303 in
2388 1242 2666 1323 culpam,
2702 1261 2829 1305 non
2870 1242 2963 1305 eis
2994 1250 3252 1305 noceret
3280 1241 3436 1304 altc-

1939 1340 2072 1402 rius
2115 1340 2419 1422 pravitas,
2452 1341 2563 1403 sed
2601 1348 2767 1403 esset
2808 1340 2902 1403 eis
2942 1339 3307 1404 exercitatio
3350 1340 3430 1402 ad

1939 1438 2322 1520 profectum.

2015 1537 2227 1615 Porro,
2273 1538 2445 1620 quod
2486 1538 2799 1614 subditur,
2837 1541 3081 1601 Mulier
3121 1543 3325 1600 stulta
3374 1547 3433 1599 et

1934 1640 2234 1706 clamosa,
2262 1642 2585 1717 plenaque
2626 1640 2960 1705 illecebris,
2989 1649 3049 1700 et
3089 1640 3266 1699 nihil
3308 1659 3436 1699 om-

1937 1736 2094 1796 nino
2140 1737 2366 1808 sciens,
2419 1736 2713 1818 quamvis
2759 1736 2839 1798 ad
2896 1735 3171 1799 litteram
3232 1736 3435 1818 possit

319 1845 377 1900 et
409 1837 569 1900 vitia
598 1844 1022 1917 corrumpunt
1052 1836 1120 1897 in
1160 1834 1254 1898 eis
1285 1842 1526 1898 rectum
1558 1832 1824 1897 rationis
1860 1827 1908 1903 B
1937 1834 2167 1916 exponi
2198 1835 2277 1897 de
2306 1834 2575 1898 muliere
2602 1834 2903 1910 adultera,
2922 1834 3284 1910 libidinosa,
3321 1854 3435 1898 seu

315 1936 652 2016 judicium,
669 1936 1005 2016 magisque
1037 1933 1290 2015 propria
1310 1933 1644 1996 commoda
1672 1950 1828 2013 quae·

318 2042 488 2111 runt,
541 2052 739 2115 quam
791 2033 1032 2096 bonum
1079 2050 1440 2095 commune.
1493 2031 1828 2094 Verumta-

319 2150 464 2195 men
493 2131 768 2194 scientia
805 2130 1056 2212 capitur
1095 2130 1202 2192 hic
1233 2136 1491 2193 extense
1533 2147 1646 2212 pro
1687 2147 1828 2210 pra-

319 2232 478 2293 ctica
505 2230 762 2305 notitia,
788 2228 943 2292 boni
973 2227 1334 2291 efficaciter
1363 2227 1821 2310 approbativa:

321 2329 541 2412 sicque
574 2328 982 2411 prudentiam
1011 2326 1514 2409 comprehendit,
1533 2325 1828 2407 quamvis

325 2429 584 2510 proprie
629 2426 952 2509 loquendo
996 2426 1076 2489 ab
1115 2425 1396 2489 invicem
1434 2425 1830 2504 distinguan-

327 2536 450 2589 tur.
483 2526 574 2588 De
618 2526 736 2589 bac
781 2524 1050 2587 scientia
1091 2523 1332 2587 salubri
1373 2524 1678 2587 Dominus
1717 2541 1831 2605 per

98 2645 204 2694 12³,
223 2649 282 2689 η.
327 2625 550 2688 isaiam
593 2632 862 2687 testatur
897 2644 911 2687 ε
953 2623 1257 2705 Captivus
1303 2623 1533 2685 ductus
1575 2630 1672 2685 est
1720 2640 1830 2703 po-

153 2838 209 2891 ss

169 4122 225 4175 12

177 3851 234 3887 xe,
246 3840 302 3882 ¹⁶.

327 2724 518 2806 pulus
567 2742 771 2795 meuS,
823 2740 901 2785 eo
949 2722 1122 2804 quod
1170 2740 1298 2785 non
1359 2720 1584 2783 habuit
1629 2720 1833 2783 scien-

327 2825 504 2886 tiam.
539 2826 674 2885 Per
701 2843 804 2883 me
831 2824 1009 2883 enim
1048 2822 1666 2897 multiplicabuntur
1693 2821 1830 2879 dies

329 2926 426 2985 tui
452 2944 478 2983 .·
509 2922 578 2984 id
609 2919 902 3000 est,mihi
936 2919 1276 3001 Sapientiae
1305 2918 1824 2999 obtemperando,

1936 1933 2362 2007 fornicatrice,
2395 1932 2821 1996 communiter
2850 1942 3059 1997 tamen
3090 1933 3433 2016 exponitur

1935 2032 2014 2094 de
2045 2031 2415 2113 insipientia
2454 2050 2566 2094 seu
2606 2030 2768 2093 falsa
2806 2031 3115 2109 doctrina,
3150 2040 3213 2095 et
3254 2040 3430 2115 peste

1938 2130 2253 2207 haeretica,
2288 2149 2431 2212 quae
2460 2138 2740 2193 mentem
2781 2130 2859 2193 ad
2901 2130 3231 2212 spirituale
3260 2130 3437 2193 adul-

1937 2228 2190 2307 terium,
2225 2229 2345 2292 hoc
2388 2236 2483 2291 est
2525 2230 2601 2291 ad
2653 2230 3077 2292 recedendum
3128 2249 3165 2292 a
3216 2231 3363 2307 De0‚
3398 2248 3435 2291 a

1937 2325 2094 2392 fidei
2142 2327 2429 2403 veritate,
2482 2346 2519 2389 a
2564 2335 2783 2391 tenore
2830 2328 3116 2409 justitiae,
3168 2328 3363 2391 trahit
3416 2345 3430 2391 ε

1938 2443 2080 2506 quae
2108 2433 2171 2489 et
2200 2426 2551 2489 clamorosa
2578 2434 2675 2489 est
2704 2434 2767 2489 et
2793 2426 3236 2503 inverecunda,
3264 2427 3431 2489 sicut

1938 2524 2165 2587 asserit
2194 2524 2584 2606 Augustinus
2610 2542 2624 2587 :
2651 2524 2845 2588 Sileat
2873 2525 3316 2590 haereticorum
3350 2526 3439 2590 lo-

1937 2623 2244 2704 quacitaS,
2282 2624 2524 2686 nullam
2568 2624 2809 2687 babens
2856 2625 3327 2700 verecundiam,
3374 2634 3439 2689 et

1939 2721 2129 2803 plena
2156 2721 2497 2797 illecebriS,
2531 2721 2837 2804 quoniam
2870 2722 3141 2804 turpiter
3170 2722 3435 2787 delecta·

1939 2829 2061 2898 tur,
2095 2829 2159 2883 et
2190 2821 2269 2883 ad
2302 2819 2469 2884 soeda
2510 2821 2794 2903 corporis
2834 2821 3297 2887 delectamenta
3334 2823 3434 2886 in-

1939 2918 2135 2981 ducit.
2170 2922 2359 2981 Sedet
2398 2921 2471 2980 in
2509 2921 2759 2999 foribus
2796 2923 3023 2981 domus
3056 2942 3212 2995 suoe,
3248 2920 3311 2983 id
3342 2930 3439 2984 est

325 3020 654 3085 obtinebis
713 3018 910 3082 vitam
957 3018 1428 3081 diuturniorem
1477 3037 1551 3080 ac
1608 3016 1832 3079 melio-
1866 3020 1908 3084 C
1941 3019 2006 3080 in
2037 3017 2194 3081 locis
2238 3016 2598 3101 patentibus
2627 3017 3146 3100 'congregationis
3188 3020 3437 3083 haereti—

327 3119 830 3194 rem‚moderate
855 3126 922 3180 et
950 3116 1163 3180 sobrie
1194 3124 1256 3179 te
1287 3115 1604 3192 habendo,
1638 3134 1710 3177 ac
1743 3114 1830 3177 di·
1940 3136 2049 3192 cae,
2085 3136 2198 3179 seu
2229 3116 2466 3179 insanae
2506 3136 2577 3179 ac
2619 3116 2829 3192 fatuae,
2861 3138 3054 3196 super
3089 3122 3340 3190 sellam,
3372 3118 3433 3181 id

325 3236 512 3281 versa
541 3215 801 3279 vitando
827 3214 1125 3298 pericula.
1141 3214 1408 3277 Possunt
1434 3231 1691 3295 quoque
1719 3232 1834 3295 per
1941 3224 2038 3279 est
2065 3216 2304 3292 sedem,
2336 3217 2411 3277 in
2446 3220 2687 3276 excelso
2719 3218 2899 3277 urbis
2937 3220 3089 3285 loco,
3123 3216 3187 3278 id
3226 3225 3322 3281 cst
3366 3218 3433 3280 in

325 3317 461 3379 dies
493 3314 776 3397 intelligi
815 3315 972 3397 ipsae
1001 3313 1293 3390 virtuteS,
1326 3320 1517 3394 atque
1560 3312 1830 3375 internae
1943 3313 2341 3396 principibus
2366 3321 2430 3377 et
2453 3314 2728 3395 praelatis
2756 3332 2887 3378 suae
2911 3315 3224 3378 societatis
3244 3324 3436 3399 atque

327 3413 857 3489 illuminationes,
889 3412 1129 3493 quibus
1169 3410 1384 3474 anima
1421 3409 1595 3473 intus
1635 3410 1836 3473 clare·
1943 3412 2441 3491 communitatiS‚
2475 3412 2627 3494 quia
2665 3432 2780 3495 per
2817 3412 2963 3477 illos
3000 3413 3201 3478 allicit
3228 3416 3430 3497 alios;

326 3514 648 3596 scitzquae
676 3518 972 3576 crescunt
998 3519 1062 3573 et
1086 3508 1513 3592 perficiuntur
1537 3508 1604 3571 in
1629 3507 1828 3572 homi.
1942 3521 2016 3573 ut
2065 3521 2315 3574 vocaret
2366 3521 2764 3573 transeuntes
2804 3533 2926 3592 per
2962 3516 3162 3586 viam,
3192 3524 3252 3576 et
3290 3534 3434 3592 per-

329 3632 408 3675 ne
453 3611 842 3695 sapientiam
890 3609 1342 3691 amplectente.
1376 3610 1462 3669 Et
1508 3610 1835 3669 addentur
1935 3621 2154 3689 gentes
2198 3612 2273 3671 in
2318 3612 2550 3671 itinere
2595 3631 2733 3679 suo,
2766 3610 2829 3673 id
2878 3619 2995 3689 est,
3040 3612 3284 3690 fideleS,
3320 3633 3435 3696 per

330 3714 447 3772 tibi
473 3713 648 3773 anni
687 3711 860 3777 vitoe,
901 3708 967 3770 id
1016 3714 1116 3770 est
1160 3706 1298 3770 dies
1338 3705 1714 3769 aeternitatis
1765 3705 1833 3768 in
1941 3710 2110 3773 viam
2154 3708 2377 3773 salutis
2416 3728 2489 3771 ac
2531 3708 2688 3771 fidei
2732 3709 3062 3774 catholicae
3104 3712 3431 3776 tendentes

329 3809 552 3889 gloria,
593 3809 777 3889 juxta
814 3805 976 3869 illud
1029 3822 1044 3868 :
1091 3804 1521 3886 Longitudine
1573 3804 1822 3868 dierum
1941 3809 2020 3871 ad
2051 3807 2345 3891 patriam,
2379 3806 2815 3889 incorporaret
2846 3827 2975 3871 suae
3005 3811 3433 3892 congregatio-

329 3906 697 3990 adimplebo
724 3924 896 3981 eum,
929 3912 992 3967 et
1039 3904 1370 3967 ostendam
1416 3902 1512 3965 illi
1555 3902 1830 3967 salutare
1942 3907 2010 3969 ni
2057 3906 2315 3988 iniquae,
2369 3904 2755 3969 involvendo
2805 3906 2977 3987 ipsos
3023 3908 3156 3970 suis
3204 3909 3435 3974 errori-

333 4026 570 4071 meum.
1939 4006 2096 4085 bus;
2128 4007 2346 4066 dicens
2374 4024 2397 4067 .·
2433 4005 2589 4073 Quis
2626 4014 2715 4065 est
2745 4009 3067 4084 parvulus
3087 4010 3117 4067 ?
3144 4010 3433 4071 Declinet

409 4108 491 4167 Si
535 4106 800 4183 sapiens
844 4104 1084 4180 fueri&
1134 4102 1515 4179 tibimetipsi
1559 4102 1713 4172 eris,
1763 4099 1828 4162 id
1940 4108 2029 4165 ad
2074 4124 2196 4165 me.
2251 4101 2457 4165 Simili
2508 4102 2697 4166 modo
2744 4102 3068 4185 Sapientia
3126 4105 3426 4184 increata,

335 4214 447 4282 est,
473 4205 542 4267 in
576 4201 903 4285 propriam
934 4200 1290 4263 mercedem
1323 4206 1386 4261 ct
1413 4198 1680 4279 gloriam
1716 4199 1830 4261 tibi
1859 4203 1909 4265 D
1940 4202 2104 4266 sicut
2141 4201 2271 4283 jam
2318 4200 2542 4282 patuit,
2584 4200 2662 4262 ad
2707 4221 2776 4265 se
2819 4211 2999 4266 vocat
3036 4211 3101 4267 et
3142 4205 3431 4269 exhorta-
3504 4234 3529 4263 v

334 4304 635 4387 proficiet
682 4322 756 4365 ac
811 4300 1216 4365 redundabit.
1267 4300 1356 4361 Ex
1413 4300 1830 4381 consequenti
1941 4299 2303 4381 tur.Sicque
2333 4298 2704 4380 insipientia
2732 4307 2797 4362 et
2826 4301 3103 4381 pravitas
3135 4303 3429 4368 haeretica

335 4423 506 4479 vero,
541 4400 863 4484 sapientia
903 4400 1178 4481 alicujus
1218 4406 1315 4461 est
1351 4398 1658 4480 proximis
1697 4399 1831 4461 suis

338 4501 630 4584 proficua
666 4518 682 4563 τ
715 4498 954 4583 quibus
991 4495 1307 4560 succurrit
1344 4496 1654 4573 docendo,
1693 4515 1831 4560 cor-

335 4600 654 4683 ripiendo,
696 4597 1034 4671 hortando,
1077 4595 1338 4671 orando,
1384 4595 1831 4677 exemplariter

335 4697 795 4773 conversando,
848 4704 960 4757 aut
1015 4692 1213 4757 simili
1263 4694 1474 4756 modo.
1527 4692 1705 4757 Unde
1762 4692 1829 4755 in

335 4796 664 4881 aliquibus
710 4793 892 4857 libris
939 4791 1370 4873 subjungitur,
1407 4792 1480 4853 Et
1523 4793 1830 4874 proximis

337 4897 482 4959 tuiS.
523 4894 601 4958 Et
640 4892 728 4956 ita
761 4892 993 4973 allegat.
1035 4891 1098 4953 in
1141 4891 1275 4953 suis
1313 4890 1604 4953 Homiliis
1641 4891 1833 4955 Euse-

341 4995 500 5071 biuS,
548 4993 773 5056 dicens
811 5007 825 5052 :
867 4989 1115 5053 Nullius
1163 4989 1469 5070 sapientis
1519 4989 1834 5071 sapientia

340 5092 460 5155 sibi
489 5092 613 5156 soli
652 5089 858 5154 amica
887 5098 1004 5151 est.
1038 5088 1166 5151 Hoc
1203 5096 1414 5150 tamen
1455 5106 1583 5151 non
1621 5096 1716 5150 est
1755 5087 1832 5150 de

341 5198 533 5268 textu,
569 5189 681 5253 sed
719 5187 802 5251 ab
831 5186 1050 5268 aliquo
1087 5186 1448 5268 expositore
1484 5204 1828 5248 annexum.

339 5290 415 5349 Si
458 5299 678 5351 autem
725 5290 959 5348 illusor
1004 5285 1116 5363 sis,
1159 5288 1330 5346 solus
1369 5286 1661 5363 portabis
1703 5306 1834 5345 ma-

1939 4398 2345 4464 consormant
2372 4417 2435 4459 se
2460 4397 2691 4479 partim
2724 4396 2789 4459 in
2820 4398 3055 4475 verbis,
3076 4420 3241 4465 verae
3276 4401 3427 4466 fidei

1938 4515 2011 4559 ac
2039 4494 2379 4576 Sapientiae
2416 4500 2669 4567 sanctae,
2703 4502 3021 4575 quatenus
3058 4497 3178 4560 sub
3218 4500 3431 4581 specie

1941 4592 2090 4656 boni
2134 4592 2337 4671 magis
2378 4590 2721 4672 decipiant.
2758 4591 2859 4654 Ait
2900 4593 3139 4675 itaque,
3172 4595 3236 4659 Si
3283 4598 3427 4678 quis

1939 4700 2034 4755 est
2083 4690 2387 4772 parvulus
2440 4706 2453 4750 ε
2503 4690 2686 4771 quasi
2745 4690 2935 4768 dicat,
2988 4692 3117 4773 Ego
3174 4714 3430 4777 quoque

1940 4788 2215 4852 humiles
2245 4806 2461 4870 quaero
2490 4795 2553 4850 et
2582 4788 2888 4871 approbo.

2019 4892 2105 4951 Et
2154 4888 2431 4959 vecordi,
2484 4886 2549 4949 id
2599 4894 2696 4951 est
2742 4887 2959 4967 stulto,
3014 4894 3223 4955 locuta
3270 4904 3361 4956 est
3405 4917 3429 4956 .·

1940 4991 2144 5069 Aquae
2162 4988 2433 5064 furtiva·
2453 4989 2773 5047 dulciores
2800 4999 2969 5058 sunt,
2994 4999 3052 5049 et
3068 4993 3265 5067 panis
3292 4994 3427 5053 abs-

1940 5088 2237 5147 conditus
2276 5087 2563 5147 suavior.
2610 5086 2725 5149 Per
2763 5104 2962 5167 aquas
3007 5086 3307 5165 furtivaS,.
3332 5090 3431 5151 in-

1943 5184 2313 5266 telliguntur
2335 5183 2640 5247 doctrinae
2666 5184 2979 5249 haereticae
3002 5194 3065 5248 et
3094 5205 3426 5268 perversae,

1944 5302 2086 5365 quai
2122 5280 2331 5365 primo
2368 5281 2435 5344 in
2476 5291 2717 5346 secreto
2748 5283 3058 5349 docentur
3087 5304 3429 5369 quousque

3562 1549 3631 1605 13

3564 2927 3632 2982 14

3561 3512 3629 3568 15

3559 4015 3627 4071 16

3558 5002 3624 5057 17
