4284 6267
606 1214 757 1259 leetr.
774 1230 831 1267 m,

568 1280 634 1321 20.

598 1410 714 1455 loia.
736 1414 781 1454 2¹
793 1444 805 1456 .

588 3870 651 3914 1⁸.
676 3884 705 3923 1,
736 3874 801 3915 1⁴.

576 4069 671 4113 1η·-
690 4083 759 4121 xu,
774 4074 815 4113 8.

565 4364 746 4417 Οεεοιι,
761 4368 827 4409 15.

663 4456 731 4513 10

658 5132 720 5186 11

858 522 978 587 534

1482 538 1835 586 numano
1876 538 1940 585 m
1982 538 2121 584 cAP.
2169 536 2275 583 xlv
2315 536 2474 583 1.le
2517 534 2874 582 summ.
2919 555 3003 565 —
3041 536 3184 581 ΛΒΤ.
3229 536 3334 581 xlv

940 714 1363 773 Benedictum
1390 720 1481 771 est
1508 713 1684 772 enim
1713 712 1993 787 liquam,
2015 709 2080 772 id
2113 717 2209 771 est
2238 726 2353 771 suo
2380 707 2431 769 A
2460 708 2774 771 daemonia
2803 708 2896 771 eis
2927 704 3354 790 praesidentia,
3385 708 3560 789 juxta
3595 707 3768 788 quod
3807 706 3951 770 scri-

860 810 1049 873 modo
1090 809 1387 872 laudibus
1427 809 1693 889 dignum
1727 809 1981 889 Deoque
2028 825 2356 871 consecra-

860 918 1020 986 tum,
1039 928 1158 986 per
1186 912 1359 988 quod
1384 913 1463 986 fit
1475 910 1775 986 justitia,
1801 907 1867 969 id
1894 915 2011 981 est,
2046 915 2154 969 tua
2183 906 2356 987 justa

860 1005 1179 1070 ordinatio
1226 1005 1635 1087 adimpletur,
1679 1004 1845 1067 sicut
1892 1004 2137 1067 exstitit
2184 1022 2350 1081 arca,

860 1122 1003 1184 quae
1038 1102 1160 1166 fuit
1188 1112 1376 1187 typus
1404 1103 1723 1166 Ecclesiae.
1749 1104 1816 1165 ln
1846 1121 1974 1184 qua
2002 1122 2168 1177 arca,
2188 1103 2357 1184 prin-

862 1202 1004 1285 cipe
1052 1202 1499 1285 Apostolorum
1549 1210 1842 1279 testante,
1888 1201 2097 1284 pauci,
2147 1201 2210 1264 id
2260 1210 2355 1264 est

862 1309 1005 1364 octo
1036 1301 1266 1364 animae
1298 1294 1408 1363 se‘u
1438 1319 1748 1382 personae,
1773 1299 1963 1364 salvae
1994 1299 2177 1363 factae
2207 1308 2357 1361 sunt

862 1417 977 1481 per
1002 1418 1229 1480 aquam
1269 1416 1281 1459 :
1316 1416 1459 1480 quae
1497 1417 1665 1479 aqua
1702 1397 1825 1459 fuit
1854 1398 2153 1480 Baptismi
2191 1397 2357 1478 figu-

862 1515 950 1570 ra,
985 1515 1098 1579 per
1127 1515 1315 1578 quem
1346 1496 1576 1559 animae
1614 1496 1962 1559 electorum
1996 1497 2350 1560 salvantur.

856 1594 1189 1657 Potissime
1238 1602 1449 1657 autem
1498 1594 1906 1658 benedictum
1958 1602 2056 1657 est
2106 1594 2351 1675 lignum

857 1691 1171 1757 salvificae
1218 1692 1448 1769 cruciS‚
1502 1710 1617 1773 per
1676 1692 1847 1773 quod
1895 1692 2182 1755 Christus
2241 1710 2356 1775 per

856 1790 1024 1855 viam
1057 1792 1388 1873 cujusdam
1418 1790 1683 1872 justitiae
1713 1791 1984 1853 redemit
2009 1809 2212 1872 genus
2242 1791 2354 1853 hu-

2462 817 2641 889 ptum
2691 816 2786 870 est
2837 826 2852 869 ε
2904 807 3210 882 Quoniam
3271 825 3490 871 omnes
3531 806 3620 869 dii
3663 806 3950 887 gentium
3977 820 4218 869 hams.

2461 906 2798 970 daemonia.
2835 906 3112 970 lndurati
3143 908 3314 969 enim
3349 916 3496 968 sunt
3523 905 3867 980 dromones,
3889 913 3952 967 et

2463 1004 2934 1068 irremissibilia
2964 1014 3109 1068 sunt
3137 1024 3352 1068 eorum
3384 1013 3640 1087 peccata
3657 1020 3676 1083 ;
3715 1010 3780 1065 et
3809 1021 3952 1085 pec-

2463 1113 2609 1166 cant
2652 1103 3048 1185 gravissime,
3086 1110 3496 1185 procurantes
3541 1121 3612 1164 ac
3645 1118 3952 1182 usurpan-

2465 1211 2559 1265 tes
2603 1203 2724 1265 sibi
2769 1202 3023 1266 divinos
3066 1202 3362 1278 honoreS,
3395 1209 3882 1281 avertentesque
3915 1218 3956 1261 a

2463 1302 2778 1364 Creatoris
2809 1300 3117 1383 obsequio
3148 1308 3468 1362 creaturas
3498 1298 3862 1361 rationales,

2549 1403 2867 1468 Quoniam
2896 1410 3209 1460 creatura!
3237 1400 3360 1459 Dei
3387 1400 3461 1458 in
3501 1400 3726 1457 odium
3763 1398 3954 1475 factae

2462 1509 2637 1559 sunt.
2671 1498 2840 1560 lstud
2883 1498 2964 1560 ad
3011 1497 3308 1572 litteram,
3339 1497 3518 1577 juxta
3553 1502 3760 1557 textus
3807 1512 3954 1557 con-

2464 1595 2826 1672 nexionem,
2888 1596 2966 1658 de
3024 1594 3422 1659 daemonibus
3478 1593 3718 1656 dictum
3783 1592 3956 1655 vide-

2462 1703 2567 1757 tur
2601 1712 2616 1756 ε
2653 1693 2764 1776 qui
2796 1694 3142 1756 secundum
3175 1713 3356 1756 suam
3391 1692 3619 1756 bonam
3660 1700 3954 1753 naturam

2461 1801 2772 1856 creaturae
2810 1802 2958 1855 sunt
2996 1792 3142 1872 Dei;
3184 1793 3295 1854 sed
3336 1789 3859 1863 concomitanter‚
3891 1798 3958 1851 et.

858 1908 1141 1967 manum,
1203 1890 1527 1953 sustinens
1590 1888 2053 1951 amarissimam
2128 1890 2352 1953 mortis
2389 1893 2434 1954 B
2461 1910 2576 1973 per
2607 1891 2882 1973 propriae
2906 1891 3254 1955 voluntatis
3287 1888 3784 1971 perversitatem,
3802 1887 3954 1951 facti

858 2005 1113 2071 poenam
1152 2007 1229 2051 ex
1266 1987 1713 2050 ardentissima
1751 1988 2015 2051 caritate
2043 1996 2107 2052 et
2136 1988 2354 2051 obedi-

860 2086 1034 2148 entia
1082 2104 1353 2163 summa,
1387 2086 1465 2147 ad
1517 2082 2037 2148 satisfaciendum
2086 2105 2203 2167 pro
2238 2086 2354 2147 hu-

860 2184 1032 2247 mani
1074 2183 1327 2264 generis
1372 2183 1603 2266 culpis.

938 2288 1070 2347 Per
1113 2303 1347 2344 manus
1387 2292 1605 2343 autem
1646 2287 1819 2363 quod
1859 2287 1937 2359 fic
1980 2284 2256 2354 idolum,
2287 2283 2350 2345 id

858 2391 977 2459 est,
1014 2380 1256 2445 idolum
1288 2380 1456 2461 quod
1502 2379 1579 2441 fit
1617 2400 1731 2463 per
1759 2380 2030 2443 artificis
2060 2400 2346 2457 manum,

859 2483 1299 2549 maledictum,
1332 2479 1397 2541 id
1446 2487 1541 2541 est
1582 2479 2009 2561 vituperatum
2060 2499 2132 2542 ac
2181 2481 2352 2543 dete-

860 2578 1181 2653 standum,
1214 2588 1303 2637 est
1331 2588 1391 2637 et
1424 2580 1638 2657 ipsum
1670 2577 1935 2655 idolum,
1963 2589 2023 2639 et
2052 2582 2172 2659 qui
2197 2581 2352 2658 fecit

858 2678 1056 2746 illud,
1087 2676 1333 2738 scilicet
1362 2674 1614 2750 artifex,
1634 2676 1747 2757 qui
1779 2674 1931 2739 fecit
1962 2676 2122 2739 illud
2155 2687 2226 2739 ut
2252 2696 2350 2741 co-

858 2774 1095 2837 leretur
1129 2791 1143 2835 :
1178 2774 1335 2854 quia
1365 2774 1480 2833 ille
1506 2776 1795 2853 quidem,
1823 2773 2067 2837 scilicet
2094 2774 2344 2851 artifex,

856 2883 1155 2950 operatus
1196 2882 1287 2933 est
1344 2872 1674 2935 materiam
1734 2880 2052 2935 tantorum
2111 2872 2350 2937 facino-

858 2990 1023 3047 rum,
1057 2968 1413 3033 intentione
1442 2989 1741 3053 perversa
1769 2990 1841 3033 ac
1873 2989 2068 3053 prava
2097 2972 2345 3052 radice;

2461 1998 2608 2051 sunt
2641 1989 2706 2051 in
2736 1989 2978 2066 odium,
3013 1988 3164 2070 quia
3209 2006 3278 2051 se
3307 1987 3479 2069 ipsos
3512 1986 3802 2049 fecerunt
3827 1986 3956 2048 Deo

2461 2087 2757 2163 odibiles,
2793 2095 2853 2150 et
2899 2106 3007 2151 eos
3047 2105 3210 2168 quos
3238 2086 3503 2149 vincunt
3543 2085 3712 2147 etad
3757 2084 3958 2148 idolo-

2462 2185 2710 2248 latriam
2765 2186 3045 2261 trahunt‚
3090 2185 3216 2247 Deo
3265 2183 3511 2246 faciunt
3557 2183 3834 2247 odiosos.
3867 2186 3956 2245 Et

2462 2286 2533 2345 in
2566 2285 2980 2345 tentationem
3010 2285 3252 2344 animoe
3279 2285 3618 2343 hominum
3639 2299 3664 2341 .·
3685 2280 3839 2362 quia
3873 2300 3954 2343 ex

2459 2402 2572 2445 sua
2603 2382 2843 2445 invidia
2873 2382 3122 2444 assidue
3153 2389 3398 2443 tentant
3427 2380 3684 2456 animaS,
3699 2380 3780 2442 ad
3809 2397 3950 2442 eam

2457 2481 2916 2544 beatitudinem
2960 2500 3150 2561 quam
3183 2479 3306 2562 ipsi
3334 2479 3752 2561 perdiderunt
3783 2496 3954 2540 crea-

2461 2588 2574 2641 tas.
2610 2579 2785 2641 Unde
2817 2578 3239 2660 praehabitum
3277 2586 3372 2640 est
3407 2594 3420 2638 :
3455 2576 3698 2642 Invidia
3731 2584 3948 2638 autem
3983 2595 4151 2650 εφη,

2455 2677 2692 2740 diaboli
2725 2695 2894 2740 mors
2927 2675 3213 2739 introivit
3240 2676 3303 2737 in
3347 2675 3563 2739 orbem
3607 2684 3942 2737 terrarum.

2453 2779 2541 2838 Et
2573 2778 2644 2837 in
2683 2778 3114 2853 muscipulam
3145 2776 3417 2851 pedibus
3455 2775 3940 2851 insipientium,

2456 2873 2520 2936 id
2550 2882 2646 2936 est
2675 2874 2739 2936 in
2772 2874 3208 2955 deceptionem
3239 2872 3581 2936 affectibus
3610 2891 3682 2934 ac
3712 2872 3946 2952 gressi-

2456 2972 2576 3034 bus
2621 2972 3012 3053 iniquorum,
3047 2970 3160 3053 qui
3210 2972 3568 3054 capiuntur,
3603 2979 3666 3033 et
3715 2970 3948 3033 irretiti

857 3072 1031 3130 illud
1058 3077 1274 3130 autem
1306 3068 1568 3145 idolum,
1593 3088 1793 3149 quum
1822 3079 1975 3130 esset
1992 3071 2262 3148 srayilc,
2285 3070 2345 3133 id
2383 3069 2426 3132 C
2460 3079 2757 3134 tenentur
2785 3090 2822 3132 a
2850 3070 3145 3151 malignis
3176 3070 3531 3152 spiritibuS.
3563 3068 3804 3143 Quibus
3833 3071 3950 3151 qui

832 3176 955 3231 'est
986 3165 1259 3230 faciliter
1288 3165 1729 3249 corruptibile,
1762 3171 1918 3228 deus
1942 3170 2350 3245 coynomina-

862 3275 963 3326 tus
984 3273 1191 3327 est.·et
1222 3264 1309 3326 ita
1346 3263 1469 3327 fuit
1499 3265 1801 3347 peccandi
1832 3266 2103 3341 occasio,
2129 3276 2195 3329 et
2226 3268 2351 3330 ido-

860 3362 1196 3425 lolatrandi
1245 3362 1531 3426 materia.
1566 3365 1893 3425 Similiter
1922 3374 2137 3426 autem
2177 3368 2350 3437 odic,

858 3460 921 3523 id
953 3469 1049 3524 est
1079 3460 1371 3537 odibiles,
1406 3464 1559 3529 Deo,
1592 3462 1939 3524 secundum
1972 3473 2349 3545 praesentem

854 3560 1191 3641 justitiam,
1226 3567 1296 3622 ut
1344 3559 1585 3623 dictum
1636 3568 1732 3621 est
1779 3580 1993 3643 supra,
2028 3572 2183 3623 sunt
2231 3565 2352 3625 im-

848 3661 1007 3737 pius
1033 3669 1092 3719 et
1122 3660 1421 3736 impietas
1448 3660 1590 3735 ejus
1619 3679 1642 3718 .·
1676 3658 1915 3740 impius
1948 3668 2208 3741 propter
2240 3660 2351 3723 im-

856 3756 1181 3839 pietatem,
1234 3765 1297 3818 et
1348 3756 1641 3839 impietas
1700 3764 1959 3840 propter
2008 3778 2075 3821 se
2119 3758 2346 3841 ipsam.

856 3854 1032 3918 Unde
1061 3873 1176 3937 per
1206 3854 1429 3918 lsaiam
1470 3863 1737 3918 testatur
1772 3872 1786 3917 :
1820 3855 2217 3920 Festivitates
2248 3878 2353 3921 ve—

858 3960 1017 4015 stras
1062 3954 1266 4016 odivit
1306 3952 1517 4015 anima
1558 3972 1719 4016 mea.
1754 3953 1827 4015 Et
1868 3972 1982 4036 per
2013 3954 2349 4018 Jeremiam

858 4050 1015 4113 dicit
1049 4069 1063 4113 :
1099 4052 1287 4115 Facta
1315 4060 1411 4113 est
1442 4052 1600 4114 mibi
1632 4052 1951 4115 hereditas
1992 4072 2132 4115 mea
2165 4054 2350 4135 quasi

858 4149 959 4213 leo
989 4149 1053 4211 in
1088 4149 1281 4229 silva3
1313 4149 1487 4212 dedit
1516 4158 1735 4213 contra
1759 4169 1861 4213 me
1891 4170 2111 4215 vocem
2142 4170 2344 4227 suam,

2457 3169 2885 3243 consentiunt,
2936 3188 3082 3232 vere
3145 3177 3294 3231 sunt
3349 3168 3750 3251 insipienteS‚
3801 3169 3958 3249 quia

2457 3266 2872 3329 atrocissimis
2906 3266 3190 3329 hostibus
3223 3266 3356 3329 suis
3384 3266 3672 3349 praebent
3700 3285 3961 3331 consen-

2458 3385 2596 3428 sum
2635 3382 2649 3427 :
2682 3366 2854 3447 quod
2885 3365 3128 3446 agendo
3157 3364 3453 3428 occidunt
3482 3373 3674 3445 atque
3702 3374 3960 3427 aeternae

2458 3463 2851 3527 damnationi
2882 3464 3287 3545 adstringunt
3317 3482 3384 3526 se
3416 3463 3610 3545 ipsos».
3647 3462 3959 3544 Sapienti-

2459 3562 2579 3625 bus
2611 3581 2761 3626 vero
2791 3571 2854 3625 et
2880 3562 3070 3643 Justis
3103 3568 3488 3624 tentamenta
3520 3560 3951 3637 vincentibuS‚

2461 3660 2613 3723 facti
2658 3670 2806 3723 sunt
2843 3660 3163 3723 daemoncs
3209 3659 3274 3721 in
3322 3658 3690 3721 exercitium
3735 3666 3798 3721 et
3845 3676 3956 3721 co-

2460 3777 2704 3822 ronam.

2540 3856 2803 3937 Insuper
2849 3854 3037 3917 verba
3083 3854 3216 3917 haec
3267 3872 3380 3936 per
3428 3874 3496 3919 se
3543 3863 3820 3937 sumpta,
3855 3854 3951 3917 sic

2460 3961 2727 4036 possunt
2768 3950 3062 4032 intelligi,
3097 3954 3268 4033 quod
3315 3960 3619 4015 creaturae
3656 3952 3794 4015 istae
3832 3952 3955 4015 hu-

2455 4052 2561 4133 jus
2589 4052 2809 4113 mundi
2847 4050 3194 4129 inferioriS,
3231 4059 3382 4133 puta
3411 4050 3671 4128 divitiae,
3706 4051 3954 4114 deliciae

2457 4160 2518 4213 et
2583 4151 2876 4227 honoreS,
2939 4167 3370 4230 sensuumque
3431 4150 3703 4229 obJecta,
3765 4148 3952 4213 factae

859 4247 1002 4312 ideo
1049 4248 1223 4312 odivi
1261 4267 1421 4311 eam.
1466 4249 1669 4330 Atque
1708 4268 1823 4331 per
1862 4248 2017 4313 Osee
2058 4250 2296 4314 dicitur
2330 4269 2344 4313 :
2379 4250 2428 4313 D
2458 4258 2607 4312 sunt
2654 4249 2719 4310 in
2770 4248 3005 4325 odium,
3043 4255 3106 4310 et
3144 4246 3209 4311 in
3248 4247 3658 4309 tentationem
3707 4247 3954 4310 anima-

857 4346 1091 4410 Exosos
1130 4346 1325 4409 habui
1361 4365 1491 4425 eOS,
1530 4355 1789 4429 propter
1816 4348 2126 4411 malitiam
2169 4349 2350 4412 adin-

856 4446 1228 4511 ventionum
1264 4445 1571 4527 ipsorum.
1604 4448 1867 4508 Etenim
1897 4452 2068 4527 quod
2094 4450 2345 4525 factam

852 4556 962 4618 est,
1000 4544 1245 4609 scilicet
1275 4543 1538 4621 idolum,
1574 4545 1674 4608 vel
1705 4545 1917 4628 potius
1958 4546 2344 4610 daemonium

852 4644 920 4707 in
952 4644 1123 4709 idolo
1162 4642 1460 4706 habitans
1498 4662 1571 4705 ac
1602 4644 2015 4725 respondem,
2049 4665 2194 4706 cum
2231 4649 2345 4708 illo

850 4745 968 4823 qui
1004 4745 1159 4820 fecit
1208 4742 1450 4805 idolum
1499 4760 1693 4804 manu
1739 4742 2022 4825 propria,
2074 4752 2185 4805 aut
2231 4763 2345 4827 per

852 4840 1171 4904 artificem
1215 4838 1360 4901 fieri
1404 4838 1770 4921 procuravit
1811 4848 1922 4902 aut
1962 4840 2174 4922 jussit,
2222 4852 2345 4903 tor-

851 4948 1067 5000 menta
1111 4938 1411 5016 patietur
1460 4944 1717 5013 aeterna,
1763 4946 1940 5001 tanto
1988 4939 2337 5018 acerbiora,

850 5045 1091 5117 quanto
1132 5036 1390 5116 gravius
1434 5035 1642 5098 scelus
1684 5044 1781 5098 est
1822 5035 2202 5100 idololatria.

928 5138 1207 5215 Propter
1236 5137 1351 5195 hoc
1391 5144 1451 5195 et
1494 5136 1565 5195 in
1606 5136 1799 5196 idolis
1836 5138 2180 5197 nationum
2211 5158 2340 5199 non

2456 4368 2596 4410 rum
2629 4347 2984 4422 hominum,
3019 4355 3084 4409 et
3115 4346 3178 4407 in
3219 4346 3644 4428 muscipulam
3673 4346 3948 4428 pedibus

2455 4445 2894 4529 insipientium
2934 4446 3132 4526 :quia
3183 4445 3248 4505 in
3299 4444 3437 4507 istis
3477 4444 3666 4508 rebus
3713 4446 3946 4509 creatis

2454 4554 2550 4608 est
2579 4544 2822 4626 aliquid
2860 4544 3012 4607 boni
3054 4542 3469 4620 delectabili8‚
3505 4544 3706 4619 utilis,
3739 4554 3800 4607 et
3832 4544 3946 4607 ho-

2454 4644 2641 4721 nesti,
2684 4643 2982 4709 videlicet
3025 4642 3270 4724 aliquid
3317 4642 3836 4724 pulchritudiniS,
3875 4654 3944 4706 et

2452 4742 2768 4820 utilitatis,
2801 4751 2865 4805 ct
2895 4741 3262 4824 voluptatiS,
3299 4749 3360 4805 et
3401 4741 3936 4820 honorabilitatiS,

2451 4860 2564 4923 per
2609 4841 2781 4922 quod
2826 4838 3205 4922 appetibiles
3255 4848 3427 4916 sunt,
3478 4848 3541 4902 et
3587 4841 3941 4904 humanum

2450 4938 2743 5001 alliciunt
2772 4938 3146 5021 appetitum.
3184 4936 3513 5019 Sapientes
3546 4956 3697 5001 vero
3726 4947 3792 5002 et
3819 4940 3943 5001 vir-

2451 5038 2639 5114 tuosi,
2665 5056 2793 5101 non
2823 5036 3209 5099 afficiuntur
3233 5037 3312 5098 ad
3341 5054 3468 5110 eaS‚
3490 5054 3605 5099 nec
3635 5036 3727 5100 eis
3755 5046 3942 5100 utun-

2451 5144 2571 5211 tur,
2627 5136 2754 5197 nisi
2813 5136 3162 5199 secundum
3222 5134 3424 5215 legem
3484 5135 3788 5211 divinam,
3841 5156 3940 5200 reu

846 5236 971 5296 eric
1002 5244 1316 5313 respectus
1346 5254 1369 5293 .·
1401 5232 1464 5295 id
1508 5241 1626 5309 est,
1663 5233 1826 5296 Deus
1861 5233 2046 5297 oculo
2086 5234 2340 5317 pietatis
2446 5243 2739 5315 ctamque
2782 5234 3090 5297 rationem
3126 5252 3139 5295 :
3175 5234 3317 5297 ideo
3359 5226 3660 5297 creaturae
3704 5234 3802 5298 hae
3839 5236 3936 5299 eis

846 5339 909 5395 et
941 5330 1353 5413 indulgentiae
1398 5348 1527 5394 non
1577 5330 1886 5414 adspiciet
1914 5331 2099 5409 idola,
2137 5333 2201 5396 id
2244 5341 2340 5396 est
2444 5332 2812 5397 deserviunt
2851 5341 3042 5414 atque
3084 5331 3391 5414 proficuae
3430 5340 3597 5395 sunt.
3632 5333 3934 5398 Homines

4171 2597 4223 2636 tt.
