4284 6267
645 885 812 943 Bplm.
827 898 856 931 ι.

596 952 662 993 ¹8.

620 1082 654 1127 n
679 1082 786 1127 Cor.
799 1096 858 1135 ιιι,

595 1150 660 1191 18.

611 1496 728 1542 Ibid.
741 1498 856 1549 nm,

590 1564 632 1606 4.

647 2389 854 2428 muntii,

604 2771 734 2815 Rom.
753 2784 794 2819 v,
813 2772 853 2813 2.

592 2870 746 2915 neor.
759 2884 801 2921 v,
818 2872 856 2912 i.

611 4159 690 4203 1³1.
711 4172 793 4210 ιιι,
815 4159 860 4204 8.

892 490 1011 555 302

1513 504 1862 553 mammo
1905 500 1968 551 m
2011 503 2149 549 cAP.
2197 500 2219 547 1
2261 498 2503 548 CANTIGI
2543 497 2948 548 cAN'rlconun.
2990 520 3071 530 -
3114 500 3255 549 ART.
3301 498 3369 547 m

889 678 1111 757 fidem,
1147 678 1258 743 sed
1302 678 1494 742 etiam
1538 697 1652 760 per
1697 676 2203 763 praelibationem
2244 696 2385 739 sua·
2414 673 2467 734 A
2495 674 2997 751 convenientior,
3034 671 3369 737 amabilior
3399 670 3715 737 universis
3754 692 3828 736 ac
3856 672 3987 735 sin-

886 798 1052 855 vem‚
1090 797 1202 862 per
1232 779 1687 863 experientiam
1717 786 1977 855 certam,
2003 797 2117 861 per
2143 776 2386 841 revela-

887 876 1129 941 tionem
1159 878 1728 961 supernaturalem,
1745 896 1889 959 quae
1918 876 2000 940 sit
2029 895 2175 958 spes
2202 893 2386 938 voca-

891 975 1082 1040 tionis
1112 986 1344 1041 nostrae
1351 977 1568 1059 ,italut
1591 996 1746 1043 voce
1775 976 2062 1039 filiorum
2089 993 2379 1038 meorum

889 1077 1300 1157 pronuntiem
1359 1094 1374 1141 ε
1433 1076 1556 1140 Nos
1613 1084 1824 1138 autem
1885 1074 2163 1137 revelata
2222 1071 2383 1136 facie

883 1173 1150 1253 gloriam
1210 1174 1460 1238 Domini
1519 1171 2042 1255 contemplanteS,
2091 1170 2160 1232 in
2212 1188 2382 1233 cam-

884 1274 1028 1336 dem
1069 1273 1412 1354 imaginem
1453 1271 1979 1336 transformamur
2019 1290 2056 1333 a
2094 1269 2381 1332 claritate

886 1373 954 1436 in
995 1374 1372 1437 claritatem.
1407 1373 1626 1437 Nonne
1676 1372 1743 1433 in
1786 1370 1909 1434 ista
1950 1368 2210 1434 cellaria
2260 1366 2381 1431 fuit

885 1474 1230 1557 perductus
1257 1473 1488 1536 Paulus
1517 1490 1718 1554 usque
1748 1470 1815 1533 in
1856 1469 2112 1533 tertium
2147 1467 2379 1532 coelum

883 1582 1125 1655 raptuS,
1159 1573 1271 1635 ubi
1302 1572 1548 1635 audivit
1576 1571 1772 1635 verba
1800 1588 2050 1647 arcana,
2075 1586 2220 1649 quae
2250 1585 2380 1631 non

885 1671 1034 1735 licet
1074 1671 1319 1736 homini
1362 1670 1574 1754 loqui?

963 1772 1455 1831 Exsultabimus
1499 1779 1560 1831 et
1606 1770 1972 1831 laetabimur
2018 1770 2092 1827 in
2144 1776 2202 1827 te
2244 1786 2267 1825 .·
2315 1764 2378 1827 id

2492 773 2681 854 gulia,
2728 792 2765 836 a
2808 792 2935 855 quo
2972 772 3285 855 quidquid
3326 771 3565 837 bonum
3604 780 3668 835 et
3710 770 3984 833 amabile

2492 878 2609 949 est,
2642 890 2897 935 omnem
2927 891 3106 934 suam
3147 870 3499 935 bonitatem
3526 889 3601 933 ac
3630 869 3988 933 amabilita-

2492 978 2619 1033 tem
2664 970 2958 1035 sortitum
3002 979 3129 1051 est3
3158 969 3552 1054 quicumque
3599 988 3726 1033 non
3774 967 3987 1048 diligit

2491 1077 2573 1146 te,
2610 1067 2776 1132 sicut
2808 1078 2874 1131 tu
2906 1069 3043 1152 ipse
3070 1068 3342 1151 jussisti,
3376 1076 3508 1133 toto
3540 1069 3752 1145 corde,
3786 1066 3985 1131 omni·
4014 1084 4223 1129 nasein
4202 1099 4263 1137 ιη

2493 1186 2576 1232 no
2618 1187 2875 1246 curvuS,
2910 1187 3267 1251 perversu8‚
3305 1168 3611 1248 ingratus,
3646 1150 4063 1249 insipiens-³⁷

2493 1286 2619 1348 que
2658 1286 2799 1331 esse
2833 1266 3256 1332 convincitur.
3298 1266 3473 1330 Recti
3514 1265 3749 1348 itaque,
3784 1266 3848 1328 id
3888 1273 3987 1329 est

2490 1365 2669 1447 justi,
2705 1366 2815 1449 qui
2852 1365 3155 1430 exhibent
3194 1364 3543 1447 unicuique
3583 1365 3751 1446 quod
3792 1364 3853 1428 ei
3896 1372 3986 1427 te-

2492 1474 2744 1541 nentur,
2763 1472 2826 1528 te
2854 1464 3163 1546 diligunt:
3188 1464 3495 1547 quoniam
3525 1463 3829 1527 exhibent
3864 1462 3981 1527 tibi

2490 1584 2559 1627 se
2589 1564 2784 1646 ips03‚
2818 1572 2882 1627 et
2908 1564 3109 1628 amori
3142 1572 3251 1627 tuo
3280 1583 3353 1627 ac
3383 1562 3582 1627 cultui
3616 1562 3987 1643 mancipant

2487 1662 2620 1743 jam
2664 1682 2731 1726 se
2774 1670 2959 1741 tot08,
2992 1663 3071 1726 ad
3114 1663 3287 1745 quod
3332 1681 3459 1726 non
3506 1662 3713 1725 solum
3757 1680 3831 1724 ex
3879 1670 3987 1724 tua

2493 1760 2798 1839 bonitate,
2849 1762 2958 1825 sed
3016 1771 3079 1824 et
3136 1781 3212 1825 ex
3272 1760 3609 1825 beneficiis
3672 1760 3795 1823 tuis
3844 1779 3985 1842 quae

883 1877 1000 1946 est,
1036 1868 1102 1930 in
1150 1867 1688 1950 contemplatione
1736 1865 2102 1930 divitiarum
2155 1864 2376 1945 gloriae
2416 1858 2463 1921 B
2492 1870 2929 1943 susceperunt,
2983 1870 3315 1941 tenentur3
3368 1868 3431 1924 et
3486 1860 3637 1943 quia
3684 1868 3752 1922 tu
3809 1860 3987 1942 prior
4061 1874 4253 1918 mom.

885 1975 1007 2031 tuae
1051 1967 1398 2039 immensae,
1433 1974 1496 2029 et
1541 1966 1605 2027 in
1652 1984 1866 2028 amore
1909 1963 2214 2028 bonitatis
2254 1971 2376 2026 tuae

885 2064 1140 2147 penitus
1181 2063 1479 2139 infinitae,
1521 2070 1649 2125 tam
1688 2062 2098 2125 vehementer
2144 2059 2379 2123 laetabi-

884 2172 989 2226 tur
1018 2183 1126 2227 cor
1157 2171 1464 2238 nostrum,
1500 2180 1628 2225 non
1661 2161 1866 2224 solum
1900 2160 1965 2223 in
2008 2159 2233 2241 patria,
2265 2159 2375 2221 sed

887 2262 1038 2325 item
1083 2260 1149 2324 in
1192 2260 1316 2336 via,
1359 2262 1528 2342 quod
1571 2259 1934 2341 jucunditas
1981 2258 2101 2321 ista
2144 2257 2375 2320 redun-

886 2359 1064 2422 dabit
1102 2359 1168 2421 in
1206 2378 1438 2441 corpus
1481 2375 1495 2421 :
1534 2358 1713 2439 juxta
1750 2356 1908 2419 illud
1952 2356 2209 2433 Psalmi,
2254 2355 2375 2419 Cor

875 2477 1098 2541 ,meum
1129 2468 1194 2521 et
1219 2476 1367 2522 caro
1397 2476 1537 2520 mea
1576 2456 2052 2520 exsultaverunt
2084 2454 2150 2517 in
2180 2456 2376 2517 Deum

885 2556 1128 2621 vivum.
1159 2557 1228 2619 In
1273 2575 1384 2638 spe
1428 2574 1682 2638 quoque
1725 2564 1788 2618 et
1826 2553 2265 2636 praelibatione
2304 2573 2377 2617 ac

885 2655 1072 2717 arrha
1104 2654 1428 2717 felicitatis
1459 2652 1690 2717 futurae
1715 2654 1846 2734 jam
1877 2652 2249 2733 gloriamur,
2286 2652 2379 2715 di-

886 2761 1069 2817 cente
1110 2752 1410 2836 Apostolo
1447 2769 1460 2814 :
1493 2752 1851 2815 Gloriamur
1893 2749 1960 2813 in
2005 2770 2118 2834 spe
2160 2750 2378 2830 gloriae

886 2850 1171 2917 filiorum
1205 2851 1344 2931 Dei3
1377 2859 1439 2915 et
1481 2869 1699 2913 rursus
1734 2871 1748 2915 ε
1783 2850 2032 2913 Scimus
2071 2851 2377 2931 quoniam

885 2950 937 3013 si
973 2958 1216 3013 terrena
1247 2951 1473 3013 domus
1497 2956 1715 3013 nostra
1741 2948 2156 3012 habitationis
2185 2949 2378 3031 hujus

2492 1960 2718 2023 amasti
2756 1980 2887 2038 θος,
2922 1968 2983 2024 et
3023 1961 3391 2043 praeparasti
3428 1960 3522 2025 eis
3562 1968 3625 2023 te
3661 1958 3872 2042 ipsum
3917 1959 3985 2021 in
4013 1942 4251 2056 Jmffi'js

2492 2059 2852 2141 praemium.
4015 2074 4055 2115 ³.

2573 2160 2785 2235 Niyra
2814 2179 2983 2226 sum,
3004 2161 3113 2218 sed
3140 2158 3443 2235 formosa,
3478 2175 3515 2221 ο
3542 2160 3703 2235 filice
3728 2160 3988 2219 Jerusa-
4124 2164 4159 2218 4

2490 2259 2635 2317 lem.
2668 2256 2947 2320 Ecclesia
2985 2255 3234 2337 nigram
3267 2276 3334 2320 se
3374 2256 3663 2318 nominat
3695 2276 3709 2320 :
3745 2254 3981 2332 Primo,

2488 2354 2791 2434 quoniam
2832 2354 3018 2418 multi
3060 2353 3443 2437 imperfecti,
3488 2353 3747 2435 fragiles
3788 2364 3851 2417 et
3890 2354 3989 2416 in-

2490 2450 2665 2514 firmi
2714 2473 2787 2515 ac
2835 2462 3195 2536 peccatores
3245 2453 3311 2516 in
3360 2473 3433 2517 ea
3482 2462 3676 2516 sunt:
3728 2462 3986 2536 propter

2489 2552 2658 2633 quod
2695 2552 2981 2616 Christus
3012 2561 3338 2635 comparat
3374 2571 3515 2616 eam
3555 2570 3805 2635 sagenoe
3832 2552 3984 2615 mis·
4026 2575 4207 2617 Masta..
4188 2588 4248 2621 ιιι

2489 2670 2574 2713 sae
2618 2650 2684 2713 in
2733 2670 2926 2729 mare,
2972 2660 3036 2714 ct
3075 2672 3153 2715 ex
3199 2652 3373 2715 omni
3426 2670 3655 2734 genere
3704 2641 4039 2734 piscium*

2489 2750 2920 2831 congreganti.
2968 2750 3280 2829 Secundo,
3321 2751 3473 2833 quia
3514 2760 3576 2814 et
3625 2751 3749 2834 ipsi
3794 2752 3983 2815 electi

2489 2868 2562 2912 ac
2598 2850 2774 2927 boni,
2808 2849 3095 2932 quotidie
3125 2858 3189 2913 et
3220 2849 3630 2933 frequenter
3614 2870 3681 2913 in
3714 2850 3981 2915 veniali-

2488 2948 2607 3011 bus
2636 2958 2923 3032 peccant,
2957 2958 3019 3013 et
3059 2967 3275 3013 eorum
3308 2950 3572 3031 justitiae
3613 2951 3795 3032 quasi
3828 2970 3985 3033 pan-
4026 2970 4234 3017 tamne..

881 3050 1288 3126 dissolvatur,
1324 3048 1495 3131 quod
1534 3046 2028 3111 aedificationem
2067 3046 2375 3111 habemus
2414 3048 2458 3111 C
2489 3066 2609 3109 nus
2640 3056 3049 3111 menstruatae
3077 3056 3439 3111 censentur.
3473 3048 3703 3126 Tertio,
3735 3048 3889 3129 quia
3916 3048 3983 3111 in

881 3168 958 3212 ex
986 3149 1133 3225 Deo,
1156 3148 1416 3211 domum
1445 3165 1573 3210 non
1604 3144 2053 3225 manufactam,
2076 3156 2377 3209 aeternam

879 3246 948 3309 in
979 3246 1180 3310 coelis.
1214 3245 1464 3308 Etenim
1507 3245 1561 3307 si
1603 3245 1668 3307 in
1712 3243 1956 3307 infimis
1998 3243 2136 3307 istis
2182 3246 2379 3309 sensi-

879 3344 1120 3408 bilibus
1169 3344 1360 3408 rebus
1408 3344 1658 3407 videtur
1704 3342 1896 3407 alicui
1946 3343 2372 3425 gloriandum,

881 3462 1095 3507 nonne
1126 3441 1708 3524 incomparabiliter
1736 3441 1948 3524 potius
1981 3441 2224 3505 videtur
2252 3442 2378 3525 glo-

882 3543 1175 3606 riandum
1226 3542 1290 3603 in
1349 3540 1860 3624 superditissimo
1917 3548 1981 3604 et
2039 3542 2376 3624 superpul-

882 3640 1198 3705 cherrimo
1259 3639 1436 3704 fonte
1486 3639 1680 3703 totius
1740 3639 1926 3703 bonit
1979 3639 2046 3701 in
2095 3657 2225 3721 quo
2281 3648 2378 3702 est

883 3739 1168 3803 omnium
1210 3737 1522 3802 bonorum
1563 3737 2084 3801 desiderabilium
2132 3747 2197 3802 et
2240 3737 2378 3822 pul·

883 3837 1182 3901 chrorum
1210 3836 1398 3919 plena
1427 3845 1489 3899 et
1519 3834 1778 3898 infinita
1806 3836 2137 3918 possessio,
2160 3835 2225 3899 in
2256 3855 2382 3918 quo

887 3936 1022 4000 solo
1072 3945 1202 4000 tota
1249 3945 1464 3999 nostra
1521 3935 1694 3998 salus
1744 3934 2058 4012 consistit,
2113 3935 2191 3998 de
2250 3954 2379 4017 quo

887 4035 1193 4118 praedulci
1239 4042 1303 4099 et
1341 4034 1570 4097 decoro
1615 4032 1930 4097 versiculo
1979 4042 2191 4097 cantat
2236 4035 2381 4099 Pro-

887 4134 1127 4217 pheta:
1169 4134 1235 4196 In
1281 4134 1405 4196 Deo
1455 4132 1730 4195 salutare
1778 4150 2014 4209 meum,
2066 4140 2126 4195 et
2175 4131 2381 4214 gloria

2487 3145 2619 3209 vita
2656 3145 2775 3208 hac
2811 3145 3006 3208 variis
3040 3145 3587 3223 tribulat-ionibuS,
3622 3146 3985 3213 tentationi-

2488 3242 2629 3319 buS,
2670 3244 3162 3307 adversitatibus
3210 3252 3605 3309 exercentur.
3652 3245 3981 3309 Verumta-

2486 3362 2633 3405 men
2680 3343 2820 3426 ipsa
2866 3362 2935 3406 se
2984 3342 3329 3406 formosam
3381 3342 3636 3421 fatetur,
3671 3345 3977 3426 quoniam

2486 3460 2738 3524 semper
2766 3441 2951 3505 multi
2984 3440 3248 3507 virtuosi
3287 3450 3352 3505 et
3384 3444 3586 3507 sancti
3619 3443 3683 3506 in
3726 3463 3799 3508 ea
3828 3464 3979 3509 con-

2487 3540 2741 3619 sistunt,
2778 3550 2841 3604 et
2879 3559 3101 3604 omnes
3141 3540 3251 3622 qui
3282 3541 3342 3604 ei
3380 3561 3531 3605 vere
3574 3543 3981 3627 incorporan-

2489 3649 2610 3720 tur,
2644 3640 2904 3705 caritate
2933 3639 3405 3722 virtutibusque
3434 3639 3665 3703 infusis
3694 3661 3768 3706 ac
3796 3645 3980 3707 donis

2488 3739 2761 3822 Spiritus
2800 3738 3015 3801 Sancti
3054 3746 3384 3801 ornantur.
3424 3738 3619 3803 Habet
3657 3741 3847 3804 etiam
3888 3762 3979 3807 sa-

2488 3846 2832 3915 cramenta,
2882 3837 3118 3919 quibus
3172 3837 3460 3919 quotidie
3520 3848 3859 3903 renovatur
3906 3861 3979 3905 ac

2490 3936 2999 4020 pulchrificatur.
3033 3937 3269 4018 Itaque,
3304 3935 3491 4016 Nigra
3520 3956 3683 4016 sum,
3720 3940 3827 4002 sed
3862 3938 3980 4002 for-

2488 4054 2687 4113 mosa,
2710 4052 2749 4097 o
2782 4034 2934 4098 filiae
2963 4034 3329 4112 Jerusalem,
3357 4034 3422 4097 id
3450 4043 3569 4113 est,
3590 4036 3840 4113 animae,
3866 4058 3976 4101 seu

2490 4132 2976 4197 adolescentulae
3039 4152 3112 4196 ac
3176 4133 3593 4215 particulares
3648 4134 3966 4211 Ecclesiae,

887 4251 1060 4314 mea3
1094 4232 1258 4295 Deus
1286 4230 1506 4294 auxilii
1539 4230 1686 4308 mei,
1719 4238 1782 4294 et
1811 4250 1958 4312 spes
1987 4250 2128 4294 mea
2159 4230 2225 4293 in
2256 4231 2381 4295 Deo
2409 4236 2458 4298 D
2488 4235 2657 4294 sicut
2698 4235 3111 4295 tabernacula
3156 4235 3363 4294 Cedar
3388 4254 3411 4293 .·
3439 4232 3551 4314 qui
3594 4231 3717 4296 fuit
3760 4254 3980 4299 secun·
4041 4255 4227 4299 cmm.

884 4338 1001 4393 est.
1031 4330 1412 4394 Laetabimur
1440 4346 1590 4411 ergo
1620 4329 1686 4392 in
1718 4337 1798 4406 te,
1817 4348 1856 4393 o
1887 4348 2118 4411 sponse
2148 4329 2383 4411 inclyte

882 4437 945 4492 et
975 4430 1222 4507 decore,
1247 4448 1552 4490 memores
1581 4430 1850 4489 uberum
1884 4438 2166 4497 tuorum,
2190 4428 2254 4490 id
2286 4436 2380 4491 est

883 4527 1347 4592 beneficiorum
1391 4526 1608 4608 gratiae
1658 4535 1800 4601 tuae,
1849 4526 2373 4591 documentorum

881 4635 946 4689 et
997 4634 1458 4709 praeceptorum
1507 4644 1580 4689 ac
1629 4623 2044 4687 consiliorum
2094 4632 2372 4703 tuorum,

880 4726 960 4789 de
989 4724 1222 4807 quibus
1252 4726 1384 4807 Jam
1425 4724 1677 4807 plenius
1709 4722 1950 4787 dictum
1985 4730 2102 4799 est,
2136 4722 2374 4805 quibus

883 4844 1000 4889 nos
1049 4824 1191 4901 alis,
1242 4844 1434 4903 super
1483 4825 1734 4884 vinum.

961 4926 1145 4985 Recti
1171 4924 1466 5001 diliyunt
1497 4932 1574 4993 te,
1609 4940 1738 4985 non
1769 4918 1978 4984 solum
2017 4937 2233 4983 amore
2264 4939 2376 4982 na-

883 5022 1074 5085 turali
1113 5031 1178 5085 et
1214 5020 1549 5104 acquisito,
1583 5020 1692 5083 sed
1732 5018 1943 5101 potius
1983 5037 2197 5082 amore
2239 5036 2380 5099 gra-

883 5121 1065 5199 tuito,
1121 5118 1610 5204 supernaturali,
1664 5118 1900 5181 infuso.
1950 5117 2153 5192 Quum
2204 5117 2375 5180 enim

881 5219 972 5283 sis
1003 5219 1144 5301 ipsa
1170 5218 1474 5283 bonitatis
1504 5218 1802 5293 essentia,
1836 5216 2090 5280 bonitas
2122 5234 2285 5299 pura
2315 5224 2378 5279 et

883 5317 1165 5398 infinita,
1208 5317 1275 5380 in
1319 5317 1648 5381 infinitum
1699 5316 2049 5400 pulchrior,
2101 5314 2371 5395 dulcior,

2490 4333 2610 4394 dus
2640 4330 2819 4393 filius
2847 4330 3148 4408 ismaelis,
3183 4338 3247 4393 et
3276 4330 3586 4394 habitavit
3618 4333 3755 4414 ipsc
3780 4334 3979 4398 Cedar
4008 4322 4069 4363 ¹³·

2489 4450 2635 4493 cum
2664 4428 2883 4493 sobole
2922 4448 3035 4492 sua
3071 4438 3263 4511 atque
3303 4429 3546 4492 familia
3588 4430 3651 4493 in
3692 4433 3980 4496 taberna·

2489 4527 2651 4592 culis
2679 4536 2743 4590 et
2782 4528 2848 4590 in
2888 4527 3257 4605 solitudine,
3293 4548 3405 4592 seu
3441 4530 3725 4610 desert03
3758 4530 3978 4613 sicque

2490 4624 2898 4688 tabernacula
2943 4626 3085 4707 ejus
3134 4624 3289 4689 foris
3346 4628 3729 4709 quandoque
3774 4629 3979 4693 defor-

2488 4724 2637 4802 mia,
2681 4732 2900 4808 utpote
2938 4723 3147 4787 ventis
3184 4723 3628 4807 imbribusque
3666 4727 3973 4809 exposita,

2489 4823 2661 4886 intus
2690 4832 2872 4887 erant
2900 4822 3143 4885 divitiis
3170 4831 3233 4885 et
3257 4823 3595 4905 pecoribus
3623 4823 3843 4906 plena3
3864 4829 3979 4887 sic-

2488 4932 2560 4983 ut
2582 4926 2780 4999 pelles
2808 4924 3175 4985 Salomonis
3205 4942 3229 4982 .·
3268 4921 3503 5003 quibus
3539 4922 3677 5004 ipse
3712 4924 3973 4987 domum

2488 5040 2668 5083 suam
2719 5020 3150 5083 thalamumve
3194 5019 3467 5097 ornavit,
3518 5028 3629 5083 aut
3687 5022 3977 5086 taberna-

2489 5119 2703 5182 culum
2745 5118 2853 5180 Dei
2896 5137 3007 5181 seu
3057 5136 3207 5183 vasa
3243 5116 3383 5198 ejus
3432 5119 3702 5201 operuit.
3755 5118 3971 5185 Melius

2487 5226 2699 5280 tamen
2749 5235 2861 5299 per
2917 5216 3317 5281 Salomonem
3367 5216 3746 5299 intelligitur
3793 5218 3973 5283 Chri-

2488 5324 2623 5379 stus
2660 5333 2676 5378 :
2722 5314 2909 5397 cujus
2950 5315 3151 5400 pelles
3198 5324 3347 5379 sunt
3388 5315 3661 5399 speciosi
3704 5319 3970 5383 vestitus
