4284 6267
496 740 567 783 Η.

786 468 905 533 476
1452 488 1803 536 mammo
1844 488 1910 535 ιιι
1948 488 2089 536 m.
2134 490 2198 535 lv
2239 489 2400 535 mm
2439 489 2800 537 sarm.
2841 510 2926 520 —
2963 490 3106 537 m.
3151 493 3214 538 iv

786 758 1029 830 ctrinae‚
1076 760 1140 821 in
1192 760 1479 841 nequitia
1526 760 1881 835 hominum,
1936 760 2003 821 in
2048 761 2281 822 astutia

788 858 865 920 ad
898 858 1507 923 circumventionem
1548 860 1803 922 erroris,
1836 858 2114 933 Quorum
2151 858 2282 921 fru-

788 966 951 1035 ctus,
988 958 1050 1020 id
1082 966 1177 1021 est
1207 958 1456 1022 erronei
1492 956 1875 1035 intellectu5‚
1899 958 2099 1020 amari
2128 966 2282 1020 sunt

790 1054 1211 1137 infectivique
1257 1056 1583 1137 cordium3
1614 1075 1837 1121 omnes
1877 1075 2133 1137 quoque
2182 1074 2283 1119 eo·

790 1172 931 1216 rum
986 1152 1131 1231 tilii,
1176 1155 1240 1218 id
1290 1163 1387 1217 est
1434 1154 1785 1217 imitatores
1832 1174 1907 1217 ac
1952 1154 2278 1237 discipuli,

792 1260 941 1314 sunt
972 1252 1199 1335 iniqui,
1234 1262 1297 1317 et
1336 1254 1651 1335 majorum
1690 1270 1949 1317 suorum
1987 1262 2284 1315 attestan-

791 1360 897 1414 tur
926 1352 1274 1430 erroribuS,
1308 1352 1373 1415 in
1406 1352 1902 1433 interrogatione
1932 1372 2046 1414 sua
2080 1370 2095 1415 ε
2130 1352 2284 1433 quia

794 1450 847 1513 si
895 1450 1361 1527 examinentur,
1411 1450 1688 1532 qualiter
1735 1451 1815 1513 ad
1867 1460 2106 1514 tantam
2155 1451 2284 1513 sint

792 1548 1073 1613 devoluti
1124 1549 1431 1612 malitiam
1480 1558 1543 1612 ct
1589 1568 1890 1625 errorem,
1934 1569 2011 1613 ex
2062 1568 2281 1613 eorum

795 1648 1209 1731 responsione
1238 1648 1481 1731 patebit
1518 1649 1687 1730 quod
1728 1658 2022 1731 parentes
2062 1666 2282 1711 eorum

792 1746 1076 1811 carnales
1112 1766 1222 1810 seu
1260 1747 1623 1830 spirituales
1654 1748 1719 1810 in
1760 1748 1951 1831 culpa
1979 1748 2129 1809 sint.

517 674 761 733 aptam,
790 659 1113 743 ApostoIO,
1148 658 1691 725 circumferuntur
1726 661 1903 724 omni
1942 668 2133 724 vento
2169 662 2280 725 do-
2308 660 2360 722 A
2390 661 2766 725 Ambrosius
2796 679 2813 724 ε
2845 662 3122 744 Corpore
3165 672 3324 739 erat,
3375 663 3606 745 inquit,
3651 662 3882 745 juven-

2387 760 2554 835 cula,
2575 761 2684 822 sed
2716 770 3008 823 senectus
3038 762 3270 824 mentis
3301 781 3430 825 suae
3461 761 3582 825 fuit
3613 763 3880 824 immen-

2389 879 2480 921 sa.
2517 861 2600 922 De
2631 860 2828 923 Tobia
2869 880 3124 943 quoque
3173 871 3466 924 narratur
3497 880 3512 924 :
3544 861 3879 944 Quumque

2389 966 2558 1021 esset
2582 958 2803 1041 junior
2831 960 3141 1037 omnium,
3175 960 3335 1023 nihil
3376 969 3588 1025 tamen
3631 960 3878 1043 puerile

2391 1058 2590 1139 gessit
2635 1058 2702 1120 in
2753 1075 2968 1140 opere.
3009 1062 3096 1119 Et
3140 1070 3296 1121 oetas
3339 1063 3700 1127 senectutis,
3739 1062 3878 1120 vita

2391 1159 2816 1218 immaculata
2845 1179 2869 1217 .·
2899 1157 2962 1219 id
3001 1165 3118 1231 est,
3149 1158 3264 1239 qui
3305 1157 3881 1242 irreprehensibili-

2393 1264 2490 1319 ter
2525 1264 2958 1334 conversatur,
2999 1256 3164 1320 bene
3201 1276 3393 1321 senex
3431 1266 3746 1321 censetur.

2469 1354 2936 1436 consequenter
2972 1356 3252 1438 ponitur,
3285 1376 3396 1419 cur
3429 1357 3637 1439 justus
3683 1376 3884 1438 quan-

2392 1456 2601 1535 doque
2633 1462 2758 1515 tam
2799 1454 3090 1517 celeriter
3117 1454 3264 1518 hinc
3300 1456 3589 1535 emigret.
3613 1459 3884 1518 Placeas

2395 1558 2541 1619 Deo,
2571 1555 2787 1631 factus
2811 1555 3097 1624 dilectus,
3123 1552 3186 1615 id
3216 1561 3332 1629 est,
3356 1556 3566 1636 justus
3594 1572 3707 1636 per
3735 1572 3886 1636 ope-

2395 1671 2464 1713 ra
2513 1651 2678 1714 bona
2719 1651 2847 1714 Deo
2888 1651 3172 1734 placenS,
3224 1660 3287 1715 et
3334 1670 3448 1734 per
3495 1652 3628 1715 haee
3679 1652 3884 1714 faetus

2395 1751 2534 1831 ejus
2583 1750 2853 1827 amicus,
2901 1760 2962 1811 et
3009 1753 3232 1811 vivens
3285 1753 3458 1811 inter
3502 1760 3882 1829 peccatores,

872 1845 966 1909 Illi
1006 1863 1155 1927 ergo
1196 1846 1286 1908 ita
1324 1846 1646 1928 peribunt.
1687 1846 1764 1909 Et
1800 1846 1953 1928 quia
1990 1864 2286 1909 nonnun-
2322 1854 2368 1916 Β
2397 1854 2748 1912 translatus
2783 1860 2897 1923 est,
2941 1850 3005 1911 id
3053 1858 3149 1913 est
3196 1870 3309 1932 per
3357 1858 3624 1913 mortem
3672 1870 3710 1910 a
3752 1850 3882 1913 vita

778 1963 985 2027 quam
1014 1944 1169 2025 justi
1208 1944 1500 2009 celeriter
1529 1953 1593 2009 et
1631 1945 1696 2007 in
1723 1946 2059 2027 juventute
2098 1944 2286 2007 mori-

795 2052 991 2107 untur
1030 2043 1195 2107 sicut
1234 2052 1299 2105 et
1336 2043 1541 2126 impii,
1578 2043 1911 2125 subjungit
1947 2043 2103 2126 quid
2136 2043 2286 2107 inde

794 2142 878 2205 sit
909 2141 1564 2205 sentiendumJustus
1583 2153 1801 2203 autem
1827 2144 1887 2204 si
1914 2152 2113 2203 morte
2124 2164 2288 2221 prce-

792 2252 1137 2321 occupatus
1172 2244 1401 2320 fuerit,
1436 2240 1500 2304 id
1544 2249 1641 2303 est
1680 2248 2040 2323 praeventus
2081 2240 2285 2321 inopi-

794 2350 962 2415 nate,
1012 2340 1379 2423 improvise,
1420 2339 1731 2415 celeriter,
1776 2347 1885 2401 aut
1927 2348 2073 2401 ante
2118 2338 2286 2401 seni-

796 2460 899 2503 um
947 2437 1299 2515 moriend0,
1336 2441 1407 2499 in
1436 2440 1783 2517 refriqerz‘o
1811 2439 1961 2505 erit,
1994 2437 2080 2499 ita
2111 2438 2284 2519 quod

793 2538 939 2602 talis
982 2556 1152 2601 mors
1196 2557 1326 2601 suae
1370 2536 1603 2600 animae
1646 2554 1773 2599 non
1818 2535 2095 2613 nocebit,
2130 2536 2284 2617 quia

793 2636 859 2700 in
902 2637 1164 2700 caritate
1201 2644 1264 2699 et
1296 2636 1502 2715 gratia
1541 2635 1778 2699 recedit
1814 2654 1851 2697 a
1889 2652 2176 2717 corpore.
2210 2634 2286 2696 Et

793 2734 1089 2818 quamvis
1121 2752 1248 2799 non
1289 2735 1475 2817 plene
1516 2742 1844 2817 purgatus,
1884 2734 1949 2795 in
1994 2742 2287 2815 purgato-

796 2833 891 2897 rio
922 2832 1225 2917 puniatur
1258 2832 1338 2895 ad
1379 2841 1666 2913 tempus3
1710 2838 1921 2894 tamen
1954 2838 2016 2894 et
2055 2829 2143 2892 ibi
2177 2830 2286 2892 ha-

798 2932 906 2995 het
930 2930 1592 3014 refrigerium‚utpote
1622 2938 1835 2993 certus
1862 2930 1941 2993 de
1970 2948 2085 2991 sua
2115 2928 2286 2991 futu-

2397 1948 2517 2011 ista
2547 1947 2856 2023 sublatuS,
2893 1956 3082 2029 atque
3107 1948 3188 2010 ad
3225 1947 3400 2011 aliud
3439 1948 3739 2011 saeculum
3771 1946 3888 2009 du-

2393 2055 2554 2111 etus.
2591 2050 2848 2123 Raptus
2873 2057 2984 2118 est,
3023 2046 3086 2108 id
3117 2054 3214 2109 est
3250 2055 3510 2128 repente
3537 2045 3884 2109 abstractus

2393 2166 2430 2209 a
2465 2145 2593 2209 vita
2620 2144 2758 2221 hac,
2783 2166 2865 2205 ne
2893 2148 3152 2206 malitia
3184 2155 3465 2206 mutaret
3493 2148 3886 2206 intellectum

2391 2246 2532 2323 ejus
2561 2266 2584 2303 .·
2619 2242 2682 2305 id
2713 2252 2831 2320 est,
2857 2262 2937 2306 ne
2967 2262 3042 2306 ex
3073 2243 3344 2306 aliorum
3376 2241 3718 2306 manifesta
3746 2261 3887 2324 pra-

2395 2342 2590 2404 vitate
2629 2359 2809 2404 mens
2843 2342 2985 2421 ejus
3019 2340 3390 2404 flecteretur
3423 2341 3503 2402 ad
3544 2340 3707 2403 mala
3735 2358 3890 2421 pau-

2395 2439 2612 2518 latim3
2646 2450 2762 2501 aut
2799 2459 2879 2499 ne
2917 2442 3093 2516 fictio
3132 2441 3448 2516 deciperet
3486 2441 3780 2499 animam
3809 2442 3892 2498 il-

2396 2542 2554 2609 lius,
2605 2537 2667 2599 id
2717 2546 2836 2613 est,
2883 2556 2964 2599 ne
3013 2556 3090 2600 ex
3137 2536 3407 2601 aliorum
3457 2536 3884 2613 simulatione,

2394 2638 2740 2721 hypocrisi,
2775 2638 3258 2719 suggestioneve
3307 2645 3688 2720 apparenter
3722 2637 3890 2701 bona

2397 2738 2822 2801 seduceretur.
2857 2736 3284 2800 Periculosum
3318 2744 3416 2798 est
3444 2735 3761 2817 equidem,
3794 2736 3892 2797 in·-

2397 2844 2492 2899 ter
2517 2834 2918 2898 simulatores
2944 2844 3008 2899 et
3028 2834 3293 2898 callidos
3317 2833 3715 2897 conversari:
3739 2834 3892 2915 quia

2397 2953 2559 3017 quos
2589 2953 2703 3016 per
2733 2934 3062 2997 evidenter
3091 2933 3258 2996 mala
3289 2950 3420 2995 non
3456 2940 3700 3014 queunt
3727 2932 3891 2997 deci-

796 3050 865 3096 ra
892 3031 1117 3106 salute,
1152 3039 1343 3112 atque
1373 3048 1447 3093 ex
1489 3029 1782 3092 vivorum
1820 3027 2174 3107 suffragiiS,
2211 3047 2286 3090 ex
2323 3040 2366 3105 c
2399 3051 2570 3115 pere,
2619 3031 2738 3094 sub
2788 3032 3001 3113 specie
3048 3030 3222 3107 boni,
3275 3038 3340 3094 et
3383 3049 3496 3113 per
3544 3029 3887 3093 amicitiam

793 3130 1229 3195 consolatione
1269 3148 1525 3213 quoque
1564 3132 1661 3209 (ut
1692 3127 1974 3192 creditur
2012 3127 2147 3209 pie)
2175 3146 2286 3189 an-

792 3230 1017 3313 gelica.
1064 3229 1205 3293 [deo
1260 3227 1475 3311 pusilli
1526 3226 1937 3291 scandalizari
1997 3242 2124 3289 non
2183 3225 2288 3294 de-

797 3329 971 3405 bent,
1006 3328 1058 3390 si
1089 3326 1462 3407 agnoverint
1499 3326 1707 3409 justos
1746 3324 1873 3388 cito
1911 3332 2021 3386 aut
2052 3324 2288 3406 impro-

798 3426 933 3493 vise
964 3428 1289 3501 decedere,
1313 3426 1465 3509 quia
1498 3427 1563 3489 in
1594 3424 1827 3487 talibus
1860 3432 2007 3486 sunt
2040 3422 2287 3486 occulta

799 3526 907 3593 Dei
937 3524 1197 3609 judicia.
1239 3525 1501 3608 Insuper
1540 3524 1745 3601 docet,
1788 3522 1957 3604 quod
1995 3522 2288 3603 quamvis

798 3625 1007 3707 justus
1044 3634 1247 3687 morte
1286 3630 1785 3706 praeoccupatuS,
1819 3639 1945 3682 non
1990 3619 2072 3683 sit
2112 3638 2292 3683 sene-

799 3732 1035 3788 ctutem
1063 3721 1457 3805 corporalem
1490 3720 1765 3794 sortituS,
1788 3718 2178 3801 spiritualem
2212 3727 2292 3780 ta-

802 3842 949 3886 men
996 3842 1069 3886 ac
1118 3820 1444 3885 meliorem
1495 3820 1763 3901 adeptus
1821 3826 1938 3882 est.
1989 3822 2292 3880 Senectus

802 3924 977 3983 enim
1010 3922 1393 3983 venerabilis
1422 3930 1511 3981 est
1551 3918 1958 3981 veneratione
1997 3936 2141 3999 quae
2170 3916 2293 3979 vir-

806 4019 925 4083 tuti
959 4018 1367 4101 impenditur,
1404 4038 1533 4079 non
1570 4018 1921 4089 diuturna,
1954 4036 2157 4095 neque
2186 4036 2294 4075 an·

804 4140 1043 4181 norum
1072 4136 1339 4179 numero
1368 4126 1759 4193 computata,
1785 4115 1848 4176 id
1879 4123 1995 4187 est,
2021 4132 2150 4177 non
2185 4113 2295 4175 illa

2401 3130 2620 3195 fictam
2681 3138 2932 3192 tentant
2976 3129 3235 3192 elidere.
3285 3130 3658 3191 Fuscinatio
3715 3132 3890 3189 enim

2399 3230 2820 3306 nuyacicaciS,
2856 3226 2919 3289 id
2963 3236 3060 3290 est
3106 3226 3400 3309 deceptio
3441 3226 3742 3290 vanitatis
3781 3246 3892 3290 seu

2402 3326 2826 3409 loquacitatiS,
2876 3329 3171 3387 obscurat
3228 3327 3414 3399 bona,
3460 3324 3524 3387 id
3575 3333 3692 3403 est,
3745 3343 3894 3389 vere

2403 3426 2570 3490 bona
2604 3424 2758 3489 facit
2788 3425 3175 3507 quandoque
3201 3442 3510 3506 apparere
3539 3442 3668 3487 non
3699 3423 3890 3499 bona,

2403 3534 2465 3589 et
2496 3524 2661 3587 mala
2701 3523 2856 3587 facit
2895 3524 3062 3586 bona
3091 3522 3299 3603 putari
3337 3540 3351 3583 :
3386 3521 3476 3584 ita
3502 3521 3673 3603 quod
3703 3521 3895 3585 homo

2405 3631 2573 3687 errat
2623 3622 2688 3683 in
2731 3621 3096 3702 judicando,
3130 3620 3294 3683 sicut
3331 3627 3501 3682 errat
3543 3638 3767 3682 sensus
3796 3637 3898 3682 ex-

2405 3721 2598 3785 terior
2617 3739 2694 3783 ex
2723 3718 3156 3781 incantatione
3187 3726 3252 3780 et
3279 3717 3538 3797 magicas
3565 3717 3720 3779 artis
3751 3715 3897 3779 illu-

2405 3821 2605 3884 sione.
2639 3819 2815 3881 Unde
2855 3819 2935 3880 ad
2967 3816 3214 3879 Galatas
3253 3816 3478 3880 scribit
3504 3815 3840 3898 Apostolus
3874 3836 3890 3879 :

3945 881 4052 924 rob.
4077 894 4106 931 ι,
4121 884 4160 921 4.
4276 866 4277 869 ¹

4013 1470 4085 1525 to

4017 2055 4080 2111 ss

4024 3148 4096 3201 12

2405 3920 2554 3995 Quis
2585 3937 2700 3983 vos
2740 3916 3079 3980 fascinavit
3127 3934 3254 3979 non
3299 3914 3561 3978 obedire
3598 3914 3894 3977 veritati?
3927 3940 4182 3987 samam..

2405 4020 2513 4081 Est
2537 4026 2749 4080 autem
2775 4015 3108 4079 fascinatio
3133 4014 3391 4097 proprie
3415 4014 3772 4088 incantatio,
3789 4021 3900 4075 aut

2408 4134 2708 4182 sensuum
2762 4114 2999 4191 illusio,
3048 4122 3156 4176 aut
3203 4112 3648 4175 transmutatio
3708 4111 3898 4173 unius

804 4236 950 4301 quae
985 4215 1120 4279 8010
1152 4223 1438 4297 tompore
1477 4221 1572 4276 est
1614 4220 1951 4295 protracta,
1985 4211 2137 4293 quia
2167 4229 2294 4274 non
2329 4222 2378 4285 D
2406 4236 2482 4280 ex
2513 4216 2655 4278 visu
2685 4212 2968 4287 alteriuS,
3001 4213 3180 4295 juxta
3211 4211 3369 4274 illud
3397 4210 3644 4291 Virgilii
3678 4228 3693 4273 ε

807 4324 959 4380 aetas
1001 4310 1305 4396 corporiS,
1337 4312 1442 4375 sed
1497 4310 1728 4374 mentis
1776 4309 2129 4386 maturitaS,
2163 4327 2299 4373 mo-

809 4431 1080 4494 rumque
1113 4410 1417 4495 probitas,
1451 4409 1699 4473 laudem
1732 4417 1795 4473 et
1834 4408 2140 4471 honorem
2171 4426 2299 4471 me-

813 4520 1051 4577 rentur.
1104 4509 1261 4573 Hinc
1308 4508 1604 4572 subditur
1641 4525 1653 4571 ε
1686 4509 1839 4569 cani
1883 4516 2101 4568 autem
2147 4514 2300 4567 sunt

811 4632 1031 4674 sensus
1062 4610 1366 4675 hominis,
1410 4608 1472 4671 id
1518 4615 1634 4685 est,
1686 4605 2093 4689 sapientiales
2142 4605 2303 4669 inte-

808 4710 1139 4791 rioresque
1183 4726 1408 4771 sensus
1441 4705 1719 4770 hominis
1755 4704 1933 4787 justi,
1968 4713 2116 4767 sunt
2154 4723 2302 4767 vere

809 4808 976 4885 cani,
1025 4806 1280 4881 maturi,
1314 4814 1377 4869 et
1416 4804 1732 4885 spirituali
1771 4803 1949 4867 senio
1994 4802 2298 4879 decorati,

812 4915 1032 4990 utpote
1073 4903 1549 4988 puerilitatibus
1589 4922 1660 4966 ac
1706 4901 2114 4985 passionibus
2155 4920 2307 4985 pue-

814 5024 1028 5071 rorum
1072 5012 1137 5067 ct
1176 5002 1677 5068 adolescentium
1723 5002 2163 5083 juvenumque
2206 5020 2307 5063 ea-

814 5112 1025 5169 rentes
1046 5119 1060 5165 :
1081 5102 1246 5167 sicut
1276 5102 1355 5164 de
1376 5100 1433 5165 S.
1450 5099 1785 5165 Benedicta
1817 5099 2012 5163 refert
2032 5098 2310 5179 Gregori-

816 5222 912 5281 us,
950 5203 1120 5285 quod
1158 5208 1403 5265 aetatem
1444 5200 1729 5264 moribus
1772 5198 2108 5273 transiens,
2142 5196 2306 5260 nulli

814 5300 1101 5367 animum
1144 5297 1458 5382 voluptati
1508 5298 1703 5363 dedit.
1742 5297 1818 5360 Et
1857 5298 1937 5361 de
1967 5297 2033 5359 B.
2068 5296 2308 5378 Agnete

2409 4369 2615 4419 Nescio
2647 4365 2774 4432 quis
2803 4370 3029 4417 teneros
3053 4364 3252 4415 oculus
3277 4363 3410 4415 mihi
3439 4362 3682 4414 fascinat
3701 4375 3898 4425 agnos.

2411 4506 2496 4568 De
2549 4522 2677 4585 qua
2727 4522 2794 4565 re
2843 4500 3173 4576 Platonici,
3220 4508 3283 4562 et
3333 4498 3655 4562 Avicenna
3712 4506 3905 4579 atque

2415 4603 2746 4679 Alkindus,
2797 4601 2996 4663 multa
3045 4600 3236 4663 etiam
3285 4598 3446 4662 falsa
3487 4596 3900 4679 scripserunt,

2413 4709 2604 4786 prout
2639 4700 2925 4781 AEgidius
2967 4699 3034 4760 in
3078 4705 3348 4761 tractatu
3392 4704 3614 4761 contra
3657 4714 3904 4759 errores

2415 4798 2966 4884 philosophorum,
2991 4805 3054 4859 et
3081 4796 3352 4860 Thomas
3383 4796 3450 4857 in
3481 4794 3738 4858 Summa
3765 4812 3906 4857 con-

2417 4909 2512 4962 tra
2540 4897 2832 4979 gentileS,
2852 4916 2924 4959 ac
2945 4894 3101 4989 alibi
3135 4895 3388 4978 plenius
3406 4901 3901 4977 prosequuntur.

2419 5001 2505 5061 Ec
2533 5000 2868 5058 incon-stan
2879 4998 2973 5057 tia
3009 4995 3559 5071 concupiscentioe,
3595 4992 3658 5054 id
3683 5001 3783 5055 est
3812 4991 3908 5053 in-

2417 5104 2714 5161 constans
2763 5092 3283 5176 concupiscentia
3326 5112 3398 5155 ac
3445 5090 3646 5155 libido
3699 5108 3714 5151 :
3765 5108 3906 5171 quae

2420 5196 2786 5259 inconstans
2816 5202 2934 5269 est,
2965 5193 3118 5274 quia
3158 5190 3402 5255 ratione
3433 5208 3561 5253 non
3595 5190 3814 5261 utitur,
3847 5198 3906 5251 et

2421 5296 2666 5377 impetu
2707 5310 2824 5357 suo
2865 5292 3089 5367 fertur,
3123 5290 3459 5372 modisque
3497 5287 3691 5352 variis
3721 5306 3908 5369 gene-
