4284 6267
809 504 889 569 24
1511 524 1864 571 manui-10
1905 524 1966 569 m
2006 523 2147 571 cn.
2192 524 2261 569 m
2300 523 2787 571 raommoacu.
2832 544 2915 555 —
2954 521 3097 571 m.
3142 526 3211 571 m

517 712 782 765 lamnas.
811 696 890 759 Et
921 717 1142 761 rursus
1172 696 1408 760 ibidem
1437 714 1452 759 :
1477 697 1636 760 Ecce
1665 713 1784 777 ego
1815 694 2071 758 declino
2099 694 2166 757 in
2196 712 2307 758 eos
2334 694 2385 757 Α
2496 698 2582 757 Et
2618 698 2909 756 invenies
2944 699 3235 774 qratiam
3270 708 3332 757 et
3354 698 3775 774 disciplinam
3804 697 3899 757 bo·
4044 706 4085 761 4

817 806 888 857 ut
931 795 1176 859 flumen
1219 794 1416 879 pacis.

633 893 670 949 3
897 896 1350 955 Misericordia
1393 905 1454 955 et
1493 897 1759 965 veritas,
1790 894 1854 957 id
1897 903 1994 956 est
2032 892 2301 975 justitia,

813 1014 944 1054 non
977 1003 1034 1053 te
1060 996 1358 1055 cle-serant
1378 1014 1402 1053 .·
1433 993 1496 1054 id
1525 1002 1644 1067 est,
1681 993 2116 1055 indesinenter
2143 991 2309 1054 habe

815 1090 884 1152 in
919 1098 978 1152 te
1005 1091 1510 1153 misericordiam
1540 1101 1732 1172 atque
1761 1091 2100 1172 justitiam,
2121 1090 2211 1153 ita
2240 1098 2309 1152 ut

813 1206 1008 1271 opera
1036 1188 1514 1265 misericordiae,
1551 1198 1676 1252 tam
1717 1189 2076 1272 spiritualia
2115 1209 2305 1271 quam

815 1287 1190 1370 corporalia,
1207 1306 1326 1370 pro
1356 1307 1542 1370 posse
1573 1298 1966 1364 exercea8‚et
1993 1287 2308 1369 justitiam

815 1404 946 1449 non
985 1386 1241 1449 omittas
1275 1404 1292 1449 z
1323 1387 1478 1468 quia
1519 1396 1582 1450 et
1629 1388 1722 1450 sic
1761 1388 2080 1450 interdum
2133 1388 2313 1467 igno-

815 1486 1123 1548 scendum
1161 1494 1255 1546 est
1303 1486 1533 1548 animae
1577 1486 1949 1568 peccatoriS,
1995 1494 2066 1547 ut
2105 1485 2310 1548 nihilo

815 1584 1030 1646 minus
1077 1584 1256 1665 juxta
1295 1604 1628 1647 censuram
1667 1584 1932 1666 justitiae
1979 1584 2305 1667 puniatur,

815 1691 926 1745 aut
975 1682 1166 1745 etiam
1209 1682 1534 1746 occidatur
1583 1683 1650 1745 in
1698 1701 1986 1766 corpore.
2011 1684 2141 1747 [mo
2188 1682 2309 1747 hoc

817 1779 1026 1862 ipsum
1061 1780 1516 1844 misericordiae
1549 1790 1668 1856 est,
1702 1782 1873 1863 quod
1912 1782 1978 1843 in
2007 1781 2309 1863 praesenti

2418 816 2577 855 nam
2603 816 2819 856 coram
2850 798 2978 857 Deo
3004 806 3065 855 et
3094 798 3461 856 hominibus
3488 816 3513 855 .·
3542 795 3607 857 id
3634 802 3752 871 est,
3786 814 3897 877 per

2420 893 2556 956 haec
2582 902 2885 976 acceptus
2914 902 2976 957 et
3014 894 3276 976 placens
3314 895 3441 957 eris
3478 894 3605 957 Deo
3642 914 3715 957 ae
3758 912 3901 975 pro-

2420 993 2647 1072 ximis;
2692 993 3288 1074 incrementumque
3327 993 3547 1073 gratiae
3588 1000 3653 1055 et
3693 991 3902 1075 profe-

2418 1100 2591 1155 ctum
2641 1092 2950 1154 virtutum
3002 1092 3415 1173 consequeris
3459 1090 3788 1167 divinituS,
3840 1099 3905 1153 et

2422 1190 2731 1272 proximis
2777 1190 3227 1272 disciplinatus
3274 1188 3615 1252 videberis.
3668 1189 3797 1251 lmo
3841 1197 3905 1251 et

2420 1289 2588 1351 bona
2645 1290 2982 1351 instructio
3031 1287 3453 1371 efficaciaque
3510 1289 3777 1353 docendi
3832 1308 3905 1352 ae

2419 1387 2877 1469 disciplinandi
2916 1387 3099 1463 alim,
3134 1387 3547 1451 conferentur
3582 1387 3699 1450 tibi
3728 1407 3765 1450 a
3792 1388 3908 1473 Do-

2420 1486 2621 1549 mino.
2674 1485 2792 1559 Qui
2842 1486 3017 1549 enim
3063 1487 3231 1549 dona
3276 1487 3550 1568 desuper
3588 1486 3713 1549 sibi
3760 1504 3909 1551 con-

2420 1604 2599 1649 cessa
2626 1584 3058 1648 communicat
3082 1584 3544 1661 aliiS,meretur
3570 1586 3831 1666 majora,
3844 1592 3909 1647 et

2420 1684 2819 1766 spiritualem
2851 1683 3249 1764 opulentiam
3276 1704 3313 1746 a
3342 1684 3469 1747 Deo
3497 1684 3909 1747 sortitur.Un-

2418 1786 2499 1847 de
2536 1791 2599 1847 et
2642 1783 2881 1846 Seneca
2924 1783 2990 1844 in
3036 1785 3168 1845 suis
3207 1782 3563 1847 Proverbiis
3588 1800 3603 1845 :
3626 1783 3906 1846 Eleemo-

817 1879 1202 1962 punitur,ne
1239 1880 1623 1943 aeternaliter
1652 1882 2132 1943 condemnetur.
2152 1881 2303 1943 Nam
2346 1885 2392 1946 B
2420 1902 2597 1965 syna,
2634 1882 2867 1963 inquit,
2891 1882 3037 1964 plus
3068 1883 3327 1964 prodest
3356 1881 3555 1959 danti,
3587 1900 3777 1964 quam
3807 1900 3907 1943 ac-

815 1987 880 2043 et
913 1996 1116 2060 poenae
1147 1980 1478 2059 praesentis
1507 1978 1654 2042 vitae
1687 1987 1838 2041 sunt
1865 1979 2304 2042 medicinales.

819 2078 1142 2153 Praeterea‚
1197 2077 1511 2159 triplicem
1563 2078 1896 2141 veritatem
1953 2078 2191 2141 hahere
2247 2086 2311 2141 et

815 2194 1196 2240 conservare
1247 2176 1576 2251 debemus»,
1608 2176 1934 2253 videlicet,
1973 2177 2306 2241 veritatem

817 2275 986 2351 vitae,
1019 2274 1348 2337 veritatem
1397 2274 1724 2351 doctrinae,
1757 2276 2086 2338 veritatem
2123 2274 2311 2355 justi-

817 2372 945 2449 tiae,
979 2380 1044 2435 et
1083 2390 1222 2435 esse
1265 2391 1520 2436 veraces
1564 2372 1632 2435 in
1678 2373 1914 2451 verbiS,
1951 2372 2309 2455 fidelesque

525 2500 788 2551 omma,
819 2471 1152 2555 proximis.
1194 2470 1352 2535 Hinc
1393 2472 1460 2533 in
1497 2472 1652 2535 Osee
1683 2472 1991 2554 scriptum
2032 2482 2168 2536 est:
2203 2472 2311 2535 Mi-

819 2569 1229 2633 sericordiam
1259 2578 1324 2633 et
1351 2570 1664 2651 judicium
1699 2572 1980 2650 eustodi3
2007 2580 2071 2633 et
2103 2571 2170 2633 in
2206 2572 2310 2633 Za-

544 2686 790 2739 Zaetmm.
819 2669 1060 2744 charia,
1095 2668 1440 2731 Veritatem
1493 2676 1738 2731 tantum
1787 2678 1850 2732 et
1898 2689 2115 2751 pacem
2166 2669 2311 2732 dili-

535 2753 602 2795 ¹⁹·
743 2843 752 2849 ,
817 2767 971 2847 gite.
1031 2764 1275 2829 Clarius
1332 2784 1590 2849 quoque
1647 2766 1842 2849 paulo
1899 2768 2185 2831 anterius
2241 2768 2306 2830 in

532 2886 790 2939 mama.
821 2866 1122 2930 Zacharia
1163 2866 1433 2929 hahetur
1467 2866 1831 2929 :Iudicium
1875 2887 2098 2931 verum
2139 2868 2311 2949 judi-

819 2973 979 3041 cate,
1013 2972 1076 3026 et
1105 2963 1608 3027 misericordiam
1639 2973 1703 3027 et
1741 2964 2183 3029 miserationes
2222 2964 2311 3028 fa-

820 3063 966 3139 cite,
1003 3063 1450 3145 unusquisque
1487 3061 1874 3127 cumfratre
1916 3082 2054 3127 suo.

904 3165 1252 3223 Circumda
1295 3183 1401 3222 eas
1434 3164 1700 3240 ¹qutturi
1742 3174 1872 3234 tu0,
1906 3162 1970 3225 id
2015 3170 2131 3239 est,
2166 3163 2311 3227 aliis

819 3279 1079 3343 quoque
1106 3260 1384 3343 praedica
1409 3278 1536 3337 eas,
1563 3269 1633 3323 ut
1661 3270 1724 3323 et
1752 3261 1878 3343 ipsi
1908 3279 2313 3343 nequaquam

821 3356 1324 3421 misericordiam
1357 3366 1420 3420 et
1447 3356 1778 3421 veritatem
1811 3357 2179 3440 relinquant
2212 3368 2315 3423 :et

537 3476 604 3519 ιι.
625 3479 792 3529 amn.
824 3466 1136 3539 quantum
1167 3457 1246 3519 ad
1283 3455 1425 3532 hoc,
1459 3457 1642 3536 quasi
1676 3456 1826 3519 tuba
1858 3456 2063 3520 exalta
2092 3477 2311 3522 vocem

530 3574 794 3626 osanna.
823 3564 1021 3617 tuam.
1055 3555 1132 3616 Et
1167 3553 1334 3617 sicut
1367 3554 1434 3616 in
1463 3553 1618 3618 Osee
1648 3554 2026 3631 habetur,ln
2059 3564 2315 3637 gutture

825 3662 935 3717 tuo
983 3653 1066 3715 sit
1115 3652 1289 3729 tuba,
1348 3660 1418 3714 ut
1467 3672 1612 3715 cum
1675 3661 1895 3716 sancto
1938 3655 2054 3718 Job
2103 3655 2315 3719 dicere

568 3770 652 3815 ,τοι
680 3785 794 3825 ιω,
823 3770 1020 3835 queas
1071 3771 1086 3815 :
1136 3751 1274 3814 Non
1322 3751 1470 3813 dedi
1517 3751 1597 3814 ad
1653 3752 2044 3833 peccandum
2094 3762 2316 3833 guttur

530 3837 598 3877 ³⁰·
823 3868 1060 3913 meum.
1099 3852 1184 3910 Ec
1231 3851 1509 3909 describe
1553 3870 1658 3910 eas
1699 3852 1772 3909 in
1825 3851 2060 3911 tabulis
2104 3855 2316 3913 cordis

827 3952 953 4019 tui,
987 3948 1050 4011 id
1085 3956 1184 4010 est
1213 3948 1280 4009 in
1311 3947 1660 4030 capacitate
1689 3956 1753 4011 et
1781 3948 2118 4013 latitudine
2149 3970 2316 4013 men-

825 4049 908 4111 tis
943 4056 1136 4129 atque
1174 4046 1498 4110 memoriae
1536 4056 1679 4110 tuae.
1710 4048 1800 4111 De
1830 4048 1930 4110 his
1963 4048 2197 4111 tabulis
2226 4050 2318 4113 ait

527 4164 797 4217 noemma.
825 4145 1164 4228 Apostolus
1198 4163 1213 4209 ε
1247 4144 1533 4227 Epistola
1578 4145 1732 4207 estis
1768 4144 2026 4222 Christi,
2079 4147 2315 4230 scripta

2418 1980 2707 2063 cipieuti.

2500 2081 2681 2140 Habe
2704 2080 3023 2157 fiduciam
3055 2082 3121 2138 in
3154 2079 3431 2140 Domino
3460 2100 3543 2138 ex
3572 2088 3693 2139 toto
3719 2082 3903 2139 corde
4046 2090 4089 2144 5

2421 2187 2529 2238 cuo
2550 2198 2573 2237 .·
2600 2176 2908 2258 quoniam
2940 2175 3077 2258 ipse
3106 2184 3201 2238 est
3242 2174 3515 2238 infinitae
3544 2176 3795 2257 pietatis
3823 2177 3899 2238 ad

2418 2276 2943 2347 succurrendum,
2965 2273 3365 2336 invariabilis
3393 2272 3679 2336 veritatis
3706 2274 3785 2335 ad
3816 2272 3902 2337 fa-

2416 2372 2717 2437 ciendum
2746 2373 2918 2453 quod
2950 2372 3355 2453 sperantibus
3389 2372 3454 2433 in
3488 2391 3555 2435 se
3587 2372 3896 2454 promisit,

2414 2481 2607 2553 atque
2654 2472 3061 2553 omnipotens
3116 2472 3193 2532 ad
3241 2471 3738 2553 exsequendum.
3788 2469 3900 2545 Qui

2416 2572 2505 2633 ait
2549 2589 2662 2652 per
2704 2569 2927 2631 isaiam
2952 2590 2968 2633 z
2996 2570 3129 2651 Ego
3179 2569 3503 2643 Dominus,
3539 2588 3731 2651 super
3776 2588 3901 2651 quo
3929 2587 4191 2639 stamas.

2418 2687 2545 2733 non
2594 2668 3070 2732 confundentur
3114 2685 3333 2730 omnes
3381 2668 3492 2749 qui
3538 2675 3904 2750 exspectant

2416 2786 2541 2830 me.
2576 2765 2691 2829 Cui
2730 2767 2821 2829 ait
2863 2766 3195 2829 Psalmista
3228 2784 3243 2827 t
3287 2766 3553 2849 Sperent
3578 2766 3645 2827 in
3676 2775 3759 2843 te,
3792 2766 3900 2847 qui
3944 2787 4105 2839 Pau,
4128 2789 4191 2830 n.

2418 2873 2734 2928 noverunt
2753 2865 3009 2927 ‘nomen
3052 2873 3255 2941 tuum,
3289 2865 3595 2946 quoniam
3640 2882 3767 2927 non
3799 2865 3905 2927 de-

2420 2964 2735 3046 reliquisti
2766 2972 3125 3047 quaerentes
3162 2973 3245 3042 te,
3281 2963 3565 3027 Domine.
3598 2963 3901 3044 Denique,

2367 3062 2715 3146 {quamvis
2763 3082 2909 3144 spes
2952 3062 3077 3125 ista
3114 3062 3181 3123 in
3223 3063 3348 3125 Deo
3378 3062 3608 3125 habeat
3637 3061 3907 3124 firmita-

2418 3172 2547 3225 tem
2580 3182 2653 3225 ac
2683 3161 3473 3243 certitudinem,quantum
3505 3168 3601 3223 est
3628 3180 3705 3223 ex
3734 3168 3909 3242 parte

2421 3261 2553 3335 Dei,
2588 3279 2663 3323 ex
2717 3280 2843 3342 qua
2893 3268 3071 3342 parte
3122 3279 3521 3341 nequaquam
3572 3260 3695 3323 erit
3739 3258 3911 3322 defe-

2422 3368 2562 3422 ctus
2609 3366 2841 3441 optatae
2891 3358 3113 3420 salutis
3162 3367 3225 3421 et
3268 3358 3524 3439 gratiae3
3576 3367 3787 3421 tamen
3832 3376 3911 3419 ex

2424 3466 2603 3539 parte
2646 3456 2869 3534 nostri,
2896 3456 3018 3520 hoc
3054 3465 3151 3519 est
3188 3476 3263 3521 ex
3306 3456 3577 3539 propriae
3610 3455 3911 3537 fragilita-

2424 3556 2527 3633 tis,
2563 3554 3065 3619 defectuositatis
3104 3574 3178 3618 ac
3216 3556 3421 3637 culpae
3464 3555 3914 3618 consideratio-

2425 3674 2528 3731 ne,
2564 3654 2753 3717 debet
2798 3654 2989 3715 timor
3030 3672 3169 3716 esse
3214 3654 3531 3717 admixtus
3570 3670 3585 3715 τ
3620 3672 3701 3717 ne
3748 3652 3911 3717 forte

2426 3752 2671 3832 indigni
2696 3752 2896 3814 simus
2925 3751 3233 3827 exaudiri,
3259 3751 3548 3833 adjuvari
3576 3758 3767 3833 atque
3796 3752 3912 3814 sal-

2424 3850 2559 3915 vari
2609 3870 2645 3911 a
2694 3850 2961 3913 Domino
3009 3858 3273 3932 propter
3318 3858 3536 3913 nostra
3582 3849 3906 3925 demerita,

2424 3957 2615 4033 prout
2667 3950 2733 4011 in
2786 3957 3055 4012 tractatu
3102 3949 3181 4011 de
3231 3948 3352 4030 Spe
3394 3948 3665 4011 Thomas
3706 3947 3913 4011 decla-

2426 4056 2542 4111 rat.
2593 4048 2725 4111 Imo
2776 4066 2893 4110 nec
2943 4047 3101 4109 certi
3152 4066 3373 4109 sumus
3420 4048 3501 4109 de
3552 4047 3693 4123 hoc,
3738 4047 3909 4129 quod

2424 4146 2771 4210 habeamus
2806 4165 2983 4228 spem
3016 4145 3351 4208 formatam
3382 4154 3443 4208 et
3476 4144 3809 4209 efficacem
3840 4143 3907 4206 in

825 4261 954 4307 non
992 4251 1370 4319 atramentO,
1401 4243 1511 4305 sed
1550 4242 1790 4325 Spiritu
1829 4244 1938 4307 Dei
1974 4245 2144 4325 vivi3
2186 4265 2313 4309 non
2344 4247 2395 4308 D
2424 4247 2571 4322 Dec,
2608 4264 2807 4327 quum
2847 4245 3213 4325 ignoremus
3244 4264 3325 4307 an
3358 4245 3556 4307 simus
3587 4244 3655 4306 in
3688 4242 3911 4307 carita-
3936 4264 4201 4313 scateam.

827 4342 894 4405 in
941 4340 1179 4404 tabulis
1217 4340 1510 4423 lapideiS‚
1553 4342 1664 4404 sed
1712 4342 1778 4403 in
1829 4342 2064 4405 tabulis
2103 4346 2314 4408 cordis

825 4440 1210 4504 carnalibus.
1240 4440 1417 4503 Unde
1446 4459 1560 4522 per
1586 4440 1979 4504 Ezechielem
2009 4442 2314 4508 Dominus

553 4550 720 4595 Ezech-
739 4564 797 4605 xz.
825 4539 987 4603 dixit
1038 4556 1053 4599 :
1106 4538 1276 4601 Dabo
1324 4537 1508 4602 vobis
1565 4558 1674 4602 cor
1730 4559 2054 4616 carneum,
2108 4540 2173 4604 id
2219 4550 2317 4605 est

528 4615 618 4719 {gf
649 4626 788 4667 xxm,
825 4637 1029 4710 molle,
1047 4636 1349 4713 flexibile,
1363 4644 1426 4699 et
1457 4636 1730 4700 faciliter
1759 4638 2151 4721 receptivum
2179 4658 2317 4721 gra-

823 4736 926 4799 tiae
967 4754 1040 4799 ac
1089 4735 1421 4798 virtutum.
1446 4736 1588 4799 Ideo
1631 4736 1860 4800 tabulae
1907 4738 2118 4801 cordis
2166 4747 2316 4801 sunt

821 4832 1246 4897 essentialiter
1275 4832 1663 4915 spirituales,
1704 4834 1996 4915 quamvis
2027 4854 2142 4917 per
2173 4854 2315 4917 pro-

819 4933 1154 5015 prietatem
1203 4938 1268 4994 et
1321 4930 1808 4995 similitudinem
1865 4933 2151 4995 carnales
2200 4952 2313 4997 vo-

818 5038 1064 5107 centur,
1119 5030 1284 5093 sicut
1339 5037 1404 5091 et
1453 5046 1563 5092 cor
1620 5030 1985 5093 nominatur
2031 5031 2307 5096 carnale.

814 5127 968 5192 Nam
999 5136 1064 5190 et
1090 5129 1271 5210 juxta
1298 5126 1777 5209 Philosophum,
1802 5128 2167 5192 intellectus
2200 5149 2311 5193 seu

2420 4344 2669 4407 fellino
2698 4344 2869 4406 inter
2896 4362 3071 4427 spem
3104 4352 3167 4406 et
3195 4343 3486 4405 timorem
3516 4362 3766 4425 semper
3794 4342 3915 4425 spi-

2424 4442 2740 4505 ritualiter
2772 4440 2925 4505 moli
2966 4440 3295 4518 debemus,
3328 4448 3399 4503 ut
3436 4458 3581 4523 spes
3622 4439 3705 4503 sit
3745 4440 3913 4503 mola

2424 4540 2735 4622 superior,
2770 4540 3113 4603 sublevans
3158 4539 3223 4601 in
3264 4539 3562 4615 sublime,
3598 4548 3661 4602 et
3697 4540 3915 4621 despe-

2423 4638 2735 4701 rationem
2775 4657 2849 4701 ac
2890 4636 3486 4720 pusillanimitatem
3524 4636 3911 4715 excludens3

2424 4737 2615 4799 timor
2643 4755 2795 4800 vero
2826 4737 2909 4798 sit
2940 4736 3109 4799 mola
3143 4735 3433 4809 inferior,
3478 4736 3916 4818 praesumptio-

2426 4853 2571 4897 nem
2621 4842 2685 4897 et
2734 4833 3210 4897 immoderatam
3264 4832 3665 4896 securitatem
3715 4833 3919 4915 repel-

2425 4932 2563 4994 lens
2617 4948 2632 4993 :
2685 4932 2850 4995 sicut
2898 4932 2966 4993 in
3018 4930 3202 4994 tertia
3248 4940 3429 5014 parte
3467 4931 3741 4994 Summae
3784 4949 3915 4994 suae

2421 5030 2964 5094 Antisiodorensis
3006 5030 3274 5093 inducit.

2502 5133 2587 5192 Ec
2618 5150 2697 5190 ne
2734 5131 3050 5190 innitaris
3086 5130 3453 5207 prudentiae
3495 5140 3643 5201 tuce,
3680 5128 3742 5191 id
3792 5138 3909 5207 est,

815 5226 1032 5289 anima
1079 5226 1146 5289 in
1193 5225 1518 5309 principio
1567 5226 1690 5306 sui,
1731 5235 1830 5290 est
1870 5227 2049 5291 velut
2093 5226 2309 5291 tabula
2416 5228 2692 5312 propriae
2731 5228 3088 5310 prudentiae
3118 5234 3230 5289 aut
3264 5227 3541 5290 naturali
3583 5228 3911 5291 industriae

819 5341 981 5385 Pasa.

2414 5344 2543 5390 non
2576 5326 2909 5404 inhaereaS,
2942 5334 3247 5407 tanquam
3279 5325 3395 5389 tibi
3427 5324 3763 5389 sufficiant
3791 5344 3909 5409 pro
