4284 6267
645 1149 715 1204 23

645 1642 717 1697 24

639 2921 711 2976 25

846 459 963 523 130
1496 478 1845 526 manuario
1888 478 1953 524 m
1992 477 2131 525 car.
2183 479 2290 524 xix
2333 477 2819 526 rnovnnmonuu.
2867 499 2946 509 —
2987 480 3127 528 mr.
3174 481 3280 528 xix

840 667 976 728 paS‚
1025 648 1429 730 indigentiam,
1478 658 1788 732 quantum
1837 652 1916 713 ad
1974 650 2145 713 bona
2191 647 2332 711 ani·
2363 647 2414 710 A
2442 650 2617 713 derio
2649 650 3083 734 perfectioniS,
3119 650 3338 715 invitis
3368 650 3738 733 parentibus
3765 667 3933 714 com-

837 764 978 822 mae,
1030 745 1150 809 rite
1198 749 1620 831 perpendenS,
1669 748 2030 811 misericors
2079 755 2197 811 est.
2249 749 2332 809 Et
2441 749 2787 830 potentiam
2833 750 3238 828 habentibuS,
3275 749 3480 830 fugiat
3521 747 3931 828 eoS,religio-

837 847 1065 905 melior
1091 857 1181 907 est
1201 867 1477 927 pauper,
1502 855 1571 909 ut
1600 847 1770 925 talis,
1795 869 1993 928 quam
2025 851 2129 908 vir
2162 867 2330 908 men·
2443 867 2589 912 nem
2621 849 2939 926 intrando,
2973 848 3295 912 laudabile
3323 857 3439 911 est.
3465 885 3537 894 -
3567 851 3710 910 Non
3739 867 3931 908 cesses
4065 855 4137 909 27

835 946 1021 1004 clam:
1052 944 1201 1025 quia
1245 955 1584 1028 paupertas
1627 965 1757 1009 non
1796 954 2043 1008 tantum
2097 944 2334 1008 malifi-
2443 955 2728 1030 tempore
2781 956 3140 1030 opportuno
3196 950 3453 1017 audire,
3507 948 3636 1024 fili,
3687 947 3927 1007 doctri-

839 1050 941 1103 cat
972 1061 1308 1124 personam
1340 1044 1506 1107 sicut
1534 1046 1959 1108 mendacium.
2443 1067 2598 1108 nam
2627 1067 2651 1106 .·
2678 1045 2830 1128 quia
2870 1045 3304 1109 indesinenter
3333 1045 3584 1108 studere
3621 1043 3928 1107 debemus

927 1143 1143 1202 Timor
1167 1145 1438 1205 Domini
1466 1147 1552 1204 ad
1598 1147 1823 1215 vitam,
1869 1144 1935 1207 id
1978 1152 2093 1220 est,
2134 1143 2328 1206 timor
2441 1143 2832 1208 incremento
2863 1143 3144 1207 scientiae
3168 1163 3241 1207 ac
3261 1143 3733 1224 virtutum3nec
3753 1145 3930 1220 ἑρπο-

840 1237 1062 1301 filialis
1108 1241 1187 1302 ad
1237 1241 1433 1304 vitam
1484 1241 1739 1305 deducit
1796 1242 2046 1305 beatam
2081 1260 2097 1322 ;
2149 1253 2209 1303 et
2256 1243 2330 1302 in
2438 1264 2538 1304 res
2564 1264 2881 1305 sermones
2904 1245 3211 1314 scientioe,
3246 1242 3308 1305 id
3339 1250 3454 1317 est,
3489 1260 3568 1304 ne
3601 1240 3929 1320 contingat

832 1341 1267 1416 plenitudine,
1292 1339 1356 1402 id
1387 1348 1482 1402 est
1512 1340 1704 1422 plena
1732 1340 2145 1417 beatitudine,
2169 1361 2333 1402 com·
2441 1348 2502 1404 te
2534 1360 2661 1404 non
2700 1341 3056 1422 intelligere
3087 1340 3465 1404 doctrinalia
3495 1348 3557 1402 et
3587 1339 3926 1421 sapientia-

841 1439 1204 1498 morabilur
1241 1441 1474 1517 absque
1512 1441 1883 1500 visitatione
1921 1441 2216 1517 pessimi,
2266 1439 2329 1501 id
2443 1439 2528 1502 lia
2558 1438 2774 1502 verba.

838 1541 936 1596 est
963 1534 1224 1612 diaboli,
1258 1537 1359 1599 cui
1400 1537 1479 1599 ad
1517 1537 1736 1600 Beatos
1779 1537 1993 1600 nullus
2036 1546 2209 1620 patet
2238 1557 2332 1600 ac·
2527 1540 2722 1600 Testis
2751 1540 3020 1618 iniquus
3051 1541 3301 1598 deridet
3325 1539 3688 1615 judicium,
3723 1535 3786 1599 id
3826 1543 3928 1598 est
4063 1546 4138 1601 28

842 1650 1079 1694 cessuS.
1115 1669 1194 1679 —
1222 1638 1570 1696 Abscondil
1602 1639 1791 1714 piqer
1835 1658 2105 1698 manum
2140 1658 2330 1697 suam
2437 1636 2674 1717 justam
2715 1636 3043 1700 sententiaa
3076 1635 3496 1718 prolationem
3532 1652 3546 1697 :
3581 1635 3732 1716 quia
3774 1651 3930 1715 prae-

839 1733 956 1790 sub
986 1736 1243 1803 ascella,
1263 1755 1376 1793 nec
1403 1738 1491 1794 ad
1520 1754 1584 1794 os
1610 1755 1805 1796 suum
1836 1738 2121 1813 applicat
2142 1757 2286 1796 eam
2305 1754 2328 1796 .·
2440 1734 2637 1795 sumit
2667 1753 2734 1797 se
2765 1733 3045 1797 falsitate
3079 1734 3426 1797 testimonii
3468 1734 3566 1796 sui
3597 1752 3781 1816 posse
3812 1732 3929 1793 im-

838 1828 901 1890 id
945 1838 1060 1908 est,
1094 1831 1174 1893 ab
1218 1832 1587 1913 operatione
1625 1833 1791 1896 bona
1835 1853 1903 1896 se
1952 1833 2237 1910 retrahit,
2266 1842 2329 1896 et
2367 1836 2411 1896 B
2444 1833 2660 1914 pedire
2718 1851 2798 1895 ne
2857 1831 3266 1915 proferatur;
3318 1851 3437 1896 nec
3493 1831 3682 1894 etiam
3742 1831 3924 1892 timet

836 1946 1099 1990 manum
1147 1930 1338 2011 capiti
1390 1949 1505 1992 suo
1554 1931 1855 2013 supponit
1904 1933 1981 1994 ad
2028 1931 2328 2014 apodian-
2436 1931 2750 2011 judicium
2780 1930 2911 2008 Dei,
2946 1949 3140 2013 quem
3176 1939 3298 1994 tam
3331 1930 3693 1994 intimorate
3721 1927 3928 1993 offen-

835 2025 987 2087 dum
1017 2036 1081 2090 et
1107 2028 1553 2092 dormiendum
1595 2049 1670 2092 ex
1711 2039 1999 2112 torpor03
2052 2050 2168 2094 nec
2212 2031 2327 2092 du-
2435 2029 2550 2092 dit.
2591 2033 2670 2092 Ec
2699 2051 2764 2090 os
2797 2032 3151 2107 impiorum
3177 2033 3447 2090 devorat
3476 2031 3923 2109 iniquitate-m,

835 2123 922 2187 cit
952 2143 1093 2187 eam
1120 2128 1199 2189 ad
1239 2144 1309 2189 os
1350 2146 1557 2204 suum,
1602 2128 1666 2190 id
1709 2137 1824 2206 est,
1861 2148 1936 2192 ea
1967 2148 2110 2210 quae
2139 2130 2326 2193 docet
2436 2128 2501 2190 id
2547 2137 2664 2204 est,
2699 2127 2768 2190 in
2816 2127 3029 2193 verbis
3067 2127 3388 2190 mendosis
3433 2136 3495 2191 et
3540 2125 3926 2192 testimoniis

836 2231 899 2285 et
930 2223 1070 2299 scit,
1106 2242 1232 2287 non
1265 2224 1439 2302 facit,
1478 2245 1591 2291 nec
1632 2227 1923 2309 providet
1962 2228 2057 2290 ori
2100 2229 2180 2290 de
2223 2248 2326 2292 ne—
2437 2224 2618 2290 falsis
2665 2227 3036 2306 delectatur,
3073 2226 3257 2307 quasi
3309 2227 3374 2290 in
3423 2226 3588 2302 cibe,
3623 2233 3686 2288 et
3735 2244 3806 2287 ea
3857 2225 3926 2286 in

834 2322 1127 2384 cessariis
1170 2322 1538 2387 laborando.
1569 2323 1929 2387 Secundum
1974 2325 2222 2410 Lyram,
2259 2327 2323 2388 in
2436 2344 2544 2389 cor
2574 2344 2758 2388 suum
2790 2324 3080 2404 deglutit.
3106 2325 3170 2386 ln
3205 2343 3476 2406 quorum
3507 2342 3779 2406 persona
3809 2321 3930 2386 fer·

835 2417 1096 2484 Hebraeo
1125 2420 1415 2498 habetur,
1452 2421 1578 2484 Sub
1608 2422 1885 2485 caldaria
1918 2440 1931 2484 :
1968 2432 2039 2485 ut
2072 2425 2155 2486 sit
2187 2443 2328 2488 sen-
2438 2431 2538 2485 tur
2567 2424 2634 2485 in
2675 2423 2833 2486 lsaia
2876 2441 2889 2484 :
2929 2423 3257 2486 Posuimus
3299 2421 3704 2486 mendacium
3742 2440 3924 2504 spem
4001 2445 4231 2493 amm.

836 2537 966 2594 ειιε,
1000 2520 1171 2600 quod
1204 2518 1382 2601 piger
1416 2527 1697 2602 tempore
1728 2521 1961 2601 frigido
1993 2523 2328 2586 comestio-
2437 2531 2741 2600 nostram,
2766 2529 2827 2584 et
2857 2521 3187 2584 mendacio
3222 2520 3484 2603 protecti
3515 2539 3757 2583 sumus,
3779 2519 3927 2594 Qui·
3959 2510 4026 2549 ¹⁵·

836 2635 984 2679 nem
1014 2617 1442 2700 interrumpit,
1463 2638 1689 2681 manus
1720 2640 1865 2682 suas
1889 2619 2323 2684 calefaciendo
2439 2619 2555 2682 bus
2590 2628 2653 2681 et
2693 2619 2881 2682 Amos
2923 2619 3234 2701 propheta
3276 2618 3430 2682 dicit
3465 2618 3627 2681 :-Vae
3666 2617 3778 2700 qui
3821 2618 3927 2680 lae-
4005 2641 4152 2681 Amos
4180 2655 4228 2688 a,

838 2714 916 2776 ad
947 2716 1182 2795 ignem,
1208 2716 1329 2779 sub
1358 2717 1485 2780 olla
1514 2737 1705 2800 super
1734 2719 1945 2798 ignem
1983 2721 2324 2801 pendente,
2440 2717 2660 2780 tamini
2702 2717 2767 2779 in
2811 2716 3022 2792 nihili,
3059 2716 3171 2799 qui
3209 2717 3610 2780 convertistis
3651 2717 3716 2779 in
3753 2734 3927 2779 ama-
3959 2705 4026 2752 ¹⁴·
4055 2706 4124 2746 ¹³·

837 2811 937 2875 vel
967 2814 1044 2875 ad
1074 2815 1394 2877 ascellam.
1430 2816 1551 2879 Sed
1584 2817 1988 2880 hoc-videtur
2017 2819 2211 2881 etiam
2246 2820 2327 2881 ab
2437 2815 2782 2879 titudinem
2828 2815 3165 2897 judicium,
3221 2824 3284 2878 et
3338 2813 3614 2878 fructum
3660 2814 3926 2897 justitiae

834 2909 981 2974 aliis
1027 2910 1191 2974 fieri.
1227 2949 1301 2960 —-
1338 2917 1682 2976 Pestilente
1718 2919 2073 2993 flaqellato,
2117 2918 2181 2979 id
2231 2927 2326 2980 est
2438 2914 2502 2975 in
2532 2913 2952 2976 absinthium.
2991 2915 3300 2994 Denique,
3335 2913 3412 2977 Os
3443 2913 3786 2996 impiorum
3818 2915 3930 2976 de-

837 3008 1057 3092 impio,
1084 3012 1193 3092 qui
1232 3013 1390 3076 alios
1429 3014 1624 3077 verbo
1662 3022 1773 3076 aut
1813 3015 2103 3097 exemplo
2149 3036 2327 3080 scan-
2361 3015 2404 3077 C
2441 3021 2617 3076 vorat
2663 3012 3093 3094 iniquitatem,
3129 3013 3194 3074 id
3238 3021 3333 3075 est
3370 3013 3539 3075 hona
3583 3011 3780 3094 impie
3823 3031 3928 3075 ac-

834 3108 1062 3171 dalizat
1106 3119 1169 3172 et
1214 3110 1446 3186 inficit,
1480 3111 1694 3175 debite
1743 3114 1968 3195 punito
2012 3125 2073 3177 et
2116 3133 2326 3178 corre·
2435 3111 2692 3193 quisita,
2727 3112 2878 3193 quia
2909 3111 3278 3193 frequenter
3308 3111 3632 3194 accipiunt
3659 3129 3926 3174 munera

834 3213 1211 3284 cto,stul›tas
1240 3212 1597 3289 sapientior
1625 3213 1750 3271 erit
1780 3233 1801 3271 .·
1836 3212 1988 3293 quia
2024 3231 2101 3276 ex
2132 3233 2322 3295 poena
2435 3210 2512 3271 ad
2553 3209 3016 3292 perhibendum
3063 3208 3426 3273 testimonia
3467 3208 3650 3273 falsa.
3685 3245 3762 3254 —-
3791 3213 3924 3272 Pa·
4057 3225 4136 3278 29

832 3304 1092 3369 alterius
1141 3307 1344 3370 oritur
1382 3307 1503 3370 sibi
1561 3309 1769 3386 timor,
1803 3329 1931 3392 quo
1979 3330 2016 3372 a
2058 3311 2327 3392 quibus·
2432 3319 2581 3370 rata
2616 3319 2769 3370 sunt
2806 3310 3198 3370 derisoribus
3235 3309 3525 3372 veritatis
3563 3316 3624 3371 et
3665 3308 3923 3389 aequita-

833 3403 977 3466 dam
1010 3405 1194 3468 malis
1236 3406 1599 3485 retrahitur,
1634 3416 1699 3470 et
1734 3409 1822 3471 ita
1864 3410 2214 3492 sapientior
2247 3410 2324 3472 rit
2435 3408 2537 3485 tis,
2573 3408 2845 3484 judicia
2893 3428 2915 3467 .·
2963 3407 3264 3488 quoniam
3321 3408 3480 3470 Deus
3527 3415 3784 3489 paratus
3823 3415 3920 3469 est

546 3525 682 3568 irim
696 3527 805 3576 vau.
835 3520 1025 3583 quam
1058 3503 1200 3567 fuit.
1233 3504 1411 3568 Unde
1436 3506 1775 3588 Apostolus
1810 3507 1901 3570 ait
1932 3526 1945 3570 :
1980 3509 2322 3572 Peccantes
2433 3524 2541 3570 eos
2578 3506 2864 3587 judicare
2905 3515 2969 3569 et
3006 3506 3450 3582 condemnare,
3491 3506 3670 3586 juxta
3707 3505 3916 3568 illud:

640 4393 712 4449 26

832 3618 1043 3663 coram
1091 3602 1389 3666 omnibus
1436 3622 1651 3685 argue,
1696 3613 1764 3667 ut
1803 3615 1866 3668 et
1902 3607 2098 3670 ceteri
2139 3607 2325 3670 timo-
2436 3605 2567 3667 Stat
2615 3606 2692 3667 ad
2748 3605 3165 3685 judicandum
3223 3604 3550 3668 DominuS.
3601 3604 3678 3666 Et
3729 3603 3921 3666 Judas
3979 3634 4214 3685 1.‚„.‚.2‚

834 3717 966 3761 rem
998 3699 1384 3765 habeant.Et
1415 3703 1650 3766 Seneca
1682 3704 1965 3786 loquitur
1992 3723 2005 3767 :
2034 3706 2317 3788 SapienS,
2433 3704 2522 3765 ait
2559 3721 2570 3764 :
2609 3704 2766 3766 Ecce
2799 3703 2975 3767 veuit
3004 3703 3310 3767 Dominus
3340 3701 3550 3766 facere
3578 3701 3915 3783 judicium,
3949 3732 4226 3781 ,mana

832 3817 907 3860 ex
959 3801 1350 3864 correctione
1403 3803 1643 3883 peccati
1695 3803 1981 3880 alteriuS,
2027 3806 2324 3868 emendat
2430 3810 2496 3864 et
2533 3819 2794 3881 arguere
2835 3801 3088 3883 impios,
3122 3802 3188 3863 ln
3231 3801 3368 3880 lege
3405 3818 3662 3883 quoque
3699 3800 3920 3865 divina

832 3914 1039 3958 suum.
1066 3900 1146 3960 Si
1166 3908 1381 3959 aulem
1404 3902 1798 3977 corripueris
1828 3905 2202 3980 sapientem,
2229 3907 2323 3964 in·
2433 3920 2506 3963 ac
2552 3898 2846 3982 positiva,
2900 3899 3193 3961 instituta
3249 3906 3398 3960 sunt
3453 3899 3626 3980 justa
3679 3898 3922 3979 judicia

834 3995 1071 4071 telliyet
1106 3998 1554 4073 disciplinam,
1593 3997 1657 4060 id
1698 4005 1814 4074 est,
1849 4001 2316 4083 correptionem
2433 4007 2652 4062 contra
2693 3997 2871 4060 taleS.
2913 4000 2991 4058 Et
3023 4000 3245 4058 mallei
3259 3999 3687 4075 percutientes
3716 3997 3920 4079 parati

837 4089 1010 4153 illam
1042 4100 1361 4174 gratanter
1392 4103 1691 4176 tanquam
1724 4096 2109 4162 beneficium
2145 4120 2322 4164 acce·
2433 4104 2582 4158 sunt
2621 4099 2990 4166 stultorum,
3035 4095 3100 4157 id
3150 4103 3245 4156 est
3295 4094 3662 4176 impiorum,
3703 4115 3921 4172 corpo-

837 4189 1064 4272 ptabit,
1114 4192 1573 4256 considerando
1624 4196 1795 4277 quod
1848 4197 1931 4259 sit
1979 4199 2320 4280 disciplina
2356 4199 2403 4260 D
2431 4198 2612 4255 ribus
2641 4215 2665 4258 .·
2696 4193 2932 4276 quibus
2975 4193 3168 4256 etiam
3212 4192 3276 4254 in
3329 4193 3446 4256 hac
3489 4194 3618 4256 vita
3666 4212 3781 4275 pro
3830 4195 3920 4256 di-

838 4289 1121 4369 quaedam
1153 4290 1595 4373 medicinaque
1624 4294 1877 4358 animae.
2431 4294 2631 4356 versis
2671 4292 2960 4373 flagitiis,
2997 4291 3168 4354 varia
3197 4299 3260 4354 et
3288 4310 3501 4354 amara
3537 4290 3920 4373 infliguntur

936 4389 1063 4456 Qui
1108 4390 1342 4466 affliqit
1386 4399 1637 4468 patrem
1692 4403 1752 4453 el
1798 4394 1978 4471 fuyit
2026 4405 2318 4468 matrem,
2432 4400 2767 4466 tormenta,
2817 4399 2887 4453 ut
2927 4389 3412 4470 flagellationeS,
3459 4391 3914 4468 mutilationes,

836 4487 1301 4562 iqnominiosus
1334 4490 1457 4547 erit
1486 4499 1545 4548 et
1584 4491 1827 4567 infelioe
1858 4511 1881 4553 .·
1925 4492 2077 4574 quia
2115 4493 2323 4573 ingra-
2431 4490 2796 4572 suspendia,
2832 4489 3198 4564 rotationeS,
3232 4508 3305 4552 ac
3337 4487 3699 4552 consimilia
3733 4505 3921 4568 gene·

835 4582 1119 4646 tissimus
1149 4593 1246 4647 est
1274 4586 1745 4666 parentibuS,et
1777 4591 1981 4652 reddit
2012 4591 2176 4654 mala
2207 4611 2321 4674 pro
2433 4608 2502 4651 ra
2556 4589 2778 4652 mortis
2816 4608 2833 4669 3
2888 4586 3228 4651 infernalia
3287 4607 3545 4670 quoque
3600 4588 3917 4671 supplicia

836 4680 1043 4744 boniS.
1101 4681 1407 4745 Similiter
1451 4685 1563 4766 qui
1615 4686 2012 4766 spiritualem
2072 4698 2320 4772 patrem
2431 4687 3006 4769 impoenitentibuS,
3054 4687 3588 4768 quemadmodum
3641 4688 3704 4749 in
3757 4686 3920 4770 Apo-

832 4797 944 4840 seu
986 4779 1317 4860 praelatum
1360 4780 1603 4864 affligit
1644 4803 1759 4846 sua
1809 4784 2176 4865 rebellione,
2210 4796 2322 4850 aut
2429 4786 2668 4868 calypsi
2720 4785 2977 4859 dicitur,
3030 4784 3296 4847 Timidis
3347 4793 3410 4848 et
3457 4784 3804 4848 incredulis
3853 4795 3918 4848 et
3969 4808 4115 4862 Αροο.
4139 4823 4226 4853 m.

834 4877 1266 4958 perversitate,
1310 4880 1411 4942 vel
1460 4880 1867 4962 negligentia,
1919 4891 1983 4946 et
2031 4903 2069 4947 a
2116 4896 2318 4949 matre
2427 4883 2789 4960 exsecratiS,
2834 4891 2898 4946 et
2943 4882 3242 4946 omnibus
3287 4882 3723 4960 mendacibuS,
3767 4901 3915 4966 pars
3945 4872 3986 4912 ⁸·

829 4993 945 5036 sua
975 4974 1255 5038 Ecclesia
1289 4987 1508 5040 sancta
1544 4979 1828 5056 discedit,
1864 4981 2314 5046 abominabilis
2430 4981 2685 5044 illorum
2744 4981 2865 5044 erit
2921 4981 2986 5043 in
3052 4989 3276 5059 stagno
3337 4981 3584 5044 ardenti
3647 4980 3798 5063 igne
3851 4991 3918 5044 et

826 5079 947 5150 est,
982 5081 1045 5136 et
1083 5073 1337 5155 peribit.
1376 5075 1847 5156 Verumtamen,
1884 5079 1937 5142 si
1977 5081 2123 5163 quis
2155 5083 2320 5146 desi·
2431 5078 2700 5143 sulfure.
