4284 6267
171 697 227 751 31

96 1066 114 1086 a
134 999 227 1042 Luc.
242 1013 323 1050 xvi,

172 1179 233 1235 32

200 2755 223 2809 1

1060 518 1415 566 mammo
1458 519 1521 564 m
1564 519 1703 566 cAr.
1748 519 1814 565 xi
1858 519 2340 568 rnovnnmomm.
2388 541 2468 552 -
2511 524 2653 570 aar.
2699 524 2763 569 xl
3375 507 3448 570 71

422 692 505 752 Os
518 691 705 766 justi
718 692 1051 770 parturiet
1070 692 1487 770 sapientiam,
1519 691 1586 752 id
1615 699 1736 766 est,
1762 690 1857 771 ju·
1885 691 1936 753 A
1967 690 2316 773 proferant.
2350 693 2526 756 Unde
2564 705 2780 758 monet
2816 695 3156 777 Apostolus
3188 712 3202 757 :
3237 694 3457 759 Omnis
3509 713 3671 770 Εριιω.
3691 727 3750 766 w.

348 795 451 848 sta
496 806 573 850 ac
612 788 1018 870 sapientialia
1048 788 1331 872 proferet
1368 789 1595 868 verba;
1626 792 1857 868 linqua

352 985 769 1048 damnabitur
798 1005 813 1048 ε
848 987 1014 1051 sicut
1050 997 1113 1050 et
1139 989 1329 1070 epulo
1361 989 1428 1050 in
1459 987 1713 1052 inferno
1754 1008 1860 1070 pe-

356 1081 457 1145 tiit
490 1083 783 1166 linguam
814 1105 994 1148 suam
1030 1085 1762 1166 refrigerari,insinuans
1792 1105 1859 1150 se

355 1181 419 1244 in
452 1202 529 1246 ea
559 1184 824 1263 gravius
853 1183 1146 1249 cruciari.
1182 1222 1259 1232 —
1290 1189 1494 1248 Labia
1510 1189 1689 1264 justi
1717 1207 1861 1248 con-

350 1284 653 1344 siderant
677 1287 933 1361 placita
961 1306 983 1344 .·
1014 1284 1080 1346 id
1108 1293 1226 1362 est,
1244 1285 1457 1366 justus
1488 1305 1602 1347 sua
1631 1284 1863 1348 discre-

352 1381 528 1445 tione
564 1383 929 1464 perpendit,
964 1390 1035 1446 ut
1064 1382 1233 1446 labia
1272 1402 1384 1446 sua
1415 1384 1759 1464 loquantur
1786 1402 1863 1448 ea

352 1500 495 1562 quae
524 1481 657 1544 Deo
687 1489 751 1544 et
781 1481 1090 1564 proximis
1122 1483 1350 1545 merito
1388 1481 1625 1545 debent
1654 1483 1863 1564 place-

353 1597 441 1655 re,
476 1588 548 1642 ut
582 1599 713 1644 non
748 1579 879 1643 nisi
909 1579 1330 1644 aedisicatoria
1358 1588 1553 1661 atque
1582 1581 1865 1645 salubria

1966 809 2175 854 sermo
2214 792 2416 854 malus
2449 811 2524 856 ex
2553 812 2662 856 ore
2699 803 2910 857 vestro
2949 813 3078 857 non
3119 795 3453 877 procedat3
3483 779 3551 820 ²⁹·

344 907 714 965 pravorum
741 891 985 966 peribit
1015 911 1038 950 .·
1068 889 1221 970 quia
1261 898 1522 970 propter
1559 889 1714 953 vitia
1743 909 1859 952 sua
1968 891 2080 952 sed
2108 891 2220 971 qui
2255 891 2430 954 utilis
2471 901 2566 954 est
2592 894 2673 956 ad
2702 892 3218 971 aedificationem,
3252 901 3323 954 ut
3355 893 3461 957 det

1965 991 2234 1069 gratiam
2274 991 2581 1054 audienti.
2615 994 2702 1052 Ec
2729 1013 2794 1052 os
2829 995 3183 1069 impiorum
3201 1012 3462 1070 perver-

1966 1110 2061 1161 sa,
2098 1089 2162 1150 id
2193 1097 2310 1164 est,
2345 1090 2751 1153 considerant
2793 1089 2977 1173 impii
3006 1090 3282 1171 qualiter
3320 1109 3465 1173 pos-

1972 1188 2099 1250 sint
2139 1207 2324 1265 vana,
2368 1186 2601 1252 frivola
2637 1196 2700 1252 et
2740 1189 2967 1252 nociva
3009 1189 3199 1253 effari
3234 1209 3247 1254 ε
3287 1197 3351 1251 et
3385 1208 3464 1252 ex

1972 1286 2288 1349 industria
2335 1296 2639 1350 evomunt
2688 1287 2858 1364 talia,
2908 1288 3060 1369 quia
3108 1287 3176 1350 in
3225 1308 3338 1350 sua
3379 1288 3465 1351 lo-

1971 1385 2290 1468 quacitate
2339 1404 2411 1448 ac
2459 1387 2872 1465 perversitate
2920 1387 3358 1467 delectantur3
3401 1395 3464 1450 et

1971 1503 2139 1566 saepe
2173 1483 2479 1546 libentius
2510 1484 2844 1567 proferunt
2873 1503 2944 1546 ea
2986 1503 3129 1565 quae
3155 1484 3465 1548 audienti-

1973 1583 2095 1646 bus
2124 1582 2488 1664 displicent,
2522 1603 2712 1665 quam
2745 1601 2889 1665 quae
2918 1582 3192 1668 placent.

1496 1999 2153 2087 ARTICULUS
2230 2001 2354 2085 XI

540 2275 861 2321 Enosmo
904 2273 1182 2322 CAPITULI
1222 2273 1513 2321 ormnem
1555 2275 1569 2319 2
1616 2275 1893 2321 STATERA
1934 2275 2168 2322 DoLosA
2211 2276 2588 2323 ABomNATlo
2631 2278 2742 2324 EST
2784 2279 2945 2326 APUD
2986 2280 3285 2328 noumtm.

502 2554 788 2623 STlTJA
820 2573 965 2617 cum
995 2553 1245 2618 actibus
1278 2554 1411 2617 suis
1445 2553 1551 2618 hic
1580 2553 1867 2636 speciali·
1904 2552 1950 2614 B
1980 2551 2249 2633 furtum,
2283 2556 2494 2638 specie
2524 2574 2636 2620 seu
2674 2558 3048 2640 apparentia
3074 2559 3338 2640 justitias
3367 2579 3472 2624 co-

474 2663 575 2718 ter
608 2654 1115 2731 commendatur,
1150 2661 1213 2716 et
1252 2652 1410 2716 vitia
1440 2653 1535 2716 eis
1572 2653 1869 2736 opposita
1976 2652 2253 2719 loratum
2297 2673 2312 2719 :
2356 2675 2482 2737 qua
2526 2657 2636 2737 qui
2682 2666 2968 2734 utuntur,
3003 2659 3085 2720 ad
3129 2660 3471 2723 restitutio-

354 2752 803 2835 reprobantur.
842 2757 1104 2816 statera
1122 2756 1339 2814 dolosa
1363 2754 1757 2814 abominatio
1776 2763 1865 2813 est

354 2855 535 2929 apud
556 2855 935 2921 Dominum,
961 2851 1026 2913 id
1056 2859 1169 2929 est,
1187 2851 1407 2916 divino
1436 2850 1679 2932 judicio
1710 2851 1867 2912 mul-

358 2959 491 3013 tum
535 2959 637 3014 est
676 2949 1109 3014 abominanda
1150 2959 1386 3014 statera
1428 2949 1865 3013 fraudulenter

358 3049 655 3128 formata,
675 3067 803 3132 qua
835 3048 1109 3132 proximi
1141 3050 1307 3112 clam
1340 3048 1673 3112 falluntur.
1695 3048 1864 3112 Talis

358 3167 640 3230 namque
680 3156 939 3226 statera,
975 3148 1038 3210 id
1077 3156 1174 3211 est
1204 3167 1357 3210 usus
1396 3167 1509 3210 seu
1540 3167 1865 3211 mensura-

360 3248 448 3311 tio
485 3246 657 3311 facta
692 3265 809 3330 per
847 3266 1009 3324 eam,
1045 3255 1142 3310 est
1179 3247 1306 3310 Deo
1345 3247 1627 3324 odibilis,
1662 3267 1861 3328 quum

258 3376 333 3412 m,
362 3347 445 3409 sit
482 3347 728 3410 directe
764 3355 985 3409 contra
1031 3346 1234 3426 legem
1273 3346 1627 3408 naturalem
1672 3354 1863 3427 atque

364 3446 675 3522 divinam,
730 3453 796 3507 et
838 3453 1061 3511 contra
1106 3444 1431 3507 caritatem
1484 3451 1548 3506 et
1594 3445 1861 3525 aequita-

366 3552 511 3607 tem.
562 3542 997 3625 Spiritualiter
1042 3560 1299 3623 quoque
1342 3541 1563 3606 dolosa
1606 3549 1858 3618 statera,

362 3642 481 3706 hoc
510 3650 611 3716 est
651 3639 1027 3722 ponderatio
1068 3658 1180 3703 seu
1218 3639 1531 3721 judicium
1572 3639 1859 3715 rationis,

1975 2772 2120 2816 nem
2171 2763 2486 2818 tenentur.
2533 2759 2620 2818 Et
2653 2761 2912 2835 pondus
2951 2779 3233 2837 oequum,
3265 2759 3331 2822 id
3374 2767 3470 2822 est

1970 2850 2145 2932 justa
2186 2873 2506 2933 mensura,
2539 2859 2837 2918 voluntas
2875 2857 3042 2933 eju-3,
3073 2856 3137 2919 id
3183 2866 3299 2934 est,
3341 2858 3467 2920 Deo

1974 2939 2398 3014 essentialiter
2432 2952 2605 3034 justo
2642 2953 2872 3036 placet,
2915 2955 3024 3035 qui
3063 2955 3255 3036 jussit
3288 2973 3302 3018 ε
3337 2955 3468 3018 Sta-
3496 2979 3756 3023 mecam.

1972 3059 2105 3112 tera
2135 3050 2326 3131 justa,
2362 3059 2425 3113 et
2453 3051 2601 3134 ephi
2632 3053 2898 3133 justum,
2933 3061 2997 3115 et
3038 3052 3223 3116 batus
3255 3055 3464 3135 justus
3495 3046 3560 3087 ¹⁰·

1971 3147 2093 3210 erit
2135 3148 2340 3213 vobis.
2374 3147 2588 3232 Itaque
2629 3151 2739 3231 qui
2785 3150 2852 3212 in
2895 3151 3156 3240 cunctis,
3181 3153 3349 3233 juste
3392 3171 3465 3216 ac

1973 3246 2310 3309 sinceriter
2350 3245 2481 3328 agit
2527 3265 2599 3310 ac
2639 3247 2906 3329 judicat,
2938 3250 3049 3330 qui
3095 3269 3349 3314 eausam
3392 3269 3464 3312 ac

1971 3365 2228 3409 causam
2257 3365 2436 3428 aequa
2468 3345 2648 3409 lance
2677 3347 3005 3424 discernit,
3037 3348 3266 3410 summi
3300 3349 3466 3411 Judi-

1971 3443 2062 3508 cis
2098 3443 2414 3508 voluntati
2443 3445 2804 3507 concordat.

2062 3545 2182 3605 Ubi
2208 3544 2416 3620 fuerit
2444 3546 2771 3622 superbia,
2790 3545 2884 3604 ibi
2911 3545 3036 3605 eric
3066 3553 3124 3604 et
3153 3554 3468 3606 contume-
3569 3570 3581 3582 ·
3607 3554 3644 3613 2

1973 3643 2088 3702 lia..
2122 3640 2395 3723 Superbi
2427 3659 2726 3722 namque,
2759 3659 2958 3722 quum
2991 3643 3121 3704 sint
3151 3643 3364 3723 magni
3399 3643 3465 3704 in

366 3759 504 3822 quae
552 3738 658 3805 vel
708 3758 786 3802 ex
844 3757 1262 3820 personarum
1311 3739 1704 3821 acceptione,
1760 3738 1861 3800 vel
1891 3736 1936 3799 C
1970 3739 2176 3803 oculis
2227 3739 2381 3815 suiS,
2434 3738 2710 3802 faciliter
2759 3738 3151 3802 arbitrantur
3197 3739 3320 3803 sibi
3371 3740 3469 3804 sa-

362 3838 715 3902 afsectione
746 3837 1007 3900 sinistra
1038 3855 1151 3900 seu
1178 3837 1513 3900 aversione
1542 3855 1856 3919 perversa,

362 3938 607 4019 judicat
655 3936 824 4000 male
871 3936 951 3998 de
1000 3954 1067 3998 se
1115 3935 1254 4017 ipsa
1300 3944 1361 3998 et
1402 3935 1567 4012 aliis,
1604 3935 1864 4018 propria

365 4037 522 4099 vitia
548 4054 682 4098 non
714 4035 1148 4117 ponderando,
1182 4044 1252 4096 ut
1291 4034 1561 4115 requirit
1588 4033 1859 4115 justitia,

366 4145 426 4200 et
470 4135 641 4198 facta
678 4133 953 4197 aliorum
987 4133 1177 4211 bona,
1208 4133 1556 4215 judicando
1596 4151 1723 4196 non
1756 4133 1864 4196 bo-

367 4253 467 4310 na,
502 4233 609 4297 vel
638 4232 829 4306 mala,
866 4231 1061 4294 nimis
1093 4232 1261 4295 mala
1293 4251 1307 4294 :
1341 4233 1477 4296 haec
1507 4240 1741 4294 statera
1770 4237 1865 4293 est

368 4330 822 4397 abominabilis
847 4331 995 4395 Deo.
1011 4330 1318 4394 Similiter
1343 4339 1573 4394 statera
1598 4339 1865 4393 utuntur

291 4473 304 4486 -
368 4431 609 4506 dolosa,
664 4429 778 4510 qui
823 4446 1018 4491 onera
1059 4429 1280 4510 gravia
1327 4436 1390 4491 et
1433 4426 1867 4510 importabilia

368 4528 513 4592 aliis
556 4527 870 4612 portanda
920 4526 1279 4608 imponunt,
1318 4545 1462 4609 quae
1504 4526 1705 4606 digito
1749 4543 1865 4588 suo

266 4663 341 4700 nx,
372 4628 597 4693 nolunt
628 4645 908 4691 movere.
940 4624 1100 4688 Hinc
1137 4624 1443 4688 Dominus
1475 4625 1668 4706 jussit
1702 4645 1715 4688 :
1749 4623 1866 4686 No-

370 4728 480 4792 lite
521 4725 734 4789 facere
774 4724 1071 4805 iniquum
1109 4723 1354 4806 aliquid
1394 4725 1459 4786 in
1497 4723 1763 4805 judicio,
1800 4721 1865 4784 in

369 4825 608 4906 regula,
664 4824 732 4886 in
791 4823 1095 4904 pondere,
1148 4823 1214 4885 in
1272 4841 1593 4886 mensura.
1656 4821 1867 4885 Nihilo

1971 3849 2137 3902 ctam
2189 3837 2516 3919 injuriam,
2565 3837 2858 3919 quamvis
2907 3838 3290 3921 quandoque
3337 3857 3466 3903 non

1971 3937 2090 4016 sit3
2123 3944 2187 3999 et
2229 3935 2532 4017 injuriam
2577 3935 2700 3998 sibi
2747 3934 3002 4013 factam,
3036 3943 3334 4019 reputant
3372 3936 3467 3999 ni-

1972 4034 2093 4097 mis
2126 4053 2420 4116 magnam
2448 4052 2462 4096 :
2493 4033 2711 4116 sicque
2743 4035 2813 4096 in
2841 4035 3301 4098 contumeliosa
3331 4054 3468 4100 ver-

1972 4133 2053 4196 ba
2082 4141 2529 4215 prorumpunt.
2562 4132 2736 4194 Alios
2765 4150 3023 4213 quoque
3053 4149 3182 4196 non
3211 4132 3466 4195 humili—

1972 4240 2083 4302 ter,
2100 4230 2210 4293 sed
2240 4229 2696 4293 contumeliose
2719 4229 2928 4293 solent
2952 4230 3284 4312 corripere,
3299 4232 3463 4294 sicut

1972 4329 2114 4390 Eliu
2147 4336 2434 4390 sanctum
2464 4327 2600 4391 Job.
2635 4328 2801 4391 Talis
2833 4327 2956 4391 l'uit
2986 4326 3317 4406 RabsaceS,
3349 4329 3461 4410 qui
3527 4353 3609 4396 που
3629 4365 3759 4395 xxxxxx

1972 4447 2008 4489 a
2056 4425 2259 4491 servis
2315 4426 2592 4488 Ezechiae
2651 4426 2982 4490 humiliter
3039 4436 3316 4508 rogatuS‚
3370 4447 3466 4490 re-
3491 4429 3706 4534 ‘'‘lvffiw

1974 4527 2234 4608 spondit
2267 4543 2280 4588 ε
2315 4525 2632 4606 Numquid
2663 4526 2740 4588 ad
2771 4524 3102 4588 dominum
3137 4535 3315 4588 tuum
3347 4526 3465 4588 mi-
3491 4510 3758 4592 suanacas.

1975 4626 2059 4687 sit
2103 4643 2207 4687 me
2257 4625 2554 4688 dominus
2603 4643 2804 4700 meuS,
2839 4634 2902 4688 et
2945 4644 3073 4687 non
3125 4624 3337 4707 potius
3384 4627 3464 4688 ad

1973 4725 2144 4789 viros
2188 4724 2300 4805 qui
2337 4725 2559 4786 sedent
2601 4742 2791 4806 super
2832 4743 3111 4799 murum,
3148 4731 3218 4786 ut
3261 4742 3468 4787 come-

1974 4824 2124 4886 dant
2165 4830 2442 4885 stercora
2479 4840 2614 4899 sua,
2647 4828 2710 4884 et
2747 4820 2969 4884 bibant
3007 4821 3257 4884 urinam
3287 4839 3470 4888 suam

370 4925 581 4987 minus
627 4921 815 4985 multi
860 4920 1210 4984 intimorati
1255 4929 1319 4984 et
1360 4921 1576 5004 cupidi
1629 4922 1867 4985 dolosis
1897 4923 1947 4984 D
1976 4921 2344 4984 vobiscum?
2373 4919 2659 5000 Denique
2689 4919 2872 4982 valde
2896 4919 3226 4982 vitandum
3258 4927 3354 4982 est
3378 4919 3468 4982 vi·

372 5031 637 5085 utuntur
668 5019 1083 5102 ponderibuS,
1104 5019 1376 5092 stateriS‚
1397 5021 1737 5097 mensuris„
1758 5021 1871 5082 sic-

330 5169 342 5181 .
372 5130 439 5184 ut
478 5120 569 5183 ait
598 5117 929 5181 psalmista
966 5135 979 5182 :
1013 5117 1337 5180 Mendaces
1372 5116 1495 5180 filii
1535 5118 1869 5180 hominum

370 5221 437 5282 in
468 5218 745 5295 stateriS,
783 5225 851 5279 ut
878 5216 1200 5298 decipiant
1232 5215 1353 5299 ipsi
1386 5218 1465 5280 de
1493 5218 1774 5280 vanitate
1802 5217 1871 5281 in

1978 5021 2137 5082 tium
2184 5018 2354 5081 istud
2391 5037 2404 5082 :
2448 5017 2620 5098 quia,
2654 5025 2726 5079 ut
2765 5018 3034 5080 Thomas
3080 5017 3146 5079 in
3193 5016 3469 5080 secunda

1979 5117 2294 5194 secundae,
2345 5115 2696 5198 quaestione
2748 5115 2847 5190 72,
2902 5113 3200 5190 declarat,
3250 5122 3472 5178 contu-

1980 5214 2174 5278 melia
2211 5233 2286 5278 ex
2327 5231 2440 5276 suo
2479 5232 2712 5296 genere
2749 5221 2844 5276 cst
2874 5219 3203 5295 peccatum
3241 5221 3474 5275 morta-

373 5317 440 5380 id
470 5317 709 5401 ipsum.
742 5315 887 5378 Haec
923 5315 1313 5379 mensuratio
1343 5313 1751 5380 fraudulenta
1778 5323 1877 5378 est
1986 5313 2083 5394 le;
2114 5320 2178 5376 et
2218 5310 2511 5393 quamvis
2549 5310 2849 5394 superbia
2886 5310 3178 5393 disponat
3216 5311 3297 5373 ad
3325 5328 3475 5375 con-
