4284 6267
1134 534 1491 583 tumulo
1532 536 1597 581 m
1638 536 1775 583 cAP.
1822 538 1889 583 m
1929 536 2363 585 BCCLESIASTAE.
2409 558 2489 569 --
2529 540 2670 587 ART.
2714 541 2783 587 111

3385 524 3505 589 229

401 701 471 764 di
506 719 869 767 sermonem
890 682 989 767 'ex
1030 704 1515 769 auctoritatibus
1557 706 1906 790 Scriptura-
1934 705 1987 767 A
2016 707 2278 772 missive
2327 718 2436 771 aut
2485 708 2805 787 effective,
2835 714 3002 789 filiis
3037 715 3400 783 hominum,
3431 724 3504 775 ut

404 828 549 872 rum
580 820 777 893 atque
808 812 1163 876 doctorum.

514 913 789 987 Tempus
840 914 1123 981 tacendi,
1168 922 1229 974 et
1280 922 1527 992 tempus
1576 916 1901 994 loquendi.

400 1006 719 1081 Quocirca
758 1010 849 1071 ait
900 1008 1319 1092 Hieronymus
1374 1028 1389 1073 τ
1439 1012 1584 1075 Post
1631 1012 1905 1074 multum

402 1114 685 1189 tempuS,
713 1107 793 1169 de
821 1107 1159 1190 discipulis
1189 1108 1560 1173 efficiamur
1592 1111 1900 1191 magistri.

401 1204 597 1267 Porro
626 1205 870 1269 Seneca
900 1207 967 1268 in
998 1206 1133 1269 suis
1162 1207 1253 1270 ait
1281 1207 1635 1271 Proverbiis
1662 1229 1675 1273 :
1710 1209 1908 1273 Locu-

402 1311 542 1365 tum
572 1323 683 1367 me
712 1304 1058 1386 aliquando
1088 1306 1390 1388 poenituit
1402 1325 1420 1385 3
1445 1306 1734 1383 tacuisse,
1755 1327 1909 1370 nun-

400 1422 623 1485 quam.
657 1407 931 1481 Tempus
959 1407 1328 1466 dilectionis
1356 1405 1467 1469 Dei
1497 1414 1561 1469 et
1591 1408 1907 1488 proximo—

282 1562 296 1569 ,
403 1518 585 1579 rum3
632 1510 696 1561 et
744 1510 991 1578 tempus
1036 1504 1177 1563 odii
1228 1501 1525 1565 vitiorum
1576 1512 1640 1565 et
1684 1516 1903 1566 eorum

108 1708 377 1759 Pmcxxxvm,

108 1772 169 1813 22.

107 1914 371 1967 Luesrnssfi-

142 2209 330 2253 Ibidem.

118 3098 285 3152 Ephoe.
303 3114 329 3140 v

98 3164 159 3203 13.

106 3395 187 3437 Joh
206 3410 283 3446 vn,
310 3399 348 3439 ί.

120 3494 289 3585 ἕαται.
308 3508 365 3545 τι,

130 4080 268 4123 Rom.

92 4144 157 4185 ts.

211 4856 255 4911 9

206 5150 285 5206 10

402 1598 518 1679 qui
558 1598 749 1661 nobis
790 1599 855 1661 in
888 1599 993 1663 via
1022 1600 1133 1662 Dei
1175 1600 1519 1677 obsistunt,
1554 1603 1901 1665 secundum

402 1698 577 1778 quod
608 1697 769 1761 tales
804 1717 820 1761 ε
853 1698 1032 1779 juxta
1060 1699 1233 1779 quod
1274 1699 1583 1781 scriptum
1620 1708 1737 1776 est,
1769 1701 1907 1763 Per-

405 1794 577 1859 fecto
605 1796 759 1859 odio
786 1797 1046 1859 oderam
1072 1797 1240 1860 illos
1267 1796 1443 1861 Unde
1472 1806 1536 1860 et
1565 1797 1851 1861 Christus
1886 1820 1900 1864 :

2015 808 2498 877 distendantur,
2546 806 2610 869 id
2656 815 2775 886 est,
2817 809 3246 874 diversimode
3292 819 3507 875 exten-

2015 905 2249 967 dantur
2279 914 2342 968 et
2369 914 2783 988 occupentur,
2805 910 2873 967 in
2905 929 2980 968 ea
3003 930 3026 967 .·
3048 918 3360 989 quatenus
3391 929 3508 992 per

2016 1002 2181 1067 hanc
2225 1004 2416 1067 etiam
2459 1025 2496 1067 a
2532 1004 2934 1085 gravioribus
2970 1006 3144 1069 vitiis
3182 1016 3246 1070 et
3283 1008 3506 1070 nimiis

2014 1102 2496 1165 carnalitatibus
2534 1104 2956 1179 retrahantur,
2999 1105 3504 1187 periculosisque

2013 1200 2162 1264 otiis
2209 1210 2488 1279 careant,
2534 1203 2827 1283 quamvis
2876 1202 2944 1264 in
2991 1222 3066 1265 ea
3109 1204 3186 1266 ad
3233 1204 3502 1267 salutem

2016 1318 2240 1381 parum
2279 1308 2389 1361 aut
2427 1299 2590 1362 nihil
2629 1299 2996 1382 proficiant.

2096 1400 2340 1459 Cuncta
2369 1400 2524 1476 fecit
2554 1399 2715 1461 Deus
2749 1402 2912 1461 bona
2944 1402 3018 1461 in
3051 1409 3325 1479 tempore
3360 1422 3499 1473 suo,

2016 1498 2077 1560 id
2110 1506 2227 1573 est,
2259 1497 2414 1559 dum
2451 1516 2526 1560 ea
2568 1498 2887 1579 produxit,
2921 1498 3057 1563 sive
3085 1498 3152 1561 in
3185 1498 3502 1582 principio

2013 1596 2262 1673 mundi,
2307 1614 2416 1659 seu
2453 1604 2698 1677 postea.
2733 1596 2910 1659 Unde
2951 1596 3018 1659 in
3065 1597 3290 1661 Genesi
3336 1616 3502 1681 saepe

2012 1693 2281 1757 dicitur:
2302 1693 2477 1756 Vidit
2506 1694 2668 1757 Deus
2697 1695 2867 1775 quod
2899 1702 3064 1757 esset
3094 1694 3502 1760 bonum.0m-
3553 1715 3662 1759 Gen.
3681 1717 3793 1767 mo.

2015 1812 2095 1855 ne
2134 1792 2307 1855 enim
2350 1801 2653 1867 creatum,
2688 1793 2934 1874 aliquid
2977 1793 3273 1857 incrcatae
3314 1794 3498 1857 boni·
3527 1779 3597 1883 ἐξ
3629 1780 3695 1828 ¹⁸·
3723 1780 3794 1829 ²¹·

3630 1410 3694 1467 11

404 1894 470 1957 Si
508 1894 659 1976 quis
696 1894 967 1976 (inquit)
1006 1896 1183 1959 venit
1222 1896 1300 1958 ad
1342 1915 1469 1971 me,
1502 1904 1567 1959 et
1606 1916 1735 1959 non
1772 1898 1903 1960 odit
1942 1893 1988 1955 B
2014 1891 2162 1953 tatis
2202 1890 2560 1973 participat.
2593 1892 2736 1955 Ideo
2778 1892 2856 1954 ad
2899 1891 3296 1955 Timotheum
3343 1893 3500 1957 dicit

400 2002 653 2075 patrem
690 2013 879 2056 suum
910 2000 974 2056 et
1003 2002 1295 2071 matrem,
1320 2013 1449 2057 non
1487 2004 1695 2077 potest
1725 2014 1905 2059 meus

398 2110 543 2155 esse
581 2090 964 2173 discipulus.
1016 2091 1280 2169 RursuS,
1319 2101 1572 2175 tempus
1621 2093 1751 2157 odii
1804 2096 1903 2157 sui

398 2190 634 2273 ipsiuS,
682 2190 850 2253 sicut
891 2189 1227 2272 subjunxit
1266 2212 1280 2257 :
1320 2192 1536 2254 Adhuc
1587 2200 1800 2255 autem
1841 2202 1905 2257 et

396 2290 683 2353 animam
716 2308 921 2351 suam.
964 2289 1107 2352 Ideo
1138 2298 1202 2352 et
1232 2289 1298 2352 in
1338 2290 1687 2370 Evangelio
1716 2292 1904 2355 Joan—

232 2422 367 2461 mn,
397 2389 501 2451 nis
561 2386 872 2468 loquitur,
925 2386 1146 2450 dicens
1196 2406 1209 2449 :
1262 2386 1379 2463 Qui
1438 2388 1572 2451 odit
1622 2388 1901 2453 animam

395 2506 585 2550 suam
634 2485 701 2549 in
750 2484 873 2549 hoc
922 2487 1182 2562 munde,
1236 2486 1305 2548 in
1354 2486 1553 2549 vitam
1600 2496 1901 2551 aeternam

391 2586 681 2650 custodit
708 2604 874 2649 eam.
917 2585 1047 2649 Hoc
1084 2585 1302 2647 odium
1336 2594 1453 2664 est,
1492 2586 1899 2668 iniquitatem

392 2684 599 2759 odire,
657 2702 918 2765 pravam
981 2683 1465 2747 inclinationem
1526 2684 1895 2766 reprimere,

394 2783 680 2847 debitam
725 2801 843 2864 pro
888 2780 1165 2864 peccatis
1206 2781 1689 2863 castigationem
1730 2804 1901 2847 assu-

392 2900 595 2945 mere.
628 2885 899 2958 Tempus
929 2882 1103 2953 belli,
1137 2888 1363 2943 contra
1398 2880 1759 2946 invisibiles
1789 2883 1901 2946 ho-

392 2989 525 3044 stes
557 2999 631 3043 ac
661 2979 865 3042 aciem
899 2978 1225 3042 vitiorum.
1246 2979 1390 3042 Ideo
1420 2980 1709 3043 hortatur
1737 2982 1900 3062 Apo-

394 3178 699 3241 resistere
742 3176 810 3237 in
848 3174 951 3238 die
992 3175 1181 3252 mala,
1218 3183 1281 3237 et
1319 3176 1385 3238 in
1419 3176 1717 3239 omnibus
1758 3196 1899 3259 per-

395 3276 547 3340 fecti
594 3284 786 3338 stare.
822 3274 1081 3356 Nempe,
1116 3283 1187 3336 ut
1225 3283 1482 3337 sanctus
1524 3272 1641 3337 Job
1690 3274 1895 3337 fassus

392 3382 511 3452 est,
544 3372 771 3436 Militia
801 3380 898 3435 est
926 3372 1058 3435 vita
1096 3372 1378 3436 hominis
1410 3391 1605 3454 super
1633 3380 1889 3435 terram.

392 3473 685 3537 Christus
733 3489 992 3553 quoque
1034 3470 1102 3531 in
1150 3470 1495 3551 Evangelio
1531 3491 1545 3536 :
1584 3471 1891 3553 Regnum,

394 3571 633 3653 inquit,
680 3569 985 3633 coelorum
1034 3570 1167 3631 vim
1215 3569 1473 3649 patitur,
1518 3577 1582 3631 et
1630 3568 1895 3632 violenti

394 3669 654 3752 rapiunt
699 3667 883 3730 illud.
918 3666 1079 3730 Hinc
1125 3666 1361 3729 Seneca
1407 3667 1694 3748 loquitur
1738 3687 1753 3732 :
1796 3668 1898 3730 Pa·

392 3786 530 3831 cem
574 3766 811 3829 habeto
848 3784 995 3827 cum
1037 3764 1433 3843 hominibus,
1467 3765 1705 3829 bellum
1747 3786 1894 3829 cum

394 3866 592 3930 vitiis,
630 3868 714 3927 Et
746 3876 995 3942 tempus
1026 3865 1212 3941 pacis
1248 3864 1517 3927 internae
1554 3883 1701 3927 cum
1742 3864 1889 3941 Dec,

392 3965 569 4047 pacis
618 3981 883 4045 quoque
938 3961 1307 4044 temporalis
1355 3982 1498 4026 cum
1562 3963 1890 4044 proximiS,

292 4092 364 4129 ιιι.
394 4062 559 4125 sicut
589 4062 670 4124 ad
705 4060 1025 4124 Romanos
1058 4059 1294 4141 legitur
1327 4078 1341 4123 :
1383 4060 1448 4123 Si
1480 4060 1625 4123 fieri
1662 4070 1890 4143 potest,

394 4162 563 4245 quod
604 4180 683 4224 ex
711 4159 895 4224 vobis
935 4167 1053 4234 est,
1089 4178 1235 4223 cum
1280 4160 1581 4223 omnibus
1624 4160 1897 4223 homini-

2014 1989 2352 2071 Apostolus
2390 2008 2404 2052 :
2437 1988 2654 2052 Omnis
2692 1998 2984 2053 creatura
3013 1990 3123 2053 Dei
3163 1989 3350 2054 bona.
3383 1992 3499 2055 Vel
3529 2008 3792 2061 trimani.

2014 2088 2158 2151 ideo
2188 2088 2297 2161 ait,
2331 2088 2398 2150 In
2441 2096 2726 2169 tempore
2765 2108 2902 2166 suo,
2939 2089 3241 2171 quoniam
3279 2110 3502 2172 quam-

2012 2186 2111 2249 vis
2158 2186 2448 2267 quaedam
2497 2187 2722 2251 nociva
2767 2188 2894 2249 sint
2941 2186 3211 2265 homini,
3244 2190 3335 2251 eis
3386 2190 3501 2252 im-

2014 2292 2285 2366 portune
2325 2283 2550 2359 utenti,
2585 2292 2794 2347 tamen
2829 2285 2883 2347 si
2924 2292 3208 2367 tempore
3252 2305 3389 2362 suo,
3433 2288 3496 2351 id

2011 2390 2107 2445 est
2136 2390 2516 2465 opportuno,
2553 2382 2644 2445 eis
2674 2392 2908 2460 utatur,
2930 2382 3098 2447 bona
3128 2394 3276 2447 sunt
3305 2386 3388 2449 ei.
3419 2392 3500 2450 Et

2012 2485 2332 2542 mundum
2359 2483 2637 2541 tradidit
2664 2484 3103 2561 disputationi
3131 2503 3351 2546 eorum
3380 2506 3402 2544 .·
3434 2485 3495 2549 id

2009 2587 2124 2655 est,
2173 2586 2492 2641 creaturas
2541 2588 2606 2642 et
2648 2579 2934 2642 ordinem
2975 2580 3261 2645 universi
3310 2602 3500 2665 expo-

2010 2676 2138 2739 suit
2191 2675 2446 2740 Creator
2501 2676 2994 2741 considerationi
3053 2678 3500 2761 disputationi-

2008 2794 2134 2857 que
2163 2774 2529 2855 hominum;
2559 2784 2780 2837 utnon
2800 2779 3096 2839 inveniat
3116 2780 3298 2839 homo
3319 2800 3495 2859 opus,

2007 2878 2180 2955 quod
2226 2884 2525 2951 operatu-s
2569 2883 2660 2935 est
2707 2878 2902 2947 Deus,
2957 2875 3022 2939 id
3079 2883 3197 2953 est,
3251 2878 3496 2941 nullam

2008 2980 2360 3037 creaturam
2392 2972 2594 3054 possit
2625 2971 2909 3054 perfecte
2943 2980 3006 3036 et
3035 2974 3224 3056 plene
3263 2992 3496 3055 cogno-

331 3115 361 3151 ι,
392 3076 943 3159 stolus1Accipite
970 3086 1357 3140 armaturam
1390 3079 1520 3153 Dei,
1540 3086 1612 3141 ut
1641 3079 1897 3160 possitis
1932 3073 1977 3137 C
2008 3090 2204 3147 scere,
2241 3070 2405 3134 sicut
2433 3070 2674 3134 dictum
2705 3079 2802 3134 est
2837 3090 3028 3154 supra
3061 3092 3076 3137 ε
3108 3072 3362 3137 Cunctae
3395 3094 3496 3138 res
3538 3090 3786 3142 aalma.

2006 3169 2356 3248 difficiles;
2400 3187 2527 3232 non
2567 3177 2774 3250 potest
2813 3188 2918 3232 eas
2957 3169 3150 3233 homo
3180 3170 3499 3253 explicare

2008 3286 2324 3331 sermone.
2357 3267 2434 3328 Et
2467 3268 2637 3349 quod
2669 3267 2778 3345 ait,
2804 3268 2882 3330 Ut
2911 3286 3038 3332 non
3074 3268 3354 3332 inveniat
3387 3270 3500 3334 ho-

2008 3384 2133 3442 mo,
2170 3365 2654 3445 intelligendum
2703 3366 2955 3429 videtur
3001 3367 3500 3431 concomitanter

2007 3464 2219 3546 potius
2263 3482 2458 3545 quam
2504 3463 2861 3541 causaliter,
2896 3464 3061 3528 sicut
3107 3465 3174 3528 in
3222 3466 3490 3545 Psalmo,

2006 3562 2147 3625 Tibi
2189 3561 2309 3625 soli
2359 3562 2640 3643 peccavi,
2673 3570 2742 3624 ut
2790 3562 3187 3644 justificeriS,
3221 3572 3342 3627 etc.
3384 3566 3497 3629 Po-
3562 3588 3754 3639 Pauo.

2006 3670 2129 3724 test
2160 3671 2372 3724 tamen
2401 3660 2738 3723 causaliter
2766 3660 2993 3742 accipi,
3019 3662 3321 3742 quoniam
3351 3662 3494 3727 ideo

2006 3759 2211 3825 voluit
2238 3760 2401 3821 Deus
2430 3757 2723 3822 homines
2752 3759 2846 3821 sic
2875 3758 3152 3821 deficere
3185 3759 3250 3821 in
3279 3762 3496 3843 cogni-

2006 3858 2178 3923 tione
2207 3866 2663 3933 creaturarum,
2695 3865 3011 3938 quatenus
3039 3875 3113 3919 ex
3141 3856 3262 3920 hoc
3293 3866 3496 3922 atten-

2006 3959 2162 4020 dant
2200 3954 3030 4037 incomprehensibilitatem
3077 3965 3137 4018 et
3188 3956 3496 4020 excellen-

2006 4055 2160 4118 tiam
2203 4056 2535 4127 CreatoriS,
2572 4054 3205 4135 imbecillitatemque
3249 4056 3494 4137 proprii

2004 4154 2386 4217 intellectus.
2438 4150 2612 4227 Quod
2661 4161 2870 4215 autem
2935 4152 3366 4234 subjungitur,
3415 4157 3495 4215 ab

394 4260 513 4323 bus
545 4277 773 4342 pacem
802 4258 1125 4321 habentes
1140 4255 1318 4332 Quod
1347 4258 1402 4320 si
1432 4258 1543 4320 alii
1576 4258 1896 4323 noluerint
1925 4258 1976 4321 D
2004 4254 2200 4314 initio
2251 4271 2448 4330 usque
2495 4253 2582 4312 ad
2623 4255 2850 4328 finem,
2882 4249 3110 4313 referri
3159 4258 3367 4333 potest
3413 4252 3492 4315 ad

394 4358 741 4423 concordes
784 4365 851 4419 et
891 4355 1153 4438 pacifici
1197 4374 1337 4419 esse
1380 4355 1739 4435 nobiscum,
1778 4376 1893 4422 nos

394 4466 607 4520 tamen
665 4454 1192 4536 tranquillitatem
1246 4472 1573 4519 servemus
1621 4454 1689 4517 in
1743 4456 1887 4519 Deo.

396 4556 553 4619 Hinc
586 4554 827 4618 Seneca
853 4553 1039 4617 docet
1074 4570 1088 4615 :
1122 4553 1189 4616 Id
1220 4571 1355 4633 age,
1383 4572 1464 4616 ne
1493 4553 1636 4633 quis
1667 4553 1894 4617 merito

398 4663 505 4717 tuo
547 4662 613 4716 te
656 4650 887 4717 oderit.

497 4851 677 4919 Quid
734 4850 921 4909 habet
976 4850 1265 4928 amplius
1322 4851 1507 4910 homo
1552 4852 1631 4909 de
1688 4850 1896 4908 labore

401 4968 538 5018 suo,
569 4946 697 5009 nisi
745 4944 993 5027 aliquid
1042 4946 1533 5028 praedictorumf
1578 4945 1759 5028 quasi
1808 4945 1899 5007 di-

404 5056 501 5111 cat
539 5064 555 5110 :
591 5043 1020 5108 stabilitatem
1064 5062 1190 5107 non
1234 5044 1446 5121 habet,
1480 5061 1690 5126 neque
1734 5044 1900 5106 salu-

408 5152 531 5205 tem
566 5141 633 5203 in
664 5142 795 5204 vita
829 5140 1151 5222 praesenti.
1184 5142 1335 5201 Vidi
1364 5143 1799 5218 afflictionem,
1834 5140 1899 5202 id

406 5249 503 5304 est
550 5238 933 5303 laboriosam
994 5237 1509 5301 exercitationem
1556 5238 1725 5302 circa
1772 5247 1903 5301 stu-

410 5338 585 5401 dium
638 5336 1049 5413 litterarium,
1090 5356 1289 5416 quam
1333 5338 1513 5399 dedit
1554 5341 1727 5400 Deus
1763 5356 1903 5420 per-

2004 4349 2270 4417 verbum
2319 4349 2500 4424 illud,
2553 4348 2728 4423 Quod
2777 4356 3075 4431 operatus
3125 4357 3244 4427 est,
3292 4359 3364 4412 ut
3411 4350 3495 4413 sit

2003 4447 2436 4529 sensuS‚quod
2468 4448 2706 4510 nullam
2736 4448 3209 4524 creaturam,ab
3239 4448 3496 4513 exordio

2006 4547 2228 4610 mundi
2271 4565 2474 4628 usque
2519 4547 2596 4609 ad
2647 4544 2847 4609 finem
2895 4547 3035 4628 ejus
3080 4546 3314 4610 factam
3359 4548 3494 4612 sive

2005 4646 2312 4723 fiendam,
2348 4645 2547 4728 possit
2591 4644 2781 4709 homo
2823 4646 3010 4727 plene
3056 4663 3438 4729 cognoscere
3472 4665 3488 4727 ;

2002 4745 2106 4809 vel
2134 4745 2214 4807 ad
2251 4744 2434 4821 illud,
2467 4742 2544 4806 Ut
2582 4760 2711 4806 non
2753 4743 3037 4807 inveniat
3077 4744 3290 4822 homo,
3323 4744 3494 4808 scili-

2003 4853 2105 4909 cet
2132 4846 2215 4907 ab
2247 4844 2433 4907 initio
2461 4843 2608 4906 vitae
2635 4861 2766 4905 suae
2797 4862 3002 4925 usque
3029 4844 3108 4905 ad
3138 4852 3429 4908 mortem.

2084 4946 2172 5005 Et
2212 4944 2478 5021 cognovi
2515 4945 2689 5023 quod
2717 4963 2846 5003 non
2875 4952 3030 5005 esset
3067 4946 3322 5014 melius,
3357 4946 3494 5005 nisi

2008 5042 2222 5103 loetari
2261 5040 2326 5101 in
2358 5039 2604 5103 actibus
2634 5038 2842 5116 boniS,
2875 5047 2940 5102 et
2969 5039 3032 5101 in
3067 5039 3214 5116 Deo,
3247 5040 3492 5104 seclusa

2008 5139 2281 5215 curiosa,
2317 5138 2757 5213 immoderata,
2795 5146 2856 5200 et
2885 5136 3073 5200 anxia
3101 5138 3498 5202 exercitatio-

2011 5258 2091 5301 ne
2128 5236 2461 5315 studendi3
2498 5246 2555 5296 et
2583 5237 2797 5313 facere
2831 5238 2992 5297 bona
3032 5254 3225 5317 opera
3253 5237 3326 5297 in
3356 5238 3496 5298 vita

2010 5358 2155 5405 sua,
2200 5353 2313 5416 per
2359 5352 2504 5415 quae
2547 5342 2866 5396 mereatur
2907 5334 2983 5396 ad
3035 5333 3497 5416 plenitudinem

3621 4950 3688 5006 12
