4284 6267
47 848 122 888 ³3.

187 2664 268 2719 11

1051 506 1405 554 mamm-10
1447 470 1512 554 tiz
1554 507 1692 555 car.
1739 508 1802 554 ιν
1841 506 2082 555 cannot
2123 506 2528 555 CAN-nooman.
2574 528 2650 539 —
2693 510 2836 556 Ait-r.
2880 508 2969 555 xn
3436 488 3555 553 363

429 698 632 743 secra
676 681 818 763 ejus
863 690 1152 746 materna
1191 702 1385 766 super
1426 680 1952 745 innocentissimo
1985 679 2034 743 A
2065 689 2257 748 mace,
2302 700 2425 759 quo
2473 683 2805 742 coronavit
2849 702 2995 741 eum
3048 691 3253 743 mater
3296 702 3443 750 sua,
3487 680 3551 743 id

47 780 220 838 11809-
235 797 388 837 um,
433 778 618 841 Filio
650 798 789 858 suo,
827 780 915 842 ita
953 788 1024 843 ut
1053 800 1199 844 cum
1241 781 1436 844 David
1469 781 1680 843 dicere
1710 778 1955 842 videre-

433 886 558 940 tur
605 896 620 941 t
668 878 716 941 Ο
763 879 908 942 Jesu
963 879 1064 941 fili
1111 880 1223 957 mi,
1278 879 1378 941 fili
1429 879 1518 941 mi
1566 880 1751 941 Jesut
1808 876 1952 958 quis

433 978 616 1039 mihi
658 978 788 1054 det,
831 986 901 1040 ut
941 996 1057 1059 ego
1098 980 1334 1042 moriar
1375 997 1488 1062 pro
1531 981 1632 1041 te?

539 1080 766 1139 Media
796 1082 1070 1139 caritate
1100 1081 1497 1140 constravit:
1524 1078 1586 1140 id
1619 1086 1734 1155 est,
1768 1077 1956 1159 quid-

435 1177 612 1257 quid
654 1178 1084 1240 sacratissima
1113 1176 1306 1257 Virgo
1336 1177 1404 1238 in
1437 1196 1504 1239 se
1543 1176 1785 1252 habuit,
1817 1194 1955 1257 ges-

437 1276 538 1337 sit
598 1284 710 1337 aut
769 1275 1052 1358 pertulit,
1106 1293 1379 1357 sponsus
1437 1294 1510 1338 ac
1566 1275 1765 1337 Filius
1815 1276 1954 1356 ejus

443 1374 838 1457 plenissimo
881 1394 1096 1438 amore
1135 1374 1247 1437 Dei
1287 1383 1350 1437 et
1379 1374 1815 1457 proximorum
1857 1390 1957 1435 or-

441 1474 638 1535 navit
673 1494 686 1538 :
725 1474 814 1535 ita
842 1474 1014 1555 quod
1056 1473 1362 1555 praefatus
1401 1472 1707 1556 piissimae
1745 1470 1954 1534 Matris

443 1572 663 1650 dolor,
699 1572 866 1634 sicut
896 1590 971 1633 ex
1003 1571 1276 1634 naturali
1319 1590 1534 1635 amore
1563 1590 1634 1633 ac
1667 1577 1955 1633 materno

445 1669 726 1749 affectu,
781 1687 911 1751 quo
969 1668 1381 1733 afficiebatur
1437 1670 1518 1733 ad
1565 1670 1792 1732 Filium
1853 1688 1956 1729 su-

445 1788 592 1845 um,
628 1768 952 1852 praecipue
989 1767 1380 1851 profluxisse
1425 1768 1710 1841 videtur;
1756 1767 1846 1829 sic
1877 1785 1953 1829 ex

445 1867 674 1929 infusa
711 1868 998 1945 caritate,
1032 1886 1158 1948 qua
1193 1866 1429 1929 divinae
1468 1867 1816 1947 majestatis
1847 1865 1953 1928 ho·
1991 1866 2036 1927 B
2063 1864 2181 1947 pit.
2212 1862 2579 1927 Exinanivit
2606 1863 2775 1925 enim
2814 1882 2903 1939 se,
2940 1862 3208 1927 formam
3249 1863 3417 1927 servi
3451 1882 3552 1926 ac-
3590 1884 3849 1942 Ριιειερμιι,

2062 1962 2310 2045 cipiens
2330 1980 2347 2042 ;
2384 1971 2446 2025 et
2480 1961 2843 2025 humiliavit
2876 1962 3311 2043 semetipsum,
3346 1962 3552 2025 factus
3582 1950 3673 1991 ⁷·⁹·

446 1966 860 2030 novationem
894 1985 966 2028 ac
1006 1965 1230 2027 mundi
1262 1964 1766 2047 redemptionem
1798 1982 1955 2045 prae-

445 2064 927 2129 cordialissime
983 2063 1337 2141 affectavit,
1392 2063 1574 2127 dolor
1624 2062 1734 2125 ille
1789 2063 1954 2125 miti-

443 2164 740 2244 gabatur,
785 2171 850 2227 et
895 2164 974 2226 de
1025 2162 1240 2225 fructu
1290 2162 1610 2244 passionis
1659 2160 1802 2223 Filii
1855 2162 1949 2223 sui

445 2262 726 2343 ingessit
765 2262 822 2325 ei
865 2260 1367 2325 consolationem
1409 2280 1537 2324 non
1579 2279 1862 2341 parvam.

535 2362 1016 2442 consequenter
1059 2358 1534 2441 sapientissima
1575 2357 1768 2439 Virgo
1820 2356 1952 2419 fru-

444 2468 630 2523 ctum
673 2458 1156 2535 incarnationiS,
1196 2457 1636 2540 passionisque
1673 2456 1816 2519 Filii
1859 2456 1954 2519 sui

441 2556 905 2620 ardentissime
945 2556 1213 2638 cupiens
1265 2553 1659 2618 fructificare
1710 2554 1777 2617 in
1825 2574 1958 2619 om-

443 2657 670 2733 nibuS,
705 2656 1078 2718 adhortatur
1115 2672 1130 2715 :
1177 2656 1594 2733 Eqredimini
1627 2666 1688 2715 ec
1725 2657 1952 2727 videte,

441 2773 486 2818 ο
513 2758 682 2833 filice
713 2757 901 2825 Sion,
933 2773 1144 2831 reqem
1183 2756 1592 2815 Salomonem
1634 2756 1706 2814 in
1735 2754 1959 2814 diade-

2063 785 2159 841 est
2192 778 2259 839 in
2290 787 2617 861 assumpta
2644 779 3039 843 humanitate
3069 778 3554 862 praeclarissime

2063 878 2379 954 decorata,
2426 878 2621 959 regia,
2672 878 3067 957 sacerdotali,
3112 888 3177 942 et
3216 878 3555 961 judiciaria

2063 985 2375 1059 potestate
2418 976 2762 1059 magnifice
2804 978 3165 1054 sublimata,
3216 997 3405 1059 quam
3454 997 3555 1039 as-

2065 1075 2338 1157 sumpsit
2388 1095 2463 1138 ex
2521 1095 2663 1155 me3
2714 1085 2906 1158 atque
2955 1076 3021 1137 in
3080 1075 3553 1157 glorificatione

2063 1173 2480 1237 humanitatis
2522 1175 2807 1256 ejusdem
2850 1192 2865 1236 ε
2906 1194 3097 1256 quam
3141 1173 3555 1255 glorificatio-

2064 1292 2210 1335 nem
2243 1292 2277 1333 a
2309 1292 2411 1335 me
2448 1280 2649 1335 matre
2688 1292 2801 1336 sua
2839 1273 3105 1355 accepit,
3140 1274 3204 1335 in
3241 1281 3552 1354 quantum

2067 1370 2161 1433 fui
2194 1370 2465 1447 occasi0,
2500 1371 2781 1433 medium
2813 1390 2886 1456 ac
2920 1370 3277 1453 subjectum
3319 1390 3395 1433 ex
3426 1390 3553 1452 quo

2063 1488 2195 1531 suae
2228 1468 2699 1543 incarnationis
2724 1477 2787 1532 et
2816 1469 3238 1531 ministratrix
3268 1470 3553 1532 substan·

2063 1568 2168 1630 tiae
2224 1586 2354 1631 suae
2411 1567 2907 1645 humanationiS‚
2961 1587 3073 1649 per
3122 1586 3337 1649 quam,
3393 1567 3556 1631 exal-

2065 1666 2368 1729 tationem
2416 1674 2480 1729 et
2523 1665 3058 1748 glorificationem
3120 1666 3402 1749 corporis
3454 1666 3554 1728 sui

2061 1764 2576 1846 accidentaleque
2613 1764 2942 1846 praemium
2988 1765 3223 1828 meruit
3269 1772 3332 1828 et
3380 1784 3555 1828 acce-

2063 2061 2370 2124 obediens
2407 2061 2589 2122 Patri'
2614 2079 2817 2141 usque
2860 2061 2936 2123 ad
2979 2068 3246 2123 mortem
3290 2060 3498 2123 crucis
3534 2077 3549 2122 ε

2064 2168 2324 2241 propter
2354 2159 2524 2245 quod
2554 2160 2716 2221 Deus
2746 2157 3047 2221 exaltavit
3076 2158 3270 2231 illum,
3291 2166 3356 2221 et
3380 2158 3557 2221 dedit

2064 2258 2161 2319 illi
2204 2275 2436 2320 nomen
2479 2258 2648 2339 quod
2692 2264 2787 2320 est
2830 2276 3021 2340 super
3064 2275 3253 2320 omne
3296 2276 3551 2320 nomen.

2065 2357 2206 2420 Haec
2236 2373 2407 2435 crgo,
2440 2375 2477 2419 o
2510 2356 2665 2419 filiae
2700 2355 2872 2433 Sion,
2906 2356 2967 2419 id
3003 2364 3120 2433 est,
3154 2357 3397 2419 dovotae
3425 2355 3560 2417 ani-

2063 2474 2206 2531 mae,
2238 2454 2657 2530 considerate,
2695 2465 2762 2518 ut
2798 2464 2991 2536 gratae
3038 2454 3176 2518 sitis
3220 2454 3551 2531 Salvatori,

2063 2553 2332 2635 ejusque
2363 2554 2785 2618 humilitatem
2824 2556 3145 2633 sectand0‚
3182 2554 3553 2618 mereamini

2061 2651 2552 2730 glorificationis
2583 2653 2784 2736 ipsius
2815 2654 3159 2736 participes
3193 2652 3353 2716 fieri.
3386 2653 3555 2716 Cete-

2065 2772 2131 2814 ra
2164 2771 2239 2815 ex
2268 2752 2679 2835 praeinductis
2708 2753 3213 2838 expositionibus
3242 2762 3481 2835 patent.

1559 3190 2212 3277 ARTICULUS
2290 3192 2460 3277 XII

489 3469 850 3516 ELUCIDATIO
892 3468 1170 3515 GAPITULI
1212 3468 1440 3523 QUARTI
1483 3468 1498 3513 ζ
1543 3464 1712 3522 Qum
1754 3466 2037 3513 Punctum
2077 3466 2172 3525 Rs,
2219 3465 2412 3512 AmCA
2454 3454 2623 3511 MEA!
2666 3466 2745 3513 DE
2786 3467 3040 3514 cnmsro
3082 3468 3157 3513 m·
3200 3468 3505 3516 BccmstA.

608 3748 772 3813 ODO
812 3749 878 3810 in
916 3747 1050 3811 fine
1085 3746 1502 3829 praecedentis
1541 3744 1807 3829 capituli
1845 3744 1955 3807 Ec·
1991 3744 2034 3807 C
2065 3745 2451 3823 contentiva,
2514 3764 2587 3809 ac
2654 3754 2871 3808 sancta
2934 3745 3177 3825 officia,
3244 3768 3550 3832 superna-

623 3848 821 3911 clesia
851 3847 1096 3909 animas
1127 3846 1520 3909 credentium
1555 3845 1678 3907 fuit
1705 3845 1955 3908 hortata

441 3948 531 4011 ad
574 3947 1110 4011 considerandum
1154 3945 1454 4027 mysteria
1497 3944 1954 4007 incarnationis

443 4044 1076 4127 glorificationisque
1109 4044 1325 4125 sponsi
1361 4043 1732 4106 sui.Videns
1760 4041 1955 4122 igitur

445 4162 729 4225 sponsus
760 4143 1085 4223 ingentem
1117 4161 1246 4204 suae
1276 4141 1575 4204 Ecclesiae
1603 4141 1949 4217 caritatem,

445 4242 776 4307 fervidum
835 4242 1067 4316 zelum,
1131 4242 1442 4304 sinceram
1508 4240 1949 4318 intentionem,

445 4340 1090 4421 sollicitudinemque
1119 4339 1495 4423 pervigilem
1532 4357 1646 4421 pro
1677 4338 1955 4402 Salvato-

444 4439 538 4503 ris
591 4439 694 4501 sui
745 4438 1263 4513 honorificentia,
1315 4438 1493 4501 cultu
1533 4445 1596 4500 et
1633 4436 1856 4518 gloria,
1891 4447 1954 4500 et

445 4556 566 4622 pro
600 4537 1006 4601 subditorum
1039 4536 1263 4614 salute,
1307 4536 1512 4600 vicem
1544 4534 1856 4618 rependit,
1891 4544 1954 4599 et

449 4636 866 4702 commendat
909 4635 1223 4712 eamdem,
1269 4635 1540 4697 dicendo
1583 4634 1764 4715 quasi
1808 4652 1951 4697 cum

446 4735 868 4800 admiratione
897 4743 961 4797 et
991 4733 1504 4814 ingeminatione,
1529 4734 1609 4795 ad
1643 4731 1956 4795 insinuan-

447 4836 606 4898 dum
649 4833 1156 4913 magnitudinem
1201 4832 1315 4908 rei,
1357 4840 1420 4893 et
1455 4829 1952 4894 affirmationem

2067 3844 2423 3925 turaliaque
2464 3844 2826 3909 divinorum
2868 3846 3319 3911 charismatum
3369 3867 3553 3913 orna-

2063 3952 2299 4006 menta.
2333 3944 2569 4025 ltaque,
2612 3944 2876 4027 pulchra
2914 3963 2981 4007 es
3022 3944 3088 4006 in
3130 3947 3547 4022 naturalibuS,

2063 4051 2369 4124 tanquam
2434 4044 2513 4106 ad
2590 4043 3163 4126 superbeatissimae
3227 4046 3553 4111 Trinitatis

2064 4140 2407 4222 imaginem
2454 4149 2515 4205 et
2557 4142 3041 4205 similitudinem
3094 4144 3379 4225 condita3
3414 4147 3555 4228 pul·
3606 4167 3844 4219 (ιη-,ιω

2062 4241 2275 4303 chrior
2326 4240 2490 4303 facta
2547 4260 2662 4323 per
2708 4242 3024 4325 Baptisma
3078 4244 3553 4328 gratiarumque
3581 4232 3649 4273 ²⁷·

2063 4358 2363 4419 munera3
2397 4338 2847 4421 pulcherrima,
2896 4360 3009 4423 per
3052 4342 3449 4406 sanctitatem
3490 4352 3553 4407 et

2063 4438 2664 4520 contemplationem
2727 4438 3093 4513 sublimem,
3146 4441 3555 4524 caritatisque

2063 4533 2544 4617 perfectionem.
2591 4538 2779 4599 Oculi
2820 4538 2918 4598 tui
2960 4541 3403 4600 columbarum
3432 4561 3455 4600 .·
3491 4539 3553 4601 id

2061 4642 2178 4709 est,
2212 4633 2613 4697 columbinos
2654 4633 2873 4698 oculos
2914 4635 3131 4714 habeS,
3166 4636 3410 4700 scilicet
3448 4657 3559 4720 pu-

2063 4750 2204 4792 rum
2254 4731 2556 4794 intuitum
2603 4751 2675 4795 ac
2729 4734 3057 4815 pudicum,
3091 4734 3421 4815 dirigendo
3460 4736 3556 4799 vi-

2063 4850 2205 4892 sum
2241 4839 2418 4892 tuum
2450 4831 2527 4893 ad
2560 4849 2865 4914 sponsum
2898 4832 3243 4909 coelestem,
3276 4833 3557 4898 aliunde-

449 4952 586 4997 suae
635 4930 968 4995 sententias
1001 4950 1015 4994 :
1055 4934 1261 5000 Quam
1295 4933 1574 5007 pulchra
1615 4950 1699 5002 es,
1741 4932 1955 4990 amica
1983 4930 2034 4992 D
2063 4948 2189 5010 que
2215 4931 2567 5005 avertendo,
2590 4930 3122 5012 quemadmodum
3155 4932 3565 5014 pudicissima

451 5034 640 5095 mea!
675 5051 874 5111 quam
905 5032 1188 5108 pulchra
1222 5051 1306 5101 es,
1345 5037 1562 5092 sancta
1599 5036 1661 5091 et
1703 5027 1956 5091 univer-

449 5132 606 5195 salis
637 5127 948 5192 Ecclesia!
986 5126 1052 5189 in
1083 5146 1210 5208 qua
1249 5137 1397 5191 sunt
1437 5146 1688 5209 semper
1723 5127 1955 5208 aliquae

449 5237 688 5293 sanctae
729 5235 793 5289 et
834 5224 1133 5309 perfectae
1173 5245 1480 5308 personae,
1513 5234 1577 5289 et
1608 5226 1956 5308 pulcherri-

447 5347 559 5391 ma
604 5334 670 5389 et
721 5322 1242 5407 pulchrificantia
1299 5332 1690 5388 sacramenta
1736 5325 1956 5404 gratiae

2064 5046 2297 5109 sponsa
2340 5048 2523 5091 suum
2565 5029 2891 5092 dumtaxat
2930 5030 3190 5112 inspicit
3218 5049 3557 5114 sponsum;

2065 5126 2421 5208 simplicem
2486 5146 2743 5208 quoque
2801 5127 2995 5191 habes
3053 5128 3473 5193 intentionem
3522 5149 3561 5191 a

2065 5226 2215 5289 felle
2260 5226 2705 5289 amaritudinis
2754 5227 3051 5303 alienam,
3104 5236 3167 5291 et
3214 5228 3557 5311 duplicita-

2064 5332 2217 5401 tem,
2250 5322 2745 5402 aemulationem,
2779 5325 3168 5407 hypocrisim
3208 5326 3369 5391 odis,
3402 5330 3560 5390 Abs-
