4284 6267
548 674 731 779 1531·οώ
753 690 807 727 m,

544 1561 647 1603 Aet.
672 1575 743 1611 vn,
766 1562 805 1604 2.

562 1661 809 1711 mexmfl-

550 1727 614 1767 to.

544 2058 705 2101 Joann.
722 2072 749 2109 1,
770 2062 807 2103 3.

561 2257 809 2307 Panna-m.

546 2322 587 2362 ⁵.

662 2547 697 2600 2

548 2652 625 2695 Ps.
645 2666 728 2701 cm,
743 2654 810 2695 24.

548 2850 741 2900 Ρνουηιι,
751 2851 765 2892 Ι
775 2852 809 2891 9.

564 3149 673 3192 Gen.
690 3164 719 3200 ι,
733 3152 801 3195 26.

573 4526 653 4569 1³⁸.
670 4540 754 4578 vm,
768 4530 805 4569 8.

836 468 957 533 506
1507 488 1859 535 ιιΜιιιιΑτιο
1903 488 1967 535 m
2008 488 2148 535 car.
2195 490 2260 535 lx
2300 490 2460 537 umu
2501 491 2857 539 sarim-ruz.
2901 514 2982 525 —
3024 496 3164 544 Aur.
3208 498 3273 544 rx

836 660 959 723 odo
1010 661 1241 740 legitur
1278 678 1290 721 :
1336 657 1503 720 Dixit
1550 657 1854 721 Dominus
1903 658 1981 721 ad
2023 657 2274 739 Moysen
2312 676 2326 721 ε
2360 658 2410 719 Α
2437 657 2735 744 Josaphat
2782 663 2872 726 ait
2902 665 3226 746 judicibus
3267 688 3397 733 suae
3437 668 3643 750 plebis
3675 686 3690 731 τ
3721 667 3929 742 Quod·
3971 683 4190 731 neam,
4246 618 4247 653 ³

836 761 978 823 Haec
1036 761 1209 824 dices
1280 760 1438 823 siliis
1495 758 1684 822 Israel
1739 776 1753 819 :
1806 759 2109 822 Dominus
2169 759 2331 822 Deus

837 867 1085 941 patrum
1138 869 1517 937 vestrorum,
1562 859 1727 921 Deus
1769 858 2111 935 Abraham,
2166 859 2329 921 Deus

834 959 1026 1036 Isaac,
1050 967 1113 1022 et
1140 960 1303 1023 Deus
1332 958 1547 1035 Jacob,
1580 958 1757 1019 misit
1784 975 1885 1019 me
1914 958 1990 1019 ad
2025 976 2175 1038 vos3
2209 958 2328 1021 hoc

836 1075 1069 1121 nomen
1109 1057 1267 1119 mihi
1308 1066 1405 1121 est
1443 1058 1507 1119 in
1554 1064 1877 1131 aeternum,
1926 1064 1990 1118 et
2026 1056 2147 1119 hoc
2199 1076 2329 1119 me-

836 1156 1101 1219 moriale
1130 1176 1339 1219 meum
1375 1156 1441 1218 in
1472 1156 1947 1237 generationem
1977 1163 2041 1218 et
2068 1174 2330 1236 genera-

836 1254 1100 1317 tionem.
1144 1258 1229 1317 Ει
1276 1257 1551 1317 Domine
1599 1256 2080 1323 misericordioe,
2130 1255 2190 1317 id
2235 1264 2332 1317 est

837 1353 1198 1416 dominator
1240 1353 1623 1429 misericorS,
1668 1362 1730 1416 et
1774 1353 2080 1416 Dominus
2120 1352 2328 1417 omni-

836 1471 946 1513 um
996 1451 1498 1514 miserationum.
1542 1451 1783 1514 Dicitur
1826 1468 1978 1531 ergo
2027 1451 2330 1514 Dominus

835 1549 1306 1627 misericordiae,
1326 1550 1493 1612 sicut
1518 1550 1584 1611 in
1616 1548 1879 1613 Actibus
1907 1549 2143 1612 dicitur
2173 1551 2331 1612 Deus

836 1646 1077 1727 gloriae,
1128 1655 1191 1710 et
1242 1646 1309 1709 in
1359 1649 1627 1724 Psalmo,
1674 1648 1800 1710 Rex
1845 1646 2084 1729 glor-ite,
2133 1645 2198 1710 id
2237 1656 2333 1711 est

838 1745 1141 1809 Dominus
1192 1746 1691 1811 misericordiam
1736 1746 1999 1823 habcnS,
2051 1756 2115 1811 et
2151 1747 2333 1811 mise-

2440 779 2716 842 cumque
2753 762 3211 843 judicaveritiS‚
3248 768 3313 829 in
3361 786 3473 831 vos
3509 768 3924 845 redundabit3
3957 748 4053 795 ⁶'⁷'

2439 860 2522 923 sit
2573 861 2761 925 timor
2807 862 3056 926 Domini
3102 865 3454 943 vobiscum,
3488 875 3551 929 et
3592 886 3734 930 cum
3776 866 3926 928 dili-

2439 959 2656 1041 gentia
2695 970 2924 1025 cuncta
2966 961 3178 1027 facite.

2527 1062 2628 1120 Da
2678 1062 2847 1121 milii
2889 1064 3142 1123 sedium
3204 1074 3470 1124 tuarum
3523 1065 3924 1125 adsis-tricem
4059 1062 4095 1117 4

2437 1160 2855 1237 sapientiam,
2905 1158 2968 1221 id
3016 1170 3112 1224 est
3157 1160 3545 1244 Sapientiam
3593 1171 3761 1225 tuam
3805 1161 3922 1224 tibi

2437 1256 2824 1320 aeternaliter
2891 1278 3039 1323 vere
3098 1268 3498 1342 prensantem,
3551 1269 3615 1322 et
3682 1260 3925 1323 thronis

2439 1354 2808 1418 coelestibus
2852 1356 3085 1437 jugiter
3132 1357 3567 1434 adsistentem,
3611 1358 3927 1421 omnium-

2437 1472 2563 1534 que
2590 1453 2987 1534 judicialium
3020 1454 3323 1519 soliorum
3356 1456 3707 1519 coelestium
3739 1466 3928 1539 atquo.

2440 1552 2836 1615 terrestrium
2876 1552 3272 1617 directivam.
3305 1553 3452 1629 Quae
3489 1554 3553 1617 in
3585 1555 3928 1635 Evangelio

2441 1656 2822 1732 protestatur
2857 1669 2870 1713 :
2905 1651 3032 1715 Vos
3078 1652 3190 1733 qui
3239 1653 3438 1716 secuti
3480 1654 3634 1716 estis
3677 1672 3799 1729 me,
3833 1674 3928 1718 se-
3955 1668 4190 1715 nattam.

2439 1748 2672 1811 debitis
2721 1768 2912 1832 super
2957 1750 3158 1827 sedeS,
3192 1750 3550 1832 judicantes
3596 1752 3926 1815 duodecim
3953 1736 4017 1775 ²⁸·

840 1844 1119 1908 ricordes
1177 1842 1452 1909 effectus
1501 1846 1877 1927 producens.
1946 1847 2072 1913 Qui
2117 1848 2334 1923 fecisti
2367 1843 2413 1904 B
2443 1846 2644 1909 tribus
2666 1848 2876 1910 Israel.
2911 1847 3101 1911 Sedes
3133 1867 3388 1930 quoque
3415 1850 3548 1927 Dei,
3581 1858 3731 1912 sunt
3757 1849 3925 1927 coeli‚

837 1946 1058 2005 omnia
1100 1948 1280 2005 verbo
1332 1954 1461 2017 tuo,
1516 1944 1577 2007 id
1630 1953 1727 2007 est
1768 1964 1882 2026 per
1930 1945 2331 2025 unigenitum

839 2041 1073 2104 Filium
1104 2051 1281 2105 tuum
1318 2062 1331 2107 :
1368 2044 1717 2106 secundum
1751 2042 1933 2119 illud,
1967 2042 2192 2106 Omnia
2221 2064 2333 2126 per

842 2141 1052 2223 ipsum
1105 2140 1270 2204 facta
1319 2150 1488 2203 sunt.
1523 2141 1659 2217 Vel,
1693 2141 1923 2217 Verbo,
1968 2141 2030 2203 id
2071 2150 2165 2205 est
2218 2141 2334 2204 im-

840 2240 1019 2322 perio
1064 2249 1173 2305 tuo
1210 2258 1223 2303 :
1257 2240 1423 2303 sicut
1470 2248 1800 2303 cantamus
1838 2257 1851 2301 :
1885 2238 2192 2314 Quoniam
2241 2240 2335 2323 ip-

840 2358 909 2402 se
950 2339 1130 2417 dixit,
1174 2349 1237 2403 et
1290 2338 1455 2402 sacta
1504 2347 1689 2419 sunt3
1724 2338 1862 2421 ipse
1892 2339 2240 2415 mandavit,
2273 2348 2336 2401 et

838 2447 1049 2502 creata
1092 2447 1261 2502 sunt.

923 2541 1006 2601 Et
1034 2540 1356 2615 sapientia
1400 2547 1534 2609 tua,
1570 2536 1634 2599 id
1666 2546 1763 2599 est
1801 2556 1913 2620 per
1955 2536 2331 2618 sapientiam

842 2645 1039 2712 tuam,
1082 2638 1473 2697 constituisti
1510 2637 1855 2697 hominem.
1890 2634 2115 2699 Omnia
2161 2635 2334 2699 enim

842 2735 909 2797 in
949 2734 1264 2816 sapientia
1303 2734 1499 2813 secit3
1544 2740 1608 2797 et
1653 2734 1819 2797 sicut
1869 2734 1935 2795 in
1978 2733 2336 2797 Proverbiis

840 2832 1081 2895 dictum
1110 2839 1223 2905 est,
1244 2831 1536 2895 Dominus
1566 2831 1879 2914 sapientia
1902 2830 2196 2894 fundavit
2224 2838 2340 2892 ter·

844 2950 1001 3008 ram,
1037 2929 1346 2993 stabilivit
1385 2929 1581 2993 coelos
1621 2930 1983 3012 prudentia.
2030 2932 2109 2992 Ut
2140 2930 2338 2989 domi-

2443 1952 2631 2027 prout
2668 1944 2842 2007 satur
2873 1946 3183 2027 Propheta
3216 1967 3230 2011 ε
3265 1946 3507 2009 Coelum
3550 1947 3709 2009 mihi
3747 1949 3928 2011 sedes
3971 1965 4186 2013 taum.

2441 2052 2556 2107 est.
2584 2042 2699 2107 Sed
2727 2052 2790 2106 et
2813 2043 3044 2107 animae
3062 2044 3267 2126 justae,
3291 2054 3438 2108 sunt
3467 2047 3646 2110 sedes
3673 2055 3736 2109 et
3767 2046 3932 2109 thro-

2444 2142 2509 2203 ni
2535 2142 2749 2224 ipsiuS‚
2776 2162 2974 2223 quum
3005 2142 3310 2225 scriptum
3345 2162 3538 2225 supra
3557 2144 3641 2206 sit
3664 2165 3679 2209 :
3704 2145 3930 2207 Anima
3979 2161 4042 2204 cr.
4065 2161 4180 2202 prov.

2439 2240 2618 2322 justi,
2652 2240 2833 2303 sedes
2881 2248 2975 2303 est
3025 2241 3376 2323 sapientiae.
3411 2242 3522 2304 Est
3568 2243 3718 2305 item
3765 2263 3930 2306 unus
3957 2228 4114 2275 ¹⁰³³·

2441 2338 2672 2404 chorus
2711 2339 3104 2419 angelorum,
3140 2340 3250 2422 qui
3294 2340 3654 2422 specialiter
3699 2342 3932 2405 Throni

2443 2446 2724 2514 vocatur,
2760 2456 2872 2519 per
2921 2456 3082 2519 quos
3129 2438 3543 2521 Omnipotens
3577 2459 3694 2503 sua
3728 2440 3933 2503 decer-

2445 2537 2540 2599 nit
2580 2536 2822 2619 judicia
2857 2554 2872 2598 ε
2907 2536 3141 2619 quibus
3193 2538 3466 2601 Thronis
3505 2537 3934 2602 infallibiliter

2444 2636 2744 2699 direct-rix
2792 2644 2890 2697 est
2937 2634 3253 2717 sapientia
3301 2635 3443 2699 ista.
3503 2639 3588 2698 Ec
3641 2639 3782 2697 noli
3839 2658 3932 2697 me

2443 2736 2779 2812 reprobare
2807 2754 2847 2793 a
2869 2735 3095 2810 pueris
3129 2736 3281 2802 tuis,
3313 2734 3375 2795 id
3408 2742 3526 2810 est,
3554 2735 3632 2797 de
3664 2752 3928 2797 numero

2445 2832 2788 2897 electorum
2844 2850 3173 2894 servorum
3208 2840 3462 2895 tuorum
3510 2850 3636 2895 non
3681 2831 3931 2895 auferas

2446 2951 2569 3007 me,
2606 2950 2814 3011 neque
2856 2930 3241 2994 condemnes
3283 2940 3354 2993 ut
3397 2930 3756 3014 reprobum.

842 3040 1115 3091 nar-etur
1142 3040 1453 3091 creaturae
1484 3039 1634 3099 cuae,
1664 3050 1807 3108 quoe
1838 3050 1877 3089 a
1910 3039 1966 3089 ce
1997 3030 2176 3105 facta
2204 3037 2293 3088 est
2314 3050 2336 3088 .·
2372 3025 2416 3089 C
2529 3032 2848 3101 Quoniam
2897 3050 3116 3089 servus
3151 3040 3296 3090 tuus
3341 3050 3452 3107 eqo
3495 3051 3640 3091 sum
3666 3051 3688 3091 :
3721 3030 3786 3093 id
3813 3038 3928 3105 est,
4057 3035 4092 3088 5

842 3126 1380 3209 quemadmodum
1424 3125 1707 3208 loquitur
1736 3126 2041 3189 Dominus
2078 3146 2091 3189 :
2134 3125 2339 3188 Facia-

843 3245 987 3288 mus
1026 3225 1351 3289 hominem
1396 3226 1473 3287 ad
1509 3224 1851 3305 imaginem
1885 3233 1948 3286 et
1978 3223 2342 3287 similitudi-

844 3342 989 3386 nem
1024 3332 1341 3403 nostram3
1376 3332 1439 3386 et
1469 3323 1683 3405 praesit
1713 3322 1997 3405 piscibus
2029 3322 2246 3398 maria,
2278 3331 2340 3385 et

846 3420 1213 3485 volatilibus
1244 3421 1427 3498 coeli,
1482 3429 1545 3484 et
1601 3420 1843 3497 bestiiS,
1899 3422 2340 3502 universaeque

849 3529 1051 3597 terrae,
1088 3519 1393 3601 omnique
1436 3519 1647 3602 reptili
1696 3520 1865 3601 quod
1909 3528 2202 3583 movetur
2242 3539 2343 3581 su-

848 3640 962 3702 per
1015 3629 1273 3683 terram.
1326 3619 1486 3683 Hinc
1535 3619 1789 3682 additur
1842 3636 1857 3681 ε
1908 3630 1981 3680 uc
2036 3621 2341 3698 disponat

846 3723 1056 3781 orbem
1092 3729 1420 3780 terrarum
1453 3721 1523 3779 in
1553 3722 1858 3798 (equitate
1884 3729 1943 3779 et
1958 3719 2340 3796 justitia,id

846 3827 963 3895 est,
1019 3818 1337 3881 elemento
1382 3825 1565 3880 terrae
1616 3825 1678 3879 et
1736 3816 2051 3879 contentis
2114 3816 2178 3878 in
2240 3834 2337 3894 e0,

850 3925 1063 3979 utatur
1104 3916 1271 3979 sicut
1312 3925 1409 3979 est.
1446 3914 1759 3979 divinitus
1804 3915 2207 3994 institutum3
2239 3915 2338 3979 vel

847 4015 1082 4096 potiuS,
1120 4022 1189 4076 ut
1237 4031 1440 4093 genus
1490 4012 1819 4077 hominum
1853 4033 1889 4075 a
1930 4032 1999 4075 se
2038 4031 2343 4095 propaga-

847 4124 1004 4190 tum,
1031 4122 1200 4176 recte
1227 4114 1559 4193 gubernet.
1586 4113 1711 4176 Hoc
1740 4121 1951 4175 autem
1984 4112 2338 4175 dominium

2446 3132 2577 3212 Jam
2609 3128 2725 3192 tibi
2760 3128 2987 3191 devote
3020 3127 3332 3204 deservio,
3367 3136 3431 3191 et
3459 3147 3682 3210 precor
3719 3147 3798 3191 ne
3833 3130 3934 3191 de-

2449 3248 2620 3292 seras
2650 3246 2773 3301 me,
2800 3226 2909 3290 sed
2939 3226 3104 3289 hanc
3141 3226 3352 3289 cordis
3382 3227 3508 3290 mei
3538 3227 3931 3290 devotionem

2449 3344 2700 3407 semper
2731 3326 2837 3411 pie
2869 3324 3269 3403 attendas3et
3285 3328 3470 3404 filius
3497 3327 3762 3387 ancillae
3791 3336 3934 3394 tuce,

2450 3424 2747 3489 videlicet
2775 3422 3138 3505 Synagogae,
3163 3430 3273 3484 aut
3302 3422 3670 3499 Bethsabee,
3696 3442 3838 3505 quae
3865 3423 3938 3484 de

2448 3542 2564 3587 suo
2593 3540 2851 3585 excessu
2886 3521 3226 3603 poenitens,
3271 3521 3575 3602 deinceps
3611 3520 3734 3584 fuit
3762 3523 3940 3585 devo-

2452 3632 2561 3686 ta:
2606 3621 2826 3701 sicque
2871 3619 3114 3682 meritis
3165 3620 3387 3681 matris
3433 3638 3593 3683 meae
3637 3621 3938 3702 deprecor

2451 3718 2770 3797 exaudiri3
2817 3721 2998 3779 homo
3039 3719 3368 3795 infirmus,
3411 3717 3477 3780 id
3523 3726 3620 3780 est
3669 3715 3932 3798 fragilis

2450 3829 2514 3883 et
2551 3820 2627 3881 ad
2659 3816 2828 3880 mala
2862 3815 3187 3898 procliviS,
3221 3827 3282 3878 et
3309 3820 3539 3893 emiqui
3587 3820 3888 3895 temporis
3913 3837 3935 3875 .·

2452 3924 2641 3999 prout
2691 3914 2899 3997 primo
2950 3913 3476 3996 Paralipomenon
3531 3914 3730 3978 David
3786 3913 3936 3977 fate-

2453 4024 2604 4078 tur:
2641 4014 2783 4077 Dies
2825 4010 3025 4075 nostri
3075 4010 3255 4091 quasi
3307 4011 3532 4074 umbra
3579 4029 3772 4092 super
3821 4020 4176 4089 ter-waram
4246 4056 4247 4059 ,

2452 4134 2609 4190 ram,
2657 4120 2722 4175 et
2761 4110 2938 4173 nulla
2973 4118 3070 4173 est
3110 4127 3307 4172 mora.
3349 4108 3492 4173 Ideo
3531 4117 3789 4172 sanctus
3825 4108 3935 4172 Job
3962 4093 4017 4133 ¹⁵·

848 4231 1040 4294 super
1090 4211 1428 4275 inferiores
1473 4220 1790 4274 creaturas
1848 4211 2040 4274 homo
2089 4210 2341 4290 plenius
2371 4216 2420 4279 D
2450 4212 2608 4276 dixit
2645 4231 2658 4275 ε
2694 4211 2890 4273 Homo
2940 4217 3126 4272 natus
3175 4208 3253 4270 de
3301 4207 3592 4282 muliere,
3625 4208 3805 4273 brevi
3847 4208 3936 4270 vi·
3969 4222 4176 4267 laima.

850 4309 1198 4387 habuisset,
1258 4309 1382 4371 nisi
1441 4318 1785 4391 peccasset.
1848 4308 2071 4371 Adhuc
2129 4318 2342 4373 tamen

851 4408 1217 4491 aliqualiter
1243 4408 1437 4471 habet
1472 4406 1655 4483 illud,
1691 4407 2040 4470 secundum
2082 4407 2244 4470 illud
2277 4408 2343 4469 in

850 4508 1099 4570 Psalmo
1156 4524 1169 4569 :
1221 4504 1445 4569 Omnia
1505 4505 1839 4587 subjecisti
1898 4505 2016 4567 sub
2075 4505 2344 4587 pedibus

852 4608 1014 4688 ejuS,
1049 4624 1200 4670 oves
1239 4612 1301 4668 et
1331 4604 1525 4668 boves
1569 4602 1921 4666 universas,
1958 4607 2042 4665 Ec
2070 4606 2141 4665 in
2175 4607 2347 4665 dire-

850 4708 1059 4767 ctione
1087 4706 1296 4765 cordis
1328 4705 1671 4781 judicium
1695 4703 1979 4781 judicet,
2010 4703 2072 4765 id
2113 4712 2231 4781 est,
2265 4703 2346 4767 de

848 4802 1212 4886 judicandis
1262 4800 1642 4865 sententiam
1688 4799 1968 4882 proferat
2011 4820 2158 4863 cum
2202 4801 2348 4864 dili-

849 4902 1025 4984 genti
1066 4901 1274 4965 cordis
1308 4899 1566 4975 intuitu,
1610 4908 1673 4963 et
1721 4899 2078 4963 elevatione
2112 4900 2346 4963 mentis

852 5003 929 5064 ad
958 5010 1040 5078 te,
1077 5000 1367 5063 habendo
1400 5006 1460 5061 te
1500 4998 1784 5062 Iudicem
1830 5018 2154 5061 summum
2185 5018 2349 5061 sem-

856 5119 971 5182 per
1019 5118 1149 5181 prae
1198 5097 1422 5174 oculis,
1458 5105 1669 5161 certus
1700 5098 1873 5177 quod
1904 5106 1966 5159 et
2008 5098 2145 5179 ipse
2182 5096 2350 5179 judi-

856 5199 1097 5263 candus
1136 5196 1221 5259 sit
1248 5215 1286 5259 a
1313 5204 1397 5274 te,
1433 5194 1547 5277 qui
1590 5195 1757 5258 male
1795 5195 2079 5276 judicata
2123 5194 2350 5277 rejudi-

2452 4330 2608 4375 vens
2640 4318 2944 4390 tempore,
2971 4307 3250 4387 repletur
3281 4306 3502 4368 multis
3531 4305 3832 4370 miseriis
3851 4308 3935 4367 Ec

2455 4411 2668 4471 minor
2693 4410 2782 4467 ad
2813 4408 3208 4465 intellectum
3230 4406 3490 4481 judicii
3517 4414 3577 4465 ec
3607 4408 3842 4481 legum,
3875 4403 3932 4465 id

2451 4515 2546 4570 est
2577 4524 2654 4569 ox
2684 4523 2787 4567 me
2826 4504 2965 4585 ipso
3005 4501 3412 4565 insufficiens
3457 4503 3533 4564 ad
3580 4501 3936 4583 intelligen—

2451 4606 2602 4669 dum
2652 4602 2809 4685 quid
2868 4602 2946 4664 de
2997 4600 3268 4681 singulis
3327 4600 3812 4663 occurrentibus
3860 4599 3936 4661 sit

2449 4702 2890 4787 judicandum,
2927 4718 3042 4763 nec
3072 4699 3294 4764 valens
3335 4718 3412 4761 ex
3448 4718 3552 4762 me
3583 4698 3938 4781 pertingere
4246 4688 4247 4757 l

2451 4803 2531 4865 ad
2569 4798 3054 4881 intelligentiam
3099 4798 3334 4877 legum,
3370 4797 3433 4859 id
3473 4805 3568 4860 est
3599 4805 3938 4878 praecepto-

2454 4920 2598 4963 rum
2647 4907 2897 4962 tuorum
2945 4895 3370 4979 judicialium,
3416 4893 3936 4959 caerimonialium

2455 5008 2646 5080 atque
2675 4996 3034 5073 moralium,
3070 4995 3354 5076 legisque
3386 4992 3717 5068 naturalis,
3749 5011 3824 5056 ac
3848 4991 3938 5054 di-

2455 5096 2642 5171 vinae,
2666 5104 2729 5158 et
2757 5094 3070 5177 positivae.
3107 5093 3263 5156 Hinc
3297 5093 3480 5156 tertio
3508 5091 3749 5171 Regum
3780 5089 3936 5153 Salo-
4246 5154 4247 5157 ,

2457 5213 2609 5258 mon
2651 5193 2951 5257 recitatur
2989 5190 3226 5255 dixisse
3269 5192 3347 5253 ad
3377 5188 3716 5254 Dominum
3747 5209 3762 5253 ε
3797 5187 3935 5263 Quis
3973 5206 4172 5255 {linea-m.

856 5297 1055 5362 cabis.
1107 5296 1268 5359 Hinc
1324 5295 1605 5358 secundo
1655 5294 2182 5376 Paralipomenon
2243 5314 2353 5357 rex
2462 5300 2673 5376 potest
2693 5291 2983 5375 judicare
3020 5290 3192 5353 hunc
3224 5287 3889 5372 populumtltemque
3919 5300 3932 5345 ε
3961 5275 3996 5313 ⁹·
