4284 6267
194 1192 263 1246 14

202 3945 269 4001 15

1001 522 1355 570 numa-no
1396 522 1461 569 m
1500 520 1640 569 car.
1686 522 1813 569 xvn
1854 522 2013 569 unm
2056 523 2412 571 samma-m.
2459 544 2540 555 —
2579 527 2721 572 aar.
2767 526 2896 573 xvn
3367 506 3484 571 551

394 696 819 778 spissitudine
851 695 1144 772 nubium,
1166 694 1700 756 illuminationem
1734 694 1899 757 aeris
1928 695 1978 756 A
2005 699 2129 755 lem
2159 699 2512 758 sustinebat
2545 702 2971 759 necessitatem
3004 720 3026 757 .·
3058 698 3117 759 id
3150 706 3266 775 est,
3296 698 3492 762 inevi-

394 794 913 876 impedientium‚
968 803 1036 857 ut
1084 794 1285 876 aliqui
1342 793 1564 855 dicunt
1617 810 1630 854 ε
1681 793 1894 855 verius
2005 793 2285 856 tabiliter
2334 794 2675 875 cogebatur
2723 816 2981 859 manere
3031 796 3095 858 in
3155 795 3294 861 loco
3355 797 3486 875 illo,

393 900 610 955 tamen
641 901 930 976 putatur,
953 893 1124 974 quod
1157 912 1232 955 ex
1260 892 1725 974 supernaturali
1759 890 1897 953 sub-
2002 894 2270 955 evadere
2302 894 2635 975 nequienS,
2670 914 2786 959 ncc
2825 914 3084 959 cernere
3115 895 3334 959 valens
3359 914 3490 977 quo

396 991 707 1056 tractione
734 992 1056 1055 radiorum
1085 990 1418 1068 solarium3
1441 994 1726 1051 eumdem
1744 1011 1898 1053 som-

392 1111 555 1151 num
578 1091 987 1161 dormientes,
1008 1090 1073 1153 id
1099 1098 1194 1152 est
1224 1108 1517 1153 somnum
1546 1106 1802 1169 gravem
1833 1095 1897 1151 et

392 1188 749 1264 taediosum,
786 1189 959 1252 nocti
993 1187 1086 1251 illi
1120 1187 1519 1251 consimilem
1547 1206 1563 1267 3
1596 1190 1897 1266 aliquan-

390 1290 475 1348 do
516 1296 949 1349 monstrorum
992 1288 1087 1351 eis
1137 1287 1204 1349 in
1252 1305 1476 1350 somno
1524 1283 1897 1349 terribiliter

388 1387 865 1467 apparentium,
911 1393 982 1448 ut
1028 1386 1269 1449 dictum
1310 1394 1429 1463 est,
1473 1387 1898 1463 eoeayitaban-

392 1494 505 1545 tur
536 1486 767 1545 timore
780 1508 809 1556 ,·
834 1487 1194 1565 aliquando
1234 1487 1475 1547 animae
1511 1485 1896 1563 deficiebant

390 1584 830 1653 traductione,
861 1582 923 1645 id
964 1592 1061 1645 est
1100 1583 1499 1665 separatione
1528 1602 1565 1645 a
1603 1600 1889 1664 corpore.

388 1682 544 1743 Nam
596 1681 763 1744 intra
811 1681 1098 1745 triduum
1143 1682 1302 1744 illud
1348 1681 1536 1743 multi
1576 1679 1895 1763 AEgyptio-

390 1800 533 1843 rum
570 1799 699 1862 prae
729 1781 960 1844 timore
1002 1789 1065 1844 et
1102 1780 1399 1862 angustia
1434 1779 1769 1859 obierunt3
1803 1787 1887 1855 et,

2007 991 2147 1053 iret.
2194 994 2336 1054 Una
2363 994 2539 1053 enim
2567 1004 2817 1066 catena,
2852 994 2916 1057 id
2956 1003 3054 1057 est
3080 994 3490 1058 conclusione

2006 1098 2069 1151 et
2110 1089 2498 1167 detentione,
2533 1095 2940 1153 tenebrarum
2969 1092 3246 1171 illarum,
3279 1114 3494 1155 omnes

2006 1188 2281 1271 AEgyptii
2325 1201 2512 1251 erant
2559 1193 2869 1268 colligati,
2904 1209 3030 1254 non
3073 1191 3358 1256 valentes
3406 1191 3497 1255 lo-

2005 1306 2153 1350 cum
2198 1296 2446 1351 mutare
2479 1306 2493 1350 :
2529 1297 2592 1351 et
2633 1290 2720 1351 ita
2759 1298 2940 1352 erant
2973 1289 3226 1353 attoniti
3263 1310 3336 1353 ac
3369 1288 3496 1353 for-

2006 1386 2325 1463 midolosi,
2353 1388 2522 1468 quod
2554 1388 2869 1469 quidquid
2897 1389 3260 1467 audierunt,
3278 1388 3497 1451 intulit

2005 1484 2422 1557 eistimorem
2461 1503 2474 1547 :
2507 1485 3042 1567 quemadmodum
3084 1486 3275 1549 homo
3307 1486 3495 1551 vehe-

2003 1591 2250 1645 menter
2283 1582 2656 1659 formidanS,
2676 1591 2947 1647 terretur
2976 1604 3052 1647 ex
3083 1585 3297 1648 sonitu
3328 1583 3494 1661 folii,

2003 1689 2113 1744 aut
2159 1681 2428 1763 strepitu
2472 1682 2694 1743 muriS.
2742 1683 2900 1745 Hinc
2947 1683 3240 1746 subditur
3277 1700 3291 1745 ε

2089 1781 2247 1841 Sive
2288 1782 2584 1857 spiritus,
2641 1780 2704 1842 id
2754 1789 2851 1843 est
2897 1788 3145 1855 ventus,
3195 1783 3494 1850 sibilans,

388 1888 462 1941 ut
503 1887 765 1941 narrant
798 1877 1062 1955 Hebraei,
1097 1879 1283 1942 multi
1326 1896 1582 1960 quoque
1620 1898 1695 1941 ex
1731 1876 1891 1940 filiis
1919 1876 1966 1937 B
2000 1888 2117 1939 aut
2167 1880 2340 1939 inter
2376 1882 2607 1957 spissos
2652 1882 2952 1941 arborum
3005 1900 3218 1941 ramos
3265 1881 3492 1941 avium

388 1977 608 2052 lsrael,
641 1977 755 2057 qui
797 1976 1104 2039 nolebant
1142 1978 1315 2041 exire
1344 1978 1704 2060 AEgyptum‚
1738 1984 1889 2039 tunc

388 2075 715 2139 obierunt.
750 2074 1022 2157 Ideoque
1054 2076 1217 2139 Deus
1258 2086 1384 2139 tam
1428 2075 1537 2138 diu
1584 2075 1891 2157 protraxit

390 2173 688 2237 tenebras
734 2174 899 2251 illas,
945 2193 1026 2238 ne
1066 2174 1339 2257 AEgyptii
1380 2182 1645 2237 mortem
1688 2173 1893 2255 perci-

390 2280 621 2355 perent
666 2272 1095 2336 Hebraeorum.
1128 2274 1267 2351 Vel,
1300 2272 1541 2334 Anima>
1578 2272 1893 2354 AEgyptio-

388 2390 535 2433 rum
567 2368 963 2434 deficiebant
994 2372 1413 2448 traductione,
1447 2370 1509 2433 id
1542 2379 1657 2447 est,
1692 2370 1891 2433 nimia

390 2469 783 2533 terribilium
814 2487 1029 2531 rerum
1060 2469 1537 2550 imaginatione,
1572 2468 1757 2549 quasi
1786 2488 1891 2531 ex-

390 2578 487 2631 tra
520 2586 587 2630 se
618 2567 1041 2643 ducebantur,
1075 2567 1445 2649 debilesque
1476 2566 1741 2631 fiebant.
1765 2571 1892 2629 Su-

1998 1997 2192 2037 sonus
2237 1979 2480 2049 suavis,
2532 1987 2648 2039 aut
2703 1979 2802 2039 vis
2858 2000 3044 2059 aquae
3091 1980 3493 2039 decurrentis

1998 2076 2312 2145 nimium,
2344 2075 2407 2137 id
2453 2084 2550 2138 est
2595 2094 2788 2139 sonus
2835 2084 3126 2139 causatus
3175 2095 3250 2139 ex
3299 2094 3490 2139 cursu

1998 2191 2334 2255 aquarum,
2375 2183 2493 2234 aut
2529 2194 2722 2235 sonus
2766 2176 3024 2235 validus
3052 2177 3493 2253 praecipitata-

1998 2292 2150 2333 rum
2185 2282 2549 2349 petrarum,
2583 2272 2647 2334 id
2690 2280 2786 2335 est
2832 2272 3116 2355 lapidum
3165 2292 3203 2336 a
3239 2292 3492 2335 sursum

1999 2369 2430 2452 projectorum
2459 2370 2779 2445 deorsum,
2802 2380 2920 2431 aut
2948 2373 3318 2433 ludentium
3344 2372 3493 2431 am·-

2000 2470 2279 2529 malium
2308 2488 2534 2529 cursus
2563 2470 2836 2543 invisus,
2863 2468 2927 2530 id
2959 2476 3054 2531 est
3085 2467 3290 2531 factus
3320 2475 3494 2531 extra

2001 2566 2306 2628 intuitum
2357 2565 2794 2648 AEgyptiorum
2856 2566 3136 2645 illorum,
3189 2578 3305 2629 aut
3353 2587 3494 2627 mu-

390 2670 691 2728 bitaneus
735 2668 911 2727 enim
957 2667 1095 2727 illis
1133 2665 1465 2748 AEgyptiis‚
1502 2676 1562 2726 et
1608 2668 1892 2743 inspera-
1993 2666 2322 2742 yientium
2353 2665 2578 2725 valida
2619 2666 2969 2725 bestiarum
3009 2686 3160 2735 vom,
3191 2675 3306 2726 aut
3341 2685 3495 2725 reso-

394 2776 521 2833 tus,
557 2764 621 2826 id
652 2772 749 2826 est
777 2763 1189 2845 improvisuS,
1218 2767 1409 2825 timor
1436 2773 1891 2841 supervenerat
2002 2783 2170 2823 nans
2212 2765 2291 2822 de
2333 2763 2672 2823 altissimis
2714 2765 3036 2824 montibus
3067 2764 3240 2831 echo,
3271 2770 3494 2844 utpote

390 2882 469 2925 ex
508 2862 712 2944 plagis
753 2860 849 2924 eis
888 2860 1181 2924 inflictis,
1223 2861 1391 2923 Talis
1439 2871 1651 2924 autem
1702 2860 1891 2923 timor
2002 2879 2077 2923 ex
2127 2859 2610 2941 repercussione
2659 2858 2970 2941 reflexus3
3001 2861 3366 2937 deficientes
3390 2862 3495 2938 fa-

394 2961 543 3043 plus
576 2967 851 3041 torquet,
884 2960 1188 3041 quoniam
1227 2958 1439 3040 jacula
1477 2960 1746 3041 praevisa
1774 2959 1893 3021 mi·
2001 2960 2252 3019 ciebant
2281 2960 2429 3018 illos
2461 2978 2600 3035 proe
2641 2960 2891 3029 timore,
2928 2958 2994 3021 id
3041 2967 3160 3036 est,
3203 2957 3496 3021 debilita-

392 3078 517 3121 nus
558 3058 823 3121 feriunt.
856 3058 1012 3120 Nam
1053 3057 1118 3119 in
1158 3058 1392 3133 Exodo,
1425 3057 1538 3121 ubi
1581 3059 1661 3121 de
1708 3057 1893 3139 plaga
1927 3053 1971 3117 C
2002 3056 2157 3119 bant
2195 3054 2539 3139 AEgyptiOS,
2582 3055 2696 3138 qui
2745 3076 2822 3119 ex
2870 3056 3372 3139 praedominante
3418 3056 3496 3119 ti-

390 3156 801 3220 tenebrarum
832 3155 1090 3218 illarum
1134 3163 1458 3233 tractatur,
1492 3174 1619 3219 non
1660 3156 1891 3235 legitur
2002 3173 2180 3219 more
2233 3154 2467 3236 jugiter
2514 3154 3003 3236 suspicabantur
3061 3154 3183 3218 sibi
3229 3154 3495 3235 grandia

391 3257 559 3319 Deus
608 3254 1066 3338 praeadvisasse
1104 3254 1429 3337 AEgyptios
1469 3255 1549 3317 de
1595 3254 1713 3317 hac
1758 3254 1891 3337 pla-

392 3374 471 3435 ga
528 3372 542 3415 ε
598 3353 819 3435 sicque
876 3352 1225 3434 improvise
1284 3353 1569 3416 creditur
1627 3354 1719 3415 eis
1780 3372 1886 3416 su-

393 3451 787 3533 pervenisse.
831 3487 912 3496 —
940 3450 1247 3512 Praeterea
1300 3468 1425 3513 nox
1472 3450 1583 3512 illa
1629 3458 1891 3513 vocatur

394 3556 627 3630 potens
660 3567 675 3611 t
709 3549 942 3630 primo,
978 3548 1129 3629 quia
1161 3556 1287 3610 tam
1320 3548 1431 3611 diu
1472 3548 1761 3627 duravit3
1797 3567 1891 3610 se-

394 3648 629 3723 cund0,
648 3645 800 3728 quia
831 3646 1349 3709 tenebrosissima
1381 3644 1539 3725 fuit;
1572 3646 1781 3723 tertie,
1803 3665 1893 3708 ra-

395 3746 573 3809 tione
602 3762 863 3807 suorum
894 3743 1249 3808 effectuum
1281 3744 1751 3827 praedictorum,
1777 3762 1892 3825 per

399 3862 561 3926 quos
607 3843 694 3906 ita
735 3841 975 3905 afflixit
1016 3843 1363 3925 AEgyptiOS.

480 3944 730 4004 Deinde
769 3944 830 4001 si
872 3944 1215 4021 quisquam
1253 3962 1335 4001 ea:
1373 3942 1509 4001 illis
1555 3942 1891 4002 decidisset

396 4061 474 4105 ex
510 4040 735 4102 timore
767 4038 835 4101 in
867 4047 1123 4116 terram,
1155 4040 1631 4101 custodiebatur
1659 4041 1729 4099 in
1761 4059 1893 4099 car-

395 4160 533 4199 cere
578 4140 719 4199 sine
765 4139 943 4215 ferro
988 4141 1321 4198 reclusus:
1352 4136 1415 4198 id
1465 4145 1582 4214 est,
1637 4137 1702 4199 in
1752 4137 1893 4201 loco

2001 3252 2341 3316 imminere
2385 3252 2691 3335 pericula.

2083 3353 2310 3415 Omnis
2335 3353 2509 3412 enim
2531 3353 2701 3412 orbis
2733 3362 3081 3423 terrarum,
3100 3350 3167 3413 id
3197 3359 3293 3415 est
3324 3358 3492 3414 totus

2000 3451 2300 3527 munduS,
2355 3452 2629 3528 limpido
2666 3452 3175 3512 illuminabatur
3217 3452 3492 3522 lumine,

1999 3550 2063 3613 id
2094 3557 2190 3612 est
2221 3549 2392 3612 claro
2423 3548 2667 3612 lumine
2697 3548 2872 3625 solis,
2905 3558 2966 3609 et
2995 3569 3125 3611 non
3163 3550 3494 3627 impeditis

1998 3651 2298 3726 operibus
2327 3649 2816 3709 continebatur:
2840 3646 2903 3709 id
2933 3654 3050 3722 est,
3075 3648 3366 3729 proprios
3398 3666 3495 3710 ae-

2002 3754 2101 3807 tus
2133 3744 2428 3827 expedite
2460 3742 2964 3826 naturaliterque
2993 3744 3295 3821 exercuit,
3320 3744 3496 3808 dem-

2002 3852 2111 3927 pto
2153 3842 2471 3906 territorio
2503 3841 2962 3924 AEgyptiorum.
2997 3840 3174 3905 Unde
3223 3840 3494 3923 subjun-

2000 3941 2173 4022 gitur
2206 3958 2219 4003 :
2255 3942 2427 4003 Solis
2466 3950 2684 4002 autem
2726 3941 2865 4000 illis
2907 3941 3308 4019 superposita
3352 3950 3491 4002 erat

3619 998 3686 1054 17

3621 2174 3689 2229 18

3623 3356 3690 3412 19

3619 3950 3692 4005 20

1998 4042 2224 4119 ,qt-avis
2252 4059 2406 4111 noco,
2440 4039 2677 4101 durans
2709 4056 2821 4120 per
2849 4038 3153 4101 triduum.
3187 4038 3353 4102 Alibi
3387 4058 3494 4103 ve·
3519 4056 3787 4107 anama.

2003 4156 2072 4201 ro
2099 4138 2236 4201 dies
2265 4146 2328 4201 et
2355 4155 2477 4200 nox
2507 4144 2806 4200 consueto
2835 4154 3020 4200 cursu
3051 4134 3306 4200 fiebant.
3327 4140 3495 4199 Ima-

396 4255 527 4318 quo
558 4236 811 4311 cecidit,
837 4235 1072 4297 mansit
1102 4233 1343 4316 absque
1372 4235 1648 4298 vinculis
1681 4236 1767 4297 ita
1796 4236 1895 4299 de·
1921 4233 1972 4295 D
1994 4259 2078 4317 qo
2140 4240 2574 4307 tenebrarum,
2633 4257 2778 4316 quoe
2833 4246 3304 4315 superventura
3356 4238 3495 4297 illis

399 4343 633 4411 tentuS,
666 4354 741 4399 ac
772 4334 827 4397 si
861 4334 1087 4396 fuisset
1126 4334 1573 4398 incarceratus.
1609 4334 1761 4397 Nam
1792 4335 1896 4398 tri-

150 4450 369 4501 swas,
400 4433 521 4496 bus
571 4432 799 4496 diebus
849 4432 1065 4494 nullus
1122 4431 1377 4495 illorum
1436 4452 1505 4495 se
1560 4433 1760 4497 movit
1815 4434 1894 4497 de

106 4513 169 4554 23.

202 4736 271 4791 ¹6

402 4532 543 4595 loco
594 4549 731 4608 suo,
787 4549 905 4594 nec
954 4529 1117 4594 vidit
1162 4530 1523 4612 proximum
1569 4551 1777 4594 suum.
1819 4532 1897 4593 Et

402 4629 678 4692 sumitur
721 4630 827 4692 hic
866 4632 947 4702 si,
986 4648 1100 4711 pro
1142 4632 1328 4710 quia,
1358 4631 1893 4711 quemadmodum

404 4728 471 4791 in
528 4728 743 4793 verbis
792 4728 1228 4810 sequentibus
1266 4732 1347 4792 Si
1391 4732 1567 4791 enim
1615 4735 1895 4792 rusticus

402 4830 553 4908 quis
579 4838 743 4899 erat,
760 4838 875 4889 aut
897 4838 1122 4906 pastor
1142 4845 1467 4909 pecorum,
1490 4838 1606 4890 aut
1634 4832 1783 4907 aqri
1813 4833 1897 4889 la-

403 4927 629 4985 borum
672 4925 1033 5001 operarius,
1066 4922 1130 4986 id
1178 4932 1273 4985 est
1320 4924 1527 4987 cultor
1574 4943 1891 5005 agrorum,

401 5021 626 5104 quales
658 5020 881 5101 utique
906 5020 1105 5084 multa
1130 5019 1338 5083 millia
1369 5020 1609 5085 fuerant
1638 5024 1704 5085 in
1726 5022 1899 5105 AEgy-

403 5128 539 5203 pm,
566 5128 1075 5197 praeoccupatus,
1109 5118 1174 5181 id
1220 5128 1317 5183 est
1355 5119 1701 5202 improvise
1744 5140 1903 5203 prae-

404 5226 657 5295 ventus,
690 5227 846 5279 esset
874 5216 1155 5279 tenebris
1188 5218 1336 5296 illis,
1360 5227 1421 5281 et
1453 5218 1668 5300 lapsus
1701 5218 1765 5281 in
1796 5238 1902 5282 eas

407 5317 477 5378 in
524 5332 700 5395 agr0,
734 5323 845 5379 aut
886 5313 1043 5378 alibi
1092 5314 1502 5397 ubicumque,
1539 5318 1907 5395 ineffuyibi-

2001 4348 2141 4399 erat
2172 4359 2195 4396 .·
2236 4336 2301 4399 id
2338 4344 2453 4413 est,
2499 4353 2625 4399 nox
2673 4334 2783 4399 illa
2833 4334 2959 4398 fuit
3008 4334 3241 4415 figura,
3285 4334 3494 4418 imago

2003 4444 2063 4499 ct
2119 4434 2375 4517 signum
2424 4432 2840 4497 infernalium
2900 4430 3306 4496 tenebrarum
3361 4450 3376 4495 ε
3427 4432 3494 4495 in

2003 4552 2164 4615 quas
2221 4539 2398 4594 erant
2456 4531 2823 4595 descensuri
2872 4539 3018 4613 post
3062 4530 3256 4594 vitam
3306 4530 3491 4608 hanc,

2004 4631 2158 4714 quia
2187 4648 2316 4693 non
2348 4628 2608 4691 fuerunt
2635 4627 2944 4705 conversi,
2964 4628 3189 4691 saltem
3219 4646 3334 4709 pro
3365 4648 3499 4710 par·

2007 4739 2067 4792 te
2111 4727 2364 4809 majori.
2396 4729 2539 4805 Ipsi
2583 4747 2729 4805 erqo
2776 4729 2901 4787 sibi
2938 4734 3123 4787 erant
3162 4728 3498 4803 yraviores

2008 4830 2278 4889 tenebrae
2307 4848 2329 4886 .·
2361 4825 2426 4887 id
2476 4834 2594 4902 est,
2629 4825 2888 4907 propria
2936 4823 3381 4887 incredulitate
3423 4844 3498 4888 ac

2006 4924 2436 4988 obstinatione
2479 4923 2623 5006 plus
2667 4922 3246 4987 obtenebraverunt
3290 4940 3358 4985 εθ
3404 4921 3501 4984 in-

2008 5032 2131 5099 tuS,
2164 5043 2354 5105 quam
2389 5022 2742 5085 forinsecus
2771 5020 3309 5103 obscurabantur3
3343 5020 3501 5084 suis·

2008 5140 2135 5204 que
2197 5120 2545 5184 sceleribus
2602 5118 2864 5181 fuerunt
2920 5118 3043 5181 sibi
3091 5137 3282 5182 causa
3329 5119 3498 5201 quod

2010 5226 2390 5283 corruerunt
2419 5218 2486 5280 in
2532 5216 2823 5281 tenebras
2862 5216 3231 5293 infernales,
3263 5224 3502 5299 tempo-

2014 5316 2261 5379 ralibus
2305 5315 2435 5377 illis
2479 5314 2760 5378 tenebris
2799 5312 3144 5394 graviores
