4284 6267
75 1767 133 1807 1⁰.

182 1716 299 1751 nnnnnn

993 530 1349 579 mammo
1389 530 1454 577 m
1495 529 1632 577 cAP.
1678 530 1783 575 xlv
1824 528 1981 577 LIBRI
2024 530 2382 578 summm.
2425 553 2507 565 —
2546 534 2690 582 Am·-
2736 536 2842 583 xlv

3339 516 3459 581 535

362 721 519 766 vero
550 702 863 776 carnaleS‚
888 700 1129 784 cupidi,
1165 700 1519 776 libidinosi,
1542 698 1864 763 ambitiosi
1893 698 1944 760 A
1979 702 2238 786 incepit,
2276 702 2398 765 suit
2435 704 2501 765 in
2545 712 2674 767 toto
2713 706 3031 767 destructa
3066 722 3080 767 :
3117 723 3262 766 nam
3293 713 3357 766 et
3395 702 3460 767 in

362 801 775 864 attrahuntur
804 800 886 863 ab
915 801 1031 875 eiS,
1058 799 1222 862 sicut
1253 817 1466 860 mures
1496 798 1866 861 alliciuntur

362 919 403 962 a
446 899 679 963 nucleo
726 898 909 961 nucis
953 899 1019 961 in
1054 896 1415 979 muscipula
1454 897 1697 979 positae.
1730 896 1865 959 Non

361 998 539 1062 enim
581 998 991 1061 considerant
1030 1016 1134 1059 eas
1173 1014 1287 1077 per
1324 994 1867 1078 comparationem

360 1098 443 1160 ad
472 1097 697 1173 Deum,
716 1096 795 1158 ad
824 1095 1121 1157 ultimum
1154 1093 1379 1170 finem,
1398 1094 1476 1156 ad
1505 1093 1863 1156 animarum

362 1214 629 1259 suarum
661 1194 955 1271 salutem,
988 1194 1099 1256 sed
1140 1194 1348 1257 solum
1380 1193 1588 1273 quoad
1619 1192 1865 1275 propri-

362 1314 467 1357 am
522 1294 940 1375 voluptatem,
992 1300 1102 1354 aut
1152 1290 1582 1354 transitoriam
1633 1290 1865 1373 utilitas

359 1401 516 1469 tem,
551 1411 665 1455 seu
698 1390 1114 1473 temporalem
1152 1390 1483 1453 honorem.
1518 1389 1661 1453 Ideo
1700 1389 1865 1452 sicut

360 1510 581 1555 mures
631 1490 973 1573 capiuntur
1014 1488 1397 1571 muscipula,
1438 1487 1529 1550 sic
1578 1488 1703 1569 ipsi
1750 1506 1865 1569 per

360 1589 621 1671 objecta
656 1596 889 1664 creata,
932 1586 1479 1651 circumventione
1521 1584 1857 1648 diabolica.

360 1689 527 1752 Hinc
558 1686 763 1751 fertur
794 1688 863 1749 in
891 1685 1007 1750 Job
1042 1703 1057 1747 ε
1090 1685 1478 1749 Abscondita
1517 1692 1612 1747 est
1641 1684 1707 1745 in
1740 1692 1865 1747 ter-

1974 802 2454 884 aquilonaribus
2495 803 2874 884 quibusdam
2916 802 3204 885 partibus
3243 803 3465 866 mundi

1973 901 2147 981 viget
2175 901 2402 976 adhuc,
2438 911 2507 964 ut
2536 902 2603 963 in
2637 901 2801 965 libro
2839 902 2920 964 de
2949 902 3099 964 Fide
3124 910 3187 965 et
3217 901 3464 983 legibus

1974 997 2170 1061 refert
2210 998 2586 1063 Guillelmus
2626 999 3020 1062 Parisiensis.
3057 998 3177 1062 Sed
3219 1007 3283 1062 et
3322 1006 3466 1080 post

1974 1096 2308 1159 Mahometi
2340 1097 2778 1163 detestabilem
2819 1098 3048 1179 legem,
3083 1096 3213 1160 imo
3250 1096 3464 1178 potius

1974 1193 2196 1257 faecem
2240 1202 2303 1258 et
2343 1195 2616 1273 sordem,
2651 1196 2924 1258 multum
2967 1194 3235 1258 invaluit
3265 1194 3463 1258 idolo-

1974 1292 2157 1355 latria
2189 1293 2254 1354 in
2296 1293 2531 1376 populo
2560 1294 2984 1357 Tartarorum.
3020 1293 3140 1357 Sed
3178 1300 3326 1355 ante
3355 1310 3464 1356 εω-

1970 1390 2099 1455 culi
2148 1390 2347 1454 finem
2391 1392 2668 1456 totaliter
2715 1392 3095 1455 destruenda
3132 1391 3456 1469 asseritur,

1972 1489 2326 1571 praesertim
2375 1491 2634 1571 quando
2674 1489 3064 1553 Antichristo
3106 1490 3338 1565 occi30,
3371 1497 3464 1551 to-

1974 1595 2107 1649 tum
2142 1606 2306 1669 pene
2332 1605 2533 1667 genus
2566 1588 2914 1651 humanum
2949 1595 3356 1653 convertetur
3383 1586 3462 1649 ad

1971 1685 2313 1763 Christum,
2346 1686 2752 1767 paucissimis
2801 1686 3114 1748 induratis
3152 1684 3466 1747 Antichri-

362 1808 434 1851 ra
478 1786 703 1870 pedica
742 1786 903 1868 ejus,
939 1794 1000 1849 et
1034 1784 1327 1867 decipula
1370 1785 1509 1866 ejus
1552 1784 1731 1865 juxta
1768 1801 1864 1845 se·
1972 1784 2053 1847 sti
2085 1785 2361 1866 demptis
2401 1785 2712 1847 ministris
2747 1803 2760 1847 :
2796 1785 2906 1867 qui
2938 1793 3150 1847 tamen
3191 1803 3318 1848 non
3348 1802 3466 1865 pu-

360 1887 613 1948 mitam.
645 1884 739 1947 Ad
786 1885 956 1964 quod
996 1883 1315 1966 pertinere
1354 1882 1619 1963 mystice
1656 1888 1863 1963 potest
1899 1883 1944 1944 B
1974 1891 2188 1945 tantur
2235 1881 2373 1945 fore
2420 1882 2790 1960 idololatrae,
2837 1883 2989 1965 quia
3041 1881 3463 1945 Antichristus

86 1998 329 2049 emenus,
362 1984 527 2047 illud
560 1984 627 2045 in
659 1982 906 2045 Psalmo
933 1982 1422 2063 :cogitaverunt
1451 1980 1862 2063 supplantare
1973 1980 2396 2045 idololatriam
2431 1980 2819 2063 reprobabit,
2855 1981 3165 2044 simulans
3203 1999 3272 2042 se
3301 1980 3466 2062 Moy-

73 2063 165 2110 ⁵'⁶'
360 2102 622 2165 gressus
656 2099 855 2159 meOS,
892 2088 957 2143 et
990 2080 1178 2143 funes
1216 2080 1634 2142 extenderunt
1670 2078 1736 2141 in
1775 2079 1863 2141 la·
1971 2080 2059 2142 sis
2092 2079 2296 2159 legem
2329 2098 2602 2144 servare.
2633 2080 2711 2141 Et
2739 2080 2819 2143 de
2851 2079 2979 2141 illis
3009 2078 3169 2141 dixit
3199 2078 3466 2160 Aposto-

362 2198 650 2263 queum3
702 2178 882 2261 juxta
929 2177 1049 2241 iter
1096 2177 1463 2240 scandalum
1514 2186 1865 2259 posuerunt
1972 2179 2072 2241 lus
2108 2195 2122 2240 :
2157 2177 2360 2251 Quum
2401 2176 2700 2254 dixerint,
2734 2178 2856 2241 Pax
2893 2186 2954 2239 et
3002 2176 3332 2254 securitaS,
3367 2195 3464 2239 re»
3511 2196 3754 2248 ineu«,

362 2278 549 2341 mibi.
1936 2276 1939 2281 ’
1974 2277 2276 2359 pentinus
2306 2276 2400 2339 eis
2439 2276 2850 2357 superveniet
2880 2275 3198 2338 interitus,
3233 2274 3462 2356 Sicque
3490 2262 3533 2303 ³·

164 2378 231 2433 12
445 2378 731 2438 Initium
770 2376 949 2437 enim
984 2374 1445 2452 fornicationis
1485 2372 1860 2454 spiritualia,
1971 2374 2344 2439 verificatur
2373 2374 2544 2455 quod
2582 2373 2916 2436 subditur:
2940 2394 3144 2453 neque
3168 2384 3362 2434 erunt
3389 2375 3463 2433 in

363 2475 613 2537 scilicet
656 2472 1132 2555 superstitionis
1172 2469 1604 2545 idololatricae‚
1636 2481 1726 2531 est
1754 2492 1863 2530 ex·
1962 2483 2375 2550 perpetuum,
2409 2472 2472 2534 id
2501 2480 2620 2549 est,
2656 2490 2907 2554 semper
2937 2489 3065 2535 non
3096 2479 3306 2534 erunt.
3341 2474 3464 2533 Su·
3594 2477 3662 2532 u

360 2575 658 2654 quis-itio,
720 2572 787 2635 id
845 2581 943 2635 est
999 2570 1398 2650 excogitatiO,
1463 2569 1855 2651 procurati0,
1962 2572 2379 2648 pereae-uitas
2406 2572 2583 2631 enim
2613 2572 2977 2639 hominum,
2997 2570 3062 2632 id
3090 2577 3188 2631 est
3217 2570 3462 2634 vanitas

362 2670 687 2748 formatio,
706 2672 1070 2742 idolorum,·
1095 2679 1155 2730 et
1184 2669 1564 2729 adinventio
1595 2669 1861 2729 illorum
1970 2678 2033 2731 et
2062 2666 2351 2730 defectus
2382 2686 2548 2731 verae
2583 2667 2935 2749 sapientiai,
2960 2669 3094 2729 koec
3123 2667 3464 2727 adinvenit

359 2772 693 2849 corruptio
726 2774 875 2831 vitae
904 2778 1020 2838 est,
1048 2767 1111 2830 id
1142 2774 1239 2829 est
1268 2765 1532 2829 infectio
1563 2773 1627 2827 et
1655 2784 1862 2827 macu-
1969 2770 2045 2827 in
2074 2768 2288 2826 orbem
2322 2775 2738 2834 terrm-mmet
2769 2768 2910 2825 ideo
2942 2767 3150 2825 brevis
3169 2766 3465 2835 illorum,

361 2869 517 2933 latio
574 2865 1082 2932 conversationis
1137 2865 1455 2938 humanae,
1507 2872 1569 2926 et
1623 2864 1863 2927 directe
1970 2864 2218 2927 scilicet
2247 2863 2586 2941 idolorum,
2616 2866 2775 2941 finis
2809 2866 3111 2924 inventus
3139 2873 3251 2923 est.
3284 2862 3466 2926 Philo

361 2966 849 3046 formaliterque
895 2964 1241 3027 destructio
1282 2962 1430 3026 vitae
1475 2960 1755 3025 caritatis
1788 2981 1861 3026 ac
1970 2963 2141 3025 enim
2199 2962 2481 3025 creditur
2537 2960 2686 3024 libri
2745 2961 2940 3042 hujus
2997 2961 3396 3042 conscriptor
3447 2978 3460 3022 :

358 3065 604 3146 gratiae,
659 3082 803 3145 quae
860 3062 1155 3126 consistit
1201 3060 1268 3122 in
1317 3078 1532 3123 amore
1576 3068 1640 3123 et
1686 3060 1858 3123 cultu
1896 3059 1939 3122 C
1972 3062 2080 3143 qui
2116 3060 2507 3123 Alexandriae
2537 3059 2851 3123 habitavit
2883 3069 3169 3141 tempore
3201 3077 3329 3140 quo
3359 3058 3466 3121 be-

361 3163 597 3226 summi
630 3160 782 3224 boni
812 3161 955 3224 :cui
988 3160 1135 3225 vitae
1166 3159 1403 3223 directe
1441 3155 1863 3222 contrariatur

361 3279 543 3324 amor
568 3270 633 3323 et
659 3259 944 3323 adoratio
976 3258 1315 3323 idolorum.
1336 3256 1641 3338 Denique,
1662 3276 1859 3338 quum

361 3357 575 3422 omnis
615 3356 831 3420 anima
872 3355 957 3419 sit
996 3375 1228 3438 sponsa
1256 3355 1390 3432 Dei,
1421 3363 1531 3417 aut
1576 3354 1862 3417 adultera

363 3457 628 3531 diaboli,
664 3464 725 3520 et
776 3456 1185 3539 desponsatio
1232 3454 1344 3517 illa
1389 3474 1533 3516 cum
1575 3455 1701 3517 Deo
1748 3473 1861 3535 per

362 3574 557 3619 omne
596 3554 863 3617 mortale
902 3562 1232 3637 peccatum
1275 3552 1533 3616 tollatur
1568 3569 1581 3613 :
1615 3560 1863 3615 constat

363 3654 537 3736 quod
567 3672 758 3716 omne
798 3661 1129 3734 peccatum
1162 3650 1431 3714 mortale
1470 3650 1553 3711 sit
1587 3648 1861 3713 fornica-

364 3753 456 3816 tio
514 3750 891 3833 spiritualis,
946 3749 1009 3812 id
1067 3758 1164 3812 est
1212 3768 1497 3812 recessus
1546 3749 1777 3811 mentis
1824 3768 1861 3810 a

366 3851 615 3932 Sponso
645 3850 912 3926 coelesti,
946 3857 1012 3911 et
1042 3847 1195 3911 unio
1223 3846 1514 3929 quaedam
1553 3865 1697 3910 cum
1729 3847 1861 3909 dia-

366 3948 539 4025 bolo,
574 3968 647 4011 ac
675 3946 1111 4030 constupratio
1149 3944 1383 4008 mentis
1414 3944 1493 4006 ab
1535 3943 1668 4007 illo.
1702 3944 1861 4008 Hinc

362 4735 589 4799 mundi
620 4742 804 4797 aetate
838 4751 966 4795 non
1005 4741 1206 4805 erant,
1242 4740 1501 4813 propter
1540 4741 1855 4795 recentem

360 4833 739 4898 memoriam
784 4830 1123 4895 creationis
1173 4830 1416 4905 mundi,
1453 4849 1529 4892 ex
1574 4850 1703 4912 qua
1752 4851 1859 4914 pa-

360 4933 483 4996 tuit
524 4931 773 4995 cunctis
818 4948 1019 4992 unum
1062 4947 1201 4992 esse
1245 4946 1465 4991 verum
1509 4930 1726 5007 Deum,
1761 4950 1860 4995 so-

362 5032 497 5093 lum
547 5029 982 5105 adorandum3
1033 5048 1235 5107 neque
1272 5037 1464 5089 erunt
1518 5030 1591 5089 in
1628 5050 1857 5107 perpe-

362 5140 575 5191 tuum.
596 5126 749 5189 Nam
782 5144 894 5208 per
918 5124 1152 5187 Christi
1184 5125 1517 5208 Apostolos
1546 5136 1610 5188 et
1638 5144 1857 5189 eorum

360 5224 741 5307 discipuIOS,
789 5223 1149 5287 idololatria
1194 5242 1311 5305 pro
1356 5222 1632 5286 maxima
1679 5232 1858 5305 parte

1970 3160 2296 3224 atissimus
2327 3160 2626 3242 princeps
2657 3158 3104 3241 Apostolorum
3135 3157 3345 3221 Romae
3377 3176 3466 3221 se-

1972 3262 2087 3338 dit,
2121 3270 2185 3324 et
2232 3260 2471 3323 Marcus
2521 3260 2587 3322 in
2631 3258 3011 3322 Alexandria
3056 3256 3463 3340 praedicavit3

1971 3369 2251 3441 tuncque
2291 3378 2406 3441 per
2430 3357 2744 3439 gloriosos
2773 3356 3108 3439 Apostolos
3145 3365 3207 3419 et
3245 3374 3462 3419 eorum

1971 3466 2434 3539 cooperatoreS‚
2456 3455 2814 3520 idololatria
2843 3455 3128 3537 undique
3158 3454 3343 3520 valde
3368 3474 3466 3517 ex-

1971 3555 2434 3636 stinguebatur.

2048 3653 2524 3734 Consequenter
2571 3652 2833 3715 docetur
2877 3651 3154 3734 qualiter
3201 3651 3464 3715 idolola-

1970 3752 2090 3815 tria
2120 3751 2394 3833 sumpsit
2421 3750 2773 3814 exordium.
2806 3752 3047 3812 Acerbo
3073 3752 3250 3811 enim
3280 3754 3463 3811 luctu

1970 3854 2188 3912 dolens
2209 3860 2400 3927 pater
2429 3850 2508 3912 de
2538 3856 2741 3912 morte
2775 3847 2897 3910 tilii
2940 3848 3038 3910 sui
3079 3856 3226 3910 ante
3257 3867 3324 3911 se
3353 3848 3462 3911 de-

1972 3946 2198 4023 functi,
2233 3948 2355 4008 cito
2381 3949 2508 4008 sibi
2550 3949 2751 4024 rapti,
2783 3946 2847 4009 id
2890 3955 2985 4010 est
3030 3965 3145 4028 per
3189 3954 3458 4010 mortem

78 4061 331 4115 caman,
362 4046 699 4110 avaritiam
730 4044 1012 4127 appellat
1033 4043 1370 4125 Apostolus
1401 4041 1708 4106 idolorum
1742 4061 1864 4105 ser·
1970 4044 2298 4121 subtracti,
2356 4047 2493 4123 filii
2547 4045 2703 4122 fecit
2761 4046 3114 4123 imayinem
3173 4061 3288 4125 pro
3346 4063 3461 4106 sua

62 4125 101 4165 ⁵·
362 4145 659 4209 vitutem.
713 4142 1184 4225 Specialissime
1241 4150 1452 4203 tamen
1502 4140 1862 4204 idololatria
1969 4142 2403 4208 consolatione
2442 4150 2506 4206 et
2547 4141 2670 4205 filii
2702 4142 3145 4221 veneratione3
3178 4152 3237 4202 et
3264 4143 3460 4203 illum

361 4252 463 4307 est
494 4242 834 4307 fornicatio
866 4239 1239 4322 spiritualia,
1273 4238 1577 4320 quoniam
1613 4248 1859 4301 creatu·
1890 4241 1939 4304 D
1968 4244 2088 4322 qui
2119 4252 2272 4303 tunc
2303 4243 2513 4321 quasi,
2548 4240 2610 4302 id
2659 4248 2755 4303 est
2794 4259 2941 4304 vere
2985 4248 3055 4303 ut
3083 4244 3266 4301 homo
3295 4260 3462 4301 mor-

364 4361 501 4405 ram
535 4360 652 4424 pro
680 4340 973 4402 Creatore
1012 4337 1280 4400 assumit
1318 4338 1385 4399 in
1424 4338 1645 4400 Deum.
1678 4337 1862 4400 Simi-
1971 4351 2120 4402 tuus
2148 4341 2370 4417 fuerat
2389 4359 2414 4400 .·
2434 4339 2675 4420 sicque,
2700 4337 2911 4414 Quasi,
2936 4338 3040 4401 hic
3070 4339 3326 4402 denotat
3356 4356 3462 4401 ve-

359 4440 512 4503 liter
544 4438 842 4502 haeretica
874 4436 1185 4519 pravitate
1223 4436 1566 4517 corrumpi,
1598 4444 1694 4498 est
1733 4437 1860 4519 spi·
1970 4440 2245 4515 ritatem,
2273 4455 2401 4501 non
2431 4437 2918 4500 similitudinem
2953 4444 3228 4517 tantum3
3259 4456 3458 4506 nune,

364 4537 683 4601 ritualiter
712 4534 1041 4599 fornicari.
1970 4537 2215 4600 scilicet
2245 4535 2414 4599 facta
2442 4536 2582 4617 ejus
2613 4536 2906 4616 imagine,
2927 4546 3230 4615 tanquam
3247 4539 3459 4605 deum,

158 4644 225 4699 13
448 4638 597 4699 Non
617 4636 794 4696 enim
814 4644 1003 4695 erant
1021 4636 1101 4693 ab
1129 4632 1529 4714 initiosquia
1562 4632 1628 4694 in
1654 4634 1860 4715 prima
1968 4654 2169 4717 quum
2219 4652 2348 4697 non
2391 4642 2556 4696 esset
2594 4633 2839 4714 aliquid
2889 4632 3132 4695 habens
3180 4631 3456 4711 deitatis,

1967 4739 2168 4795 colere
2197 4736 2409 4811 coepit,
2441 4741 2698 4815 propter
2726 4730 3010 4813 aliquam
3043 4730 3460 4794 eminentiam

1967 4851 2111 4914 quae
2140 4831 2477 4895 videbatur
2513 4849 2652 4893 esse
2684 4829 2749 4892 in
2789 4828 2954 4905 filio,
2987 4830 3244 4910 quando
3275 4830 3456 4907 vixit,

1967 4940 2027 4991 et
2064 4931 2397 4991 constituit
2443 4931 2613 4989 inter
2641 4948 2850 4989 servos
2876 4948 3022 4989 suos
3051 4948 3240 4988 sacra
3271 4938 3331 4988 et
3365 4948 3462 4989 sa-

1966 5029 2243 5105 crificia.
2263 5025 2378 5088 Per
2410 5045 2606 5102 sacra,
2629 5024 3076 5105 intelliguntur
3107 5022 3292 5101 festa,
3312 5032 3461 5088 tem-

1969 5125 2095 5208 pla,
2141 5124 2243 5188 vel
2285 5124 2531 5201 altaria,
2565 5132 2673 5187 aut
2719 5123 2877 5186 ritus
2926 5123 3200 5199 colendi,
3239 5141 3460 5187 conse-

1967 5231 2139 5287 crata
2187 5221 2327 5285 filio
2375 5230 2626 5285 mortuo
2677 5229 2784 5284 aut
2830 5222 2970 5302 ejus
3022 5221 3308 5302 imagini,
3353 5220 3459 5284 cui

3593 3759 3660 3814 15

362 5324 679 5389 exstincta
740 5321 884 5384 fuit.
936 5322 1273 5403 Nunquam
1327 5330 1540 5385 tamen
1596 5341 1673 5385 ex
1730 5342 1858 5404 quo
1970 5320 2294 5387 sacrificia
2337 5320 2526 5403 jussit
2572 5328 2752 5404 pater
2791 5318 3045 5384 offerri.
3077 5321 3328 5383 Deinde
3355 5321 3466 5381 in·-
3591 5327 3658 5382 16
