4284 6267
99 2490 127 2533 ll
137 2492 326 2547 ,vacam

99 2556 154 2605 22,
171 2558 229 2600 22.

1091 525 1444 575 manuue
1484 526 1550 574 m
1591 526 1730 575 cAP.
1774 528 1840 573 xl
1879 526 2317 577 BGGLBSIASTAE.
2362 547 2444 559 —
2483 530 2625 577 ΛΒΤ.
2670 530 2737 577 xl

3334 512 3454 577 281

355 704 585 779 potens
617 716 733 779 per
764 696 1120 762 ministeria
1141 716 1478 781 corporum
1505 698 1850 762 coelcstium
1881 698 1932 761 A
1963 698 2118 762 Dato
2145 700 2316 781 quod
2346 698 2457 763 diu
2485 698 2771 764 victurus
2802 700 2911 778 εἰς,
2947 720 3073 765 non
3106 710 3318 767 tamen
3350 721 3457 767 no·

353 804 418 857 et
455 803 779 859 motorum
825 804 1246 879 motuumque
1284 816 1525 875 eorum,
1561 798 1856 881 producit

355 893 668 958 inferiora
703 896 840 959 haec
885 896 1084 959 mixta
1123 916 1201 960 ex
1238 896 1594 960 elementis.
1628 896 1856 960 Omnia

355 1003 568 1058 tamen
605 994 1007 1075 originaliter
1038 994 1191 1060 fecit
1219 1016 1296 1059 ex
1326 996 1551 1060 nihile.
1576 997 1651 1059 Et
1679 997 1856 1078 juxta

357 1095 530 1157 hunc
571 1094 838 1157 modum
878 1094 1164 1177 loquitur
1200 1094 1374 1159 Plato
1421 1096 1486 1157 in
1527 1096 1734 1179 primo
1765 1095 1858 1157 Ti-

356 1191 498 1257 maei
541 1213 557 1258 :
601 1192 956 1257 Dicendum
1002 1194 1363 1276 (inquiens)
1406 1214 1519 1258 cur
1565 1194 1856 1259 conditor

359 1290 838 1373 fabricatorque
879 1293 1185 1368 universi,
1219 1311 1410 1356 omne
1454 1294 1574 1357 hoc
1605 1292 1856 1356 institu-

357 1392 594 1453 endum
648 1390 991 1473 putaverit.
1025 1391 1243 1473 ltaque
1287 1410 1480 1474 opera
1523 1392 1632 1455 Dei
1678 1391 1856 1472 igno-

357 1508 478 1565 raS,
515 1489 648 1553 imo
687 1498 752 1552 et
789 1490 998 1553 nescis
1042 1491 1299 1572 quando
1335 1499 1399 1554 et
1432 1491 1706 1573 qualiter
1745 1510 1853 1554 seu

355 1607 482 1669 qua
533 1587 642 1651 via
700 1587 964 1670 spiritus
1023 1597 1172 1651 tuus
1219 1588 1417 1651 exibit
1465 1590 1544 1651 de
1587 1608 1854 1673 corpore

355 1696 486 1749 tuo.
523 1686 660 1749 Non
693 1704 845 1766 ergo
875 1688 1136 1751 omittas
1173 1696 1280 1750 aut
1310 1688 1580 1751 differas
1610 1688 1856 1753 miseri-

355 1786 590 1849 cordiae
634 1804 852 1868 ope-ra,
887 1805 1001 1869 spe
1028 1787 1176 1851 vitae
1209 1787 1511 1868 longaevae
1550 1787 1616 1850 in
1657 1808 1854 1852 saecu-

1965 797 2135 860 cebit
2168 798 2309 875 tibi,
2342 800 2452 862 sed
2486 800 2790 881 proderit,
2814 802 2985 881 quod
3016 801 3142 866 cito
3176 810 3239 865 et
3269 821 3457 865 mane

1963 896 2261 980 incepisti
2306 897 2363 961 ei
2413 900 2701 964 servire:
2737 899 2867 963 imo
2911 900 3345 979 gratissimum
3394 901 3454 965 ei

1965 1004 2084 1073 est,
2118 996 2173 1059 si
2204 998 2350 1078 quis
2379 997 2735 1080 juventutis
2765 1005 2828 1061 et
2855 998 3297 1063 adolescentiae
3327 1020 3456 1063 suae

1966 1093 2221 1173 florem,
2265 1095 2571 1178 vigorem,
2614 1104 2677 1159 et
2725 1096 3128 1175 vivacitatem
3174 1098 3297 1161 sibi
3347 1098 3455 1161 ob-

1964 1193 2205 1269 tulerit,
2244 1202 2308 1256 et
2352 1194 2416 1257 in
2460 1213 2572 1257 sua
2619 1203 2835 1259 sancta
2876 1194 3182 1260 servitute
3224 1216 3457 1280 expen-

1963 1290 2150 1353 derit.

2041 1393 2247 1453 Dulce
2290 1395 2535 1461 lumen,
2572 1401 2632 1452 ec
2678 1395 3046 1455 delectabile
3090 1404 3181 1456 est
3226 1397 3454 1467 oculis,

1963 1492 2183 1550 videre
2210 1494 2427 1551 solem.
2452 1490 2661 1552 Potest
2691 1491 2813 1554 hoc
2843 1492 3337 1572 superficialiter
3364 1514 3459 1557 ac-

1960 1587 2289 1670 cipi‚quod
2317 1588 2531 1653 lumen
2562 1588 2725 1652 istud
2756 1590 3053 1655 sensibile
3084 1591 3166 1654 sit
3189 1592 3455 1658 amicum

1963 1695 2228 1763 naturae,
2262 1696 2326 1749 et
2374 1686 2683 1769 perfectio
2731 1690 3020 1771 quaedam
3066 1690 3242 1754 visus
3290 1701 3459 1755 exte-

1963 1784 2173 1861 rioris,
2212 1784 2482 1866 ideoque
2513 1806 2706 1850 suave
2737 1786 3127 1851 hominibus.
3151 1787 3459 1852 Similiter

355 1884 436 1962 lo,
469 1884 659 1967 quasi
703 1886 1126 1967 personaliter
1161 1885 1454 1966 indigens
1496 1885 1682 1950 bonis
1722 1886 1853 1948 tuis
1889 1882 1936 1947 B
1965 1882 2096 1947 vita
2140 1903 2445 1966 praesenS,
2488 1904 2631 1967 quae
2680 1885 2944 1948 luminis
2995 1886 3255 1950 nomine
3296 1889 3460 1951 desi-

355 1984 420 2046 in
467 1992 826 2067 posterum.

431 2084 544 2146 His
583 2092 896 2147 consonat
941 2084 1110 2165 quod
1163 2085 1442 2147 secundo
1483 2084 1858 2147 Machabaeo-

355 2202 518 2257 rum,
563 2180 775 2247 virilis
821 2190 885 2244 et
929 2190 1146 2245 sancta
1193 2202 1266 2246 ac
1313 2182 1857 2247 venerandissima

357 2280 468 2344 illa
496 2290 744 2363 septem
793 2279 1082 2345 filiorum
1116 2290 1465 2364 martyrum
1511 2288 1732 2359 mater,
1766 2281 1855 2345 le·

357 2380 526 2460 gitur
567 2380 647 2443 ad
691 2378 836 2443 illos
877 2379 944 2442 in
983 2380 1288 2463 martyrio
1327 2380 1728 2459 constitutoS‚
1763 2380 1854 2443 di-

359 2478 525 2542 xisse
569 2495 586 2540 t
628 2478 853 2541 Nescio
898 2478 1178 2560 qualiter
1223 2480 1290 2542 in
1335 2486 1518 2543 utero
1560 2497 1703 2543 meo
1746 2498 1856 2562 ap-

361 2576 718 2659 paruistis3
777 2595 986 2659 neque
1034 2577 1206 2640 enim
1265 2595 1382 2659 ego
1439 2576 1733 2661 spiritum
1793 2585 1856 2641 et

357 2677 638 2740 animam
667 2676 900 2741 donavi
933 2676 1211 2751 vobis‚et
1239 2677 1634 2757 singulorum
1667 2695 1858 2739 mem-

359 2777 470 2839 bra
511 2794 642 2839 non
685 2792 802 2857 ego
835 2776 1148 2859 compegi,
1182 2776 1292 2839 sed
1324 2784 1573 2840 creator
1604 2776 1850 2853 mundi,

357 2874 466 2957 qui
513 2874 808 2938 omnium
853 2874 1100 2939 invenit
1139 2874 1476 2956 originem.

437 2977 638 3037 Mane
663 2976 914 3035 semina
941 2994 1152 3035 semen
1185 2984 1370 3035 tuum
1399 2994 1423 3035 .·
1457 2974 1517 3036 id
1567 2982 1684 3050 est,
1727 2972 1853 3038 cito

1961 1989 2214 2063 gnatur,
2258 1982 2467 2046 dulcis
2510 1984 3011 2067 appetibilisque
3049 1985 3363 2063 consistit,
3398 1994 3461 2050 et

1963 2080 2340 2145 delectabile
2389 2090 2487 2145 est
2534 2083 2738 2146 oculis
2787 2083 3004 2148 videre
3055 2083 3278 2147 solem.
3315 2084 3462 2148 Pro-

1963 2189 2104 2263 pter
2147 2180 2316 2261 quod
2360 2180 2519 2243 dixit
2562 2181 2791 2245 Tobias
2826 2202 2840 2247 :
2874 2181 3067 2257 Quale
3108 2182 3266 2245 mihi
3308 2202 3461 2265 gau-

1966 2279 2143 2341 dium
2176 2288 2293 2356 est,
2330 2278 2442 2361 qui
2482 2279 2549 2343 in
2586 2280 2865 2344 tenebris
2906 2280 3115 2353 sedeo,
3141 2289 3204 2344 et
3241 2281 3457 2345 lumen

1964 2377 2105 2442 coeli
2154 2396 2283 2441 non
2326 2378 2551 2443 video?
3214 2394 3223 2401 ·

2043 2476 2263 2540 Melius
2302 2484 2514 2540 autem
2558 2485 2965 2560 exponuntur
2994 2477 3129 2542 haec
3156 2479 3236 2543 de
3276 2478 3461 2542 lumi-

1966 2593 2047 2638 ne
2085 2575 2387 2651 increato,
2425 2574 2514 2639 ita
2550 2576 2723 2658 quod
2765 2576 3063 2641 Salomon
3110 2577 3311 2658 tangit
3356 2577 3459 2640 hic

1962 2672 2243 2736 breviter
2288 2674 2621 2756 praemium
2671 2682 2928 2738 actuum
2982 2676 3455 2753 misericordias,

1963 2772 2385 2854 omniumque
2415 2772 2746 2850 virtutum,
2773 2792 2901 2855 quo
2932 2772 3325 2839 inflammari
3358 2775 3461 2838 de-

1962 2870 2189 2934 bemus
2219 2871 2297 2933 ad
2328 2870 2493 2933 bene
2522 2872 2862 2951 agendum.
2882 2876 3085 2935 Dulce
3115 2877 3359 2945 lumen,
3394 2872 3459 2935 id

1962 2977 2080 3046 est,
2114 2968 2279 3031 Deus
2328 2968 2439 3050 qui
2482 2977 2580 3032 est
2626 2969 2735 3033 lux
2772 2969 3073 3047 increata,
3120 2970 3453 3049 immensa,

357 3081 418 3136 et
461 3072 606 3135 sine
644 3070 976 3150 dilatione,
1009 3090 1286 3154 moxque
1330 3073 1398 3135 in
1444 3072 1854 3136 irradiatione
1888 3069 1931 3133 C
1963 3066 2519 3150 superpurissima‚
2563 3086 2711 3132 vere
2760 3076 2823 3132 et
2874 3068 3459 3151 incomparabiliter

357 3170 518 3235 lucis
545 3170 771 3251 gratiae
809 3189 1002 3252 super
1045 3179 1126 3249 te,
1161 3189 1354 3254 opera
1396 3171 1566 3235 bona
1604 3189 1847 3248 exerce,

353 3288 578 3351 agrum
609 3268 820 3333 cordis
855 3269 946 3333 tui
980 3268 1277 3348 fecunda,
1302 3270 1569 3335 verbum
1601 3270 1712 3333 Dei
1742 3288 1854 3333 an-

353 3368 603 3444 nuntia,
641 3368 732 3431 ita
779 3376 852 3431 ut
898 3377 1177 3432 mentem
1221 3378 1394 3432 tuam
1437 3369 1502 3431 in
1548 3368 1774 3452 primis
1816 3389 1854 3432 a

353 3468 672 3545 sentibuS,
707 3466 936 3550 spiniS,
970 3486 1042 3531 ac
1074 3466 1330 3530 tribulis
1371 3468 1740 3549 passionum
1777 3488 1852 3532 ac

353 3566 661 3632 vitiorum
702 3568 1032 3629 emundes,
1065 3566 1222 3629 Hinc
1261 3566 1329 3628 in
1358 3566 1512 3630 Osee
1542 3568 1850 3650 scriptum

179 3690 249 3729 ex.
313 3675 448 3729 .est
483 3684 498 3727 t
539 3665 863 3729 Seminate
900 3664 1084 3729 vobis
1125 3666 1191 3728 in
1229 3666 1500 3748 justitia,
1533 3675 1598 3730 et
1634 3667 1853 3731 metite

111 3774 189 3818 Jer.
203 3791 255 3827 iv.
272 3781 309 3821 3.

350 3764 420 3827 in
452 3782 564 3828 ore
595 3762 1082 3845 misericordiae3
1111 3784 1185 3828 ac
1215 3764 1279 3826 in
1311 3764 1854 3841 Jeremia,Novate

351 3862 540 3928 vobis
587 3863 836 3938 novale,
880 3870 942 3925 et
989 3862 1186 3927 nolite
1230 3881 1440 3926 serere
1489 3882 1683 3946 super
1730 3865 1855 3947 spi-

354 3980 491 4024 nas,
529 3964 615 4023 Ec
654 3980 906 4038 vespere
940 3980 1022 4021 ne
1065 3970 1252 4021 cesset
1293 3981 1528 4022 manus
1574 3971 1686 4023 tua
1725 3981 1749 4025 .·
1788 3962 1848 4025 id

351 4068 472 4136 est,
525 4058 782 4121 assidue
829 4057 1076 4122 actibus
1127 4058 1431 4121 virtuosis
1481 4059 1728 4137 insiste,
1783 4070 1852 4123 ut

1962 3165 2165 3228 dulcis
2195 3173 2290 3228 est
2321 3164 2385 3228 in
2419 3184 2487 3229 se
2519 3166 2657 3248 ipso
2688 3174 2751 3229 et
2781 3167 3100 3230 universis
3130 3166 3460 3249 perfruen-

1965 3264 2135 3327 tibus
2163 3283 2240 3328 eo
2273 3284 2288 3329 :
2324 3263 2390 3326 in
2420 3264 2605 3346 cujus
2634 3265 2805 3329 clara
2837 3264 3181 3347 facialique
3212 3265 3459 3330 visione

1961 3362 2290 3426 beatitudo
2335 3371 2550 3427 nostra
2590 3372 2686 3427 est
2725 3364 2867 3441 sita,
2906 3363 3069 3427 sicut
3112 3362 3178 3425 in
3219 3364 3459 3427 Joanne

3598 1400 3634 1455 7

3505 2202 3748 2253 Tob.v.12.

1961 3462 2052 3523 ait
2093 3462 2380 3526 Salvator
2415 3479 2429 3524 :
2463 3461 2607 3527 Haec
2654 3471 2751 3527 est
2788 3462 2919 3527 vita
2955 3470 3211 3539 aeterna,
3248 3470 3318 3524 ut
3360 3480 3459 3527 co·
3484 3489 3749 3539 amm..

1960 3569 2273 3641 gnoscant
2312 3569 2372 3623 te
2406 3560 2608 3623 solum
2650 3580 2872 3626 verum
2908 3561 3127 3639 Deum,
3163 3569 3227 3624 et
3266 3579 3455 3642 quem

1961 3658 2191 3721 misisti
2224 3659 2433 3722 Jesum
2466 3659 2808 3722 Christum.
2843 3660 2929 3723 De
2961 3678 3088 3741 quo
3120 3660 3451 3726 subditur:

1961 3767 2020 3818 et
2047 3759 2417 3818 delectabile
2446 3768 2535 3819 est
2572 3761 2775 3819 ocu-lis
2817 3756 3229 3821 interioribus
3270 3758 3457 3841 plene

1962 3855 2269 3939 purgatiS,
2306 3859 2523 3917 videre
2571 3855 2745 3921 clare
2791 3874 2902 3939 per
2944 3856 3219 3939 speeiem
3264 3861 3456 3919 solem

1959 3955 2249 4038 justitiae,
2290 3956 2692 4036 unigenitum
2742 3954 2973 4017 Filium
3025 3954 3157 4018 Dei.
3192 3956 3277 4019 De
3326 3974 3455 4037 quo

3486 3554 3527 3595 ³.

1960 4054 2142 4117 Pater
2174 4073 2286 4136 per
2316 4054 2685 4118 Malachiam
2718 4053 3023 4136 loquitur,
3042 4054 3260 4118 dicens
3284 4074 3299 4120 ε
3321 4053 3457 4119 Ori·
3482 4078 3749 4131 udaeam,

352 4159 594 4222 nullam
653 4156 960 4241 temporis
1009 4158 1102 4220 tui
1160 4168 1428 4241 partem,
1482 4158 1852 4241 nullamque
1963 4162 2105 4217 etur
2148 4152 2333 4217 vobis
2380 4153 2758 4217 timentibus
2803 4171 3033 4218 nomen
3085 4173 3298 4218 meum
3348 4154 3452 4219 Sol
3484 4146 3526 4186 ²·

351 4258 716 4322 durationis
754 4265 878 4321 tuae
908 4265 1156 4321 aetatem
1193 4257 1592 4322 infructuose
1621 4277 1852 4341 expen-
1880 4257 1931 4320 D
1959 4252 2247 4335 justitiae.
2280 4251 2457 4315 Unde
2506 4259 2569 4315 et
2616 4251 2958 4335 Sapientiae
3000 4252 3227 4334 quinto
3272 4254 3454 4337 impii

1962 4370 2103 4415 sero
2133 4350 2542 4434 poenitenteS,
2576 4350 2858 4414 fatentur
2892 4370 2907 4415 ε
2939 4350 3208 4414 Justitiae
3238 4352 3453 4417 lumen
3503 4378 3613 4432 sap.
3636 4378 3737 4427 ’,6.

351 4464 508 4531 tute,
567 4472 642 4517 ac
701 4454 882 4517 senio
939 4453 1285 4531 adhaereaS‚
1347 4453 1851 4537 obsequarisque
1963 4469 2090 4514 non
2132 4449 2293 4512 luxit
2325 4449 2533 4527 nobi5‚
2567 4457 2628 4512 et
2660 4448 2764 4513 Sol
2797 4448 3171 4532 sapientias*
3202 4469 3330 4515 non
3361 4460 3457 4515 est
3480 4476 3751 4533 *intelligen-

1961 4558 2138 4613 ortus
2197 4548 2407 4613 nobis,
2465 4548 2581 4624 Qui
2640 4546 2745 4611 Sol
2805 4568 2983 4611 suam
3046 4549 3450 4613 intuitionem
3482 4542 3554 4585 ‘³⁸⁸

1961 4648 2281 4732 promittit
2317 4667 2433 4730 pro
2477 4648 2762 4730 praemio,
2799 4648 3072 4712 dicendo
3106 4666 3121 4710 ε
3156 4647 3270 4723 Qui
3314 4648 3455 4712 dili·
3495 4675 3747 4726 Jmnm,

1958 4749 2052 4830 git
2081 4767 2209 4826 me,
2240 4748 2543 4829 diligetur
2580 4767 2617 4809 a
2646 4746 2825 4809 Patre
2855 4765 3033 4826 meo;
3078 4755 3141 4809 et
3167 4766 3284 4828 ego
3314 4748 3455 4810 dili·
3483 4740 3549 4781 ²¹·

350 4358 487 4434 das,
524 4356 636 4420 sed
685 4355 752 4418 in
802 4356 1102 4438 pueritia,
1145 4356 1596 4434 adolescentia,
1628 4356 1852 4438 juven-

351 4553 664 4633 Domin03
707 4555 865 4633 quia
906 4555 1109 4613 nescis
1134 4556 1298 4633 quid
1327 4555 1539 4632 magis
1566 4556 1850 4626 oriatur,

351 4652 414 4715 id
455 4660 576 4729 est,
612 4651 677 4713 in
721 4669 850 4732 qua
891 4650 1198 4733 temporis
1236 4659 1437 4734 parte,
1471 4652 1572 4716 vel
1620 4652 1683 4715 in
1723 4671 1850 4734 qua

349 4760 536 4815 aetate
584 4750 891 4831 migrabis
939 4769 976 4812 a
1023 4768 1313 4833 corpore,
1363 4769 1474 4814 seu
1522 4750 1678 4832 quid
1726 4770 1850 4814 am-

349 4850 524 4932 plius
553 4850 682 4912 Deo
712 4848 1104 4930 complaceat
1134 4849 1212 4911 de
1246 4855 1330 4927 te,
1362 4852 1500 4919 hoc,
1524 4870 1614 4911 an
1641 4851 1852 4924 illud,-

347 4958 409 5009 εἰ
433 4950 496 5009 εἰ
533 4958 887 5027 utrumque
921 4950 1122 5008 simul
1151 4947 1414 5023 oriatur,
1449 4966 1560 5010 seu
1605 4947 1849 5029 placeat

349 5044 650 5121 Creatori,
695 5046 930 5105 melius
969 5046 1118 5113 erit,
1163 5044 1228 5106 id
1281 5053 1396 5120 est,
1451 5044 1654 5108 multo
1701 5045 1847 5127 plus

349 5145 519 5227 apud
559 5144 753 5206 Deum
787 5141 908 5206 erit
947 5142 1365 5221 meritorium,
1401 5144 1452 5205 si
1486 5142 1543 5205 ei
1576 5143 1851 5207 servive-

351 5244 439 5306 ris
483 5242 550 5305 in
597 5249 891 5323 utraque,
928 5260 1039 5303 seu
1074 5240 1364 5323 qualibet
1402 5249 1511 5304 tua
1547 5249 1752 5319 aetate,
1787 5251 1850 5305 et

351 5352 480 5405 tam
527 5360 718 5406 mane
765 5360 960 5425 quam
1021 5360 1308 5425 vespere.
1359 5340 1547 5417 Quasi
1608 5341 1780 5405 dicat
1831 5360 1846 5405 :

1957 4866 2104 4929 gam
2152 4866 2323 4925 eum,
2373 4855 2438 4908 et
2485 4844 2908 4908 manifestabo
2958 4844 3017 4909 ei
3066 4864 3167 4909 me
3217 4845 3449 4928 ipsum.

1963 4946 2269 5028 Denique,
2328 4964 2527 5027 quum
2586 4942 2921 5007 delectatio
2978 4952 3322 5026 consurgat
3378 4964 3455 5008 ex

1959 5044 2200 5108 unione
2231 5043 2533 5126 potentiae
2562 5061 2708 5106 cum
2725 5041 3146 5106 convenienti
3173 5042 3449 5124 objecto,

1959 5143 2227 5226 ipseque
2257 5140 2616 5204 intellectus
2652 5140 2735 5203 sit
2764 5138 3165 5203 nobilissima
3196 5140 3293 5205 vis
3325 5141 3455 5204 ani-

1960 5261 2102 5320 mae,
2135 5249 2200 5305 et
2236 5241 2559 5322 objectum
2604 5238 2724 5301 hoc
2760 5246 3067 5301 aeternum
3112 5258 3189 5302 ac
3220 5240 3454 5304 increa-

1959 5350 2098 5403 tum
2148 5340 2233 5403 sit
2282 5338 2557 5402 infinitae
2614 5335 2879 5401 omnino
2933 5336 3324 5402 amoenitatis
3379 5357 3455 5405 ac
