4284 6267
809 494 887 559 22

1539 514 1890 562 ENA‘RR'ATIO
1932 514 1996 561 IN
2038 516 2177 561 GAP.
2223 516 2267 561 11
2309 514 2791 562 Pnovnnmontm.
2837 536 2917 543 —
2958 515 3099 560 ΛΒΤ.
3144 514 3189 559 11

519 700 781 751 Lamnae.
811 685 965 746 dum
1012 685 1212 764 legem
1259 686 1484 767 Moysis
1528 688 1838 770 corporali
1890 688 2079 750 morti
2123 686 2302 749 addi·
2335 685 2384 748 Α
2416 687 2558 750 dem
2592 696 2653 750 et
2690 687 3015 750 caritatem
3058 686 3467 767 requiescunt
3499 685 3563 748 in
3604 684 3907 747 militanti

813 782 1122 845 cebantur
1169 804 1238 847 ac
1284 785 1750 867 lapidabantur.
1796 790 1880 847 Ec
1927 790 2014 847 ad
2061 788 2305 865 inferos
2414 786 2717 861 Ecclesia,
2751 805 2894 867 quae
2925 786 3367 868 peregrinatur
3398 785 3463 847 in
3496 794 3703 863 terra;
3736 784 3908 846 dein-

616 1086 681 1143 19

555 2382 664 2425 Luc.
682 2396 711 2431 1,
725 2384 792 2433 323

527 2446 622 2489 Jer.
665 2458 790 2493 xxxii,

530 2510 597 2559 17,
617 2509 685 2549 27.

575 2979 684 3023 Osee
701 2994 730 3031 ι,
751 2982 791 3031 Ξς

534 4150 796 4255 1Τι’1.1ιι,1(),

563 4216 601 4255 t.

625 4438 697 4492 20

561 4857 674 4887 vers.
699 4846 765 4888 Η.

623 4932 690 4987 21

811 885 1052 943 semitoe
1109 886 1337 959 ips-ias,
1400 884 1462 945 id
1519 892 1636 961 est,
1696 884 1977 947 actiones
2045 883 2307 947 nefariae

813 981 1333 1063 appropinquant
1373 982 1642 1059 inferno,
1676 992 1734 1045 et
1778 984 1930 1046 illuc
1969 984 2231 1045 ducunt.

909 1084 1134 1143 Omnes
1181 1084 1298 1159 qui
1348 1084 1816 1158 inyrediuntur
1859 1086 1948 1142 ad
1987 1104 2154 1153 eam,
2201 1084 2308 1145 ad-

815 1178 1147 1241 ulterando
1198 1199 1343 1243 cum
1394 1181 1552 1263 ipsa,
1601 1202 1730 1241 non
1779 1191 2183 1242 revertentur
2228 1183 2307 1244 ad

815 1277 1010 1340 Deum
1059 1298 1170 1360 per
1213 1280 1652 1361 poenitentiam
1699 1300 1913 1343 veram
1949 1298 1962 1341 ε
2006 1280 2305 1361 quoniam

817 1375 972 1437 tales
1004 1376 1106 1440 vel
1139 1396 1300 1452 raro,
1337 1386 1446 1439 aut
1484 1397 1802 1459 nunquam
1838 1378 2145 1442 veraciter
2180 1396 2310 1460 poe-

816 1474 1057 1554 nitent3
1091 1476 1191 1539 vel
1224 1484 1349 1538 tam
1382 1476 1566 1558 pauci
1598 1494 1672 1537 ex
1703 1478 1794 1539 eis
1826 1486 2304 1551 convertuntur,

814 1576 985 1656 quod
1018 1574 1490 1657 comparatione
1523 1594 1648 1637 non
1682 1576 2104 1652 redeuntium,
2125 1576 2304 1657 quasi

813 1673 978 1735 nulli
1027 1672 1344 1735 videntur.
1379 1676 1510 1735 Nec
1542 1674 2018 1751 apprehendent
2051 1677 2309 1735 semitas

817 1774 987 1843 vitae,
1024 1771 1084 1833 id
1136 1781 1232 1834 est
1277 1780 1455 1833 actus
1505 1772 1831 1845 virtutum,
1866 1791 1976 1833 seu
2021 1772 2305 1835 habitum

2416 885 2493 946 de
2540 904 2653 966 per
2701 884 2965 965 gloriam
3014 893 3076 945 et
3121 882 3483 946 beatificam
3538 881 3906 945 fruitionem

2417 982 2800 1045 aeternalitcr
2825 981 3387 1045 commorabuntur
3410 982 3478 1044 in
3502 981 3785 1044 Ecclesia
3810 982 3911 1043 tri-

2418 1082 2777 1163 umphanti,
2815 1082 2881 1144 in
2925 1090 3091 1143 terra
3126 1091 3191 1143 et
3228 1082 3484 1161 regione
3514 1081 3803 1144 vivorum
3836 1100 3909 1143 ac

2418 1181 2773 1243 Beatorum.
2808 1179 2985 1242 Nunc
3028 1198 3285 1261 quoque
3325 1180 3389 1241 in
3432 1188 3597 1241 terra
3634 1179 3731 1241 sui
3775 1198 3910 1241 cor-

2422 1279 2592 1361 poris
2626 1279 2917 1341 babitant
2946 1278 3125 1355 bene,
3160 1279 3312 1360 quia
3352 1278 3513 1340 illud
3551 1277 3789 1340 habent
3821 1296 3911 1339 ra-

2422 1379 2579 1441 tioni
2631 1378 3014 1459 subJectum,
3050 1387 3242 1459 atque
3293 1376 3358 1439 in
3408 1377 3669 1459 spiritus
3720 1376 3912 1439 servi·
3980 1389 4199 1437 icor-,m

2422 1485 2618 1539 tutem
2663 1478 2984 1539 redactum
3022 1493 3036 1539 τ
3070 1476 3247 1558 juxta
3288 1494 3479 1557 quem
3526 1494 3781 1537 sensum
3824 1475 3912 1536 ait

2420 1574 2727 1649 Salvator,
2764 1574 2931 1637 Beati
2975 1575 3185 1649 miteS,
3219 1575 3521 1656 quoniam
3566 1574 3689 1656 ipsi
3733 1573 3913 1636 here·
3939 1586 4205 1637 uazm.v‚4.

2420 1672 2719 1734 ditabunt
2756 1681 3010 1735 terram.
3052 1671 3143 1734 Ad
3186 1672 3459 1734 litteram
3501 1689 3757 1753 quoque
3806 1689 3914 1753 po-

2423 1771 2614 1852 pulus
2646 1770 2856 1840 lsrael,
2891 1772 3145 1851 quando
3175 1771 3299 1833 Deo
3336 1769 3614 1832 fideliter
3641 1769 3915 1833 deservi-

817 1870 1059 1951 gratiae‚
1095 1889 1236 1949 quae
1274 1879 1369 1931 est
1410 1870 1541 1932 vita
1579 1871 1831 1933 animae.
1868 1872 2044 1947 Hinc,
2082 1890 2307 1935 secun·
2347 1869 2392 1930 B
2424 1870 2534 1945 vit,
2576 1869 2890 1933 habitavit
2938 1870 3004 1931 in
3062 1878 3227 1931 terra
3272 1868 3761 1951 promissionis;
3804 1868 3915 1930 scd

819 1969 971 2030 dum
1002 1967 1476 2049 Philosophum,
1511 1968 1626 2043 Qui
1670 1978 1933 2051 peccant
1971 1989 2046 2031 ex
2086 1969 2308 2032 habitu

819 2066 1076 2141 vitioso,
1121 2075 1270 2127 sunt
1315 2066 1720 2140 incurabileS,
1763 2067 1915 2148 quia
1955 2067 2311 2130 difficulter

820 2164 1006 2227 valde
1052 2173 1355 2227 curantur
1403 2183 1416 2227 :
1463 2166 1760 2247 quamvis
1802 2166 1882 2228 ab
1919 2166 2313 2248 omnipoten-

820 2264 870 2326 ti
909 2264 1268 2325 animarum
1305 2264 1552 2327 medico
1591 2274 1832 2346 queant.
1869 2265 2098 2339 curari,
2143 2266 2309 2347 apud

823 2382 1016 2444 quem
1048 2380 1173 2424 non
1207 2371 1303 2425 est
1333 2362 1756 2444 impossibile,
1791 2364 1918 2427 imo
1949 2382 2157 2445 neque
2188 2363 2312 2425 dis-

823 2461 1018 2537 ficile,
1055 2480 1243 2523 omne
1272 2460 1560 2523 verbum.

919 2560 1182 2634 Quidam
1240 2578 1355 2642 per
1406 2560 1739 2623 mulierem
1800 2560 2072 2624 alienam
2122 2572 2312 2643 atque

823 2668 1211 2733 extraneam,
1258 2659 1335 2720 ad
1384 2659 1658 2721 litteram
1706 2659 2072 2740 intelligunt
2117 2659 2315 2722 idolo-

822 2757 1093 2831 latriam,
1129 2772 1270 2839 quae
1309 2757 1544 2819 alienat
1584 2776 1620 2819 a
1660 2758 1806 2820 Deo.
1842 2758 1959 2821 Sed
1999 2758 2313 2840 expositio

822 2857 944 2918 ista
972 2855 1326 2937 spiritualis
1357 2855 1568 2937 potius
1598 2875 1736 2919 esse
1765 2865 2072 2919 censetur.
2087 2857 2315 2932 Quam-

823 2954 920 3019 vis
938 2954 1110 3017 enim
1138 2953 1490 3017 idololatria
1517 2954 1583 3016 in
1606 2954 1949 3037 Scripturis
1976 2954 2313 3019 fornicatio

824 3160 1038 3214 tamen
1079 3153 1157 3214 ad
1190 3151 1462 3213 litteram
1509 3152 1668 3215 solet
1699 3154 1930 3215 mulier
1969 3154 2179 3215 aliena
2208 3162 2317 3216 aut

821 3258 1117 3312 extranea
1149 3250 1505 3331 nuncupari
1534 3270 1549 3329 ;
1583 3269 1698 3313 nec
1738 3251 2114 3314 idololatriae
2153 3270 2319 3315 com-

823 3348 983 3430 petit
1025 3348 1388 3429 relinquere
1427 3349 1653 3411 ducem
1686 3348 2036 3431 pubertatis
2068 3369 2219 3426 suae,
2254 3350 2315 3412 id

821 3455 918 3509 est
945 3447 1164 3521 Deum,
1192 3456 1259 3508 ut
1289 3447 1411 3529 ipsi
1443 3456 1789 3529 exponunt,
1821 3448 2117 3529 quoniam
2153 3449 2318 3511 Deus

824 3564 1150 3626 nunquam
1216 3545 1336 3607 fuit
1393 3564 1663 3628 sponsus
1708 3555 1816 3608 aut
1870 3546 1996 3608 dux
2057 3547 2319 3609 idolola-

822 3644 982 3706 triae.
1033 3643 1463 3725 Spiritualiter
1505 3663 1654 3707 vero
1695 3653 1904 3726 potest
1949 3664 2063 3727 per
2098 3645 2321 3707 mulie-

827 3761 957 3804 rem
990 3741 1153 3805 hanc
1183 3744 1586 3823 congregatio
1617 3743 2054 3806 baereticorum
2090 3743 2321 3806 intelli-

824 3840 886 3919 gi
923 3860 938 3903 :
976 3858 1118 3920 quae
1157 3840 1364 3903 mollit
1402 3840 1595 3904 verba
1637 3840 2018 3922 eloquentiae
2057 3861 2209 3918 suae,
2256 3849 2318 3903 et

824 3957 988 4000 vana
1030 3938 1364 4019 promittit,
1400 3947 1588 4019 atque
1629 3938 1906 4001 carnalia
1937 3938 2315 4021 pollicetur3

824 4036 902 4097 ad
935 4055 1126 4117 quam
1157 4036 1268 4117 qui
1311 4036 1647 4112 introierit,
1682 4036 1788 4098 vix
1826 4036 2081 4110 redibit,
2115 4056 2314 4118 quum

823 4134 994 4197 dicat
1018 4134 1354 4217 Apostolus
1381 4152 1395 4197 ε
1421 4134 1793 4197 Haereticum
1823 4136 2147 4199 hominem
2176 4146 2317 4218 post

2421 1969 2675 2049 quando
2705 1968 2785 2029 ad
2816 1967 3241 2030 idololatriam
3272 1967 3530 2044 corruit,
3565 1966 3915 2048 expelleba-

2423 2076 2525 2128 tur
2554 2067 2631 2129 de
2660 2086 2747 2141 ea,
2785 2067 2883 2129 vel
2916 2068 2981 2129 in
3014 2068 3381 2129 servitutem
3416 2066 3817 2148 redigebatur
3848 2065 3911 2127 in

2421 2184 2494 2228 ea
2530 2175 2559 2226 :¹
2577 2166 2749 2246 quod
2780 2174 2914 2227 erat
2943 2165 3125 2247 quasi
3159 2184 3231 2226 ea
3262 2165 3520 2247 privari.
3562 2168 3644 2226 Ει
3671 2166 3917 2241 simpli-

2420 2285 2517 2324 ces
2558 2263 2923 2326 columbina
2967 2264 3398 2346 simplicitate,
3444 2266 3915 2343 permanebunt

2422 2365 2490 2423 in
2542 2383 2616 2422 ea
2666 2384 2687 2422 .·
2738 2363 2904 2425 sicut
2952 2363 3031 2425 de
3080 2364 3273 2425 rectis
3317 2364 3447 2443 jam
3497 2362 3735 2424 dictum
3791 2369 3909 2423 est.

2422 2463 2627 2538 Impii
2658 2482 2801 2521 vero
2831 2464 2910 2521 de
2939 2470 3110 2521 terra
3140 2464 3499 2539 perdentur
3528 2481 3551 2519 .·
3579 2460 3730 2542 quia
3760 2460 3915 2522 desi·

2422 2568 2583 2621 nunt
2624 2579 2763 2623 esse
2804 2559 3090 2622 membra
3128 2558 3360 2622 Christi
3402 2557 3657 2640 filiique
3701 2558 3917 2622 Eccle-

2424 2660 2555 2737 siae,
2600 2678 2711 2741 per
2760 2657 3280 2733 inobedientiam,
3324 2666 3386 2720 et
3432 2658 3918 2739 incorporantur

2422 2758 2700 2833 diabole,
2752 2766 2943 2838 atque
2992 2757 3070 2818 de
3116 2766 3285 2819 terra
3343 2756 3536 2837 hujus
3584 2756 3791 2818 exsilii
3840 2756 3919 2818 ad

2424 2856 2664 2920 inferos
2694 2855 3185 2939 pertrahuntur3
3218 2864 3281 2917 et
3313 2854 3629 2918 interdum
3662 2863 3922 2937 propter

2426 2976 2539 3019 sua
2569 2954 3051 3019 interficiuntur
3083 2954 3389 3031 facinora,
3426 2963 3719 3035 terraque
3746 2954 3920 3016 here-

695 3057 750 3099 ¹¹¹²
783 3062 886 3115 ·et
929 3053 1308 3115 adulterium
1362 3052 1704 3134 aliquando
1757 3054 2133 3137 appelletur,
2187 3073 2313 3117 non
2351 3058 2393 3119 C
2426 3055 2643 3118 ditatis
2688 3053 2964 3118 coelestis
3011 3054 3364 3135 privantur.
3411 3056 3494 3115 Ec
3530 3055 3647 3132 qui
3696 3054 3923 3132 inique

2426 3164 2658 3231 ayunt,
2687 3155 3073 3230 auferentur
3107 3175 3187 3212 ex·
3224 3173 3299 3213 ea
3329 3173 3351 3212 .·
3384 3152 3548 3215 sicut
3586 3151 3664 3213 de
3704 3150 3920 3233 impiis

2426 3252 2782 3333 expositum
2822 3258 2938 3313 est.

2509 3350 2724 3430 ltaque
2767 3367 2842 3411 ex
2890 3349 3009 3411 isto
3044 3350 3347 3411 docemur
3391 3347 3692 3429 capitum,
3729 3365 3917 3427 quam

2431 3446 2750 3512 ferventer
2793 3455 2855 3508 et
2893 3447 3327 3509 indesinenter
3371 3446 3716 3509 debeamus
3755 3464 3921 3526 quae—

2430 3565 2590 3622 rere,
2651 3546 3032 3622 desiderare,
3094 3544 3418 3626 amplecti,
3482 3552 3544 3607 et
3599 3544 3920 3607 custodire

2431 3644 2772 3707 increatam
2808 3644 3193 3726 Sapientiam
3227 3643 3335 3705 Dei
3370 3642 3589 3718 Patris,
3630 3642 3921 3722 Unigeni-

2430 3752 2560 3806 tum
2607 3744 2739 3819 Dei,
2784 3750 2847 3805 et
2887 3743 3054 3805 dona
3102 3742 3327 3824 ipsius,
3375 3742 3569 3804 Nemo
3612 3741 3806 3815 enim,
3849 3750 3920 3802 ut

2428 3844 2517 3904 ait
2558 3841 2951 3915 AmbrosiuS,
2990 3860 3135 3903 cum
3188 3840 3433 3903 desidia
3471 3841 3701 3921 quaerit
3744 3839 3923 3901 Chri-

2428 3948 2620 4017 stum,
2654 3948 2714 4002 et
2759 3938 3222 4021 pretiosissima
3264 3938 3373 4001 Dei
3422 3938 3587 4001 dona
3637 3957 3781 4000 cum
3834 3935 3923 3999 af-

2430 4036 2599 4101 fectu
2661 4037 2978 4118 condigno
3038 4045 3187 4098 sunt
3234 4036 3627 4116 exquirenda
3684 4054 3757 4099 ac
3812 4054 3923 4117 po-

2430 4137 2724 4199 stulanda
2766 4155 2780 4198 :
2826 4136 2954 4198 imo
2994 4155 3139 4199 cum
3176 4144 3396 4217 tepore
3434 4144 3497 4197 et
3536 4134 3923 4216 negligentia

823 4252 1016 4294 unam
1067 4240 1130 4295 et
1171 4233 1514 4297 secundam
1564 4232 2028 4315 correptionem
2079 4235 2313 4313 devita,
2351 4241 2399 4303 D
2430 4254 2546 4317 pro
2584 4235 2676 4297 eis
2722 4252 2961 4315 rogare,
2993 4243 3084 4296 est
3134 4234 3417 4296 datorem
3460 4233 3639 4295 illum
3690 4232 3925 4295 altissi-

823 4332 1030 4394 sciens
1069 4331 1222 4413 quia
1259 4332 1602 4395 subversus
1641 4340 1758 4394 est.

901 4430 1113 4508 Porro,
1147 4431 1316 4511 quod
1349 4428 1656 4510 sequitur,
1691 4440 1764 4491 ut
1792 4434 2076 4492 ambules
2105 4434 2177 4491 in
2208 4435 2318 4492 via

821 4531 1006 4595 bona,
1031 4528 1097 4590 id
1125 4536 1244 4605 est,
1268 4528 1750 4591 conversatione
1777 4528 1947 4610 justa
1979 4530 2201 4591 tendas
2239 4531 2315 4592 ad

818 4624 1114 4705 gloriam,
1143 4634 1203 4685 ec
1246 4627 1454 4691 calles,
1498 4624 1560 4686 id
1609 4634 1705 4687 est
1746 4633 2082 4706 praecepta,
2127 4626 2319 4689 docu-

821 4730 1056 4799 menta,
1105 4723 1416 4805 exempla,
1451 4726 1784 4801 justorum
1830 4726 2175 4791 custodias,
2225 4743 2319 4786 re-

821 4820 1026 4884 fertur
1068 4822 1147 4883 ad
1197 4822 1355 4883 illud
1405 4822 1576 4903 quod
1618 4822 1858 4884 dictum
1911 4831 2006 4884 est
2042 4840 2055 4883 ε
2099 4822 2317 4885 Consi-

822 4919 981 4981 lium
1013 4919 1327 4983 custodiet
1357 4929 1438 4998 te,
1462 4928 1582 4983 ete.
1622 4923 1750 4990 Qui
1775 4923 1950 4981 enim
1981 4923 2139 4981 recti
2165 4932 2318 4983 sunt

819 5018 1026 5093 corde,
1061 5017 1359 5081 videlicet
1401 5018 1580 5100 justi,
1615 5037 1887 5102 quorum
1935 5019 2124 5082 corda
2170 5029 2315 5082 sunt

819 5116 1143 5180 linealiter
1192 5137 1264 5179 ac
1315 5117 1552 5180 directe
1599 5119 1676 5180 ad
1726 5120 1920 5181 Deum
1973 5126 2203 5195 erecta,
2254 5128 2318 5181 et

815 5217 1113 5281 vitiorum
1145 5217 1583 5298 obliquitatem
1617 5218 1916 5293 devitant,
1933 5220 2316 5279 habitabunt

813 5318 886 5377 in
933 5326 1107 5377 terra
1137 5338 1160 5376 .·
1190 5315 1496 5399 quoniam
1545 5316 1672 5397 jam
1725 5334 1838 5398 per
1886 5316 2177 5396 gratiam,
2236 5314 2313 5378 fi-

2428 4354 2603 4395 mum
2640 4334 2704 4394 in
2749 4333 2880 4394 suis
2920 4332 3105 4395 donis
3146 4340 3270 4393 tam
3310 4333 3473 4393 caris
3514 4331 3918 4407 inhonorare,

2429 4450 2501 4494 66
2543 4431 2720 4513 parvi
2768 4430 3043 4513 pendere
3082 4450 3346 4492 munera
3389 4431 3553 4511 ejus,
3587 4430 3725 4511 lpse
3753 4438 3923 4493 certe

2431 4530 2495 4592 in
2543 4548 2657 4592 suo
2708 4528 3015 4609 obsequio
3061 4528 3301 4608 respuit
3346 4528 3741 4603 indevotum,
3777 4546 3923 4591 cvo-
3992 4558 4225 4611 mmm,

2429 4628 2543 4691 mit
2576 4628 2879 4710 tepidum,
2904 4626 3328 4707 negligentem
3364 4626 3797 4707 frigidumque
3825 4626 3922 4688 ab·
3952 4621 4016 4663 ¹⁶·

2428 4727 2663 4803 horret,
2714 4726 2878 4788 sicut
2925 4726 3003 4788 de
3054 4726 3175 4787 hoc
3225 4724 3536 4787 Eusebius
3586 4724 3921 4787 Emisenus

2428 4824 2694 4907 pulchre
2732 4824 2798 4885 in
2842 4824 2973 4885 suis
3018 4823 3301 4904 loquitur
3340 4822 3651 4886 Homiliis.
3686 4822 3763 4883 Et
3804 4824 3925 4885 uti-

2426 4940 2551 5003 que
2590 4921 2643 4983 si
2684 4922 3174 5003 perpendamuS‚
3208 4940 3397 5001 quam
3439 4919 3923 5000 infatigabiliter

2428 5020 2613 5082 multi
2647 5020 3012 5102 philosophi
3045 5038 3161 5102 pro
3195 5019 3465 5081 naturali
3500 5018 3815 5101 sapientia
3850 5039 3920 5082 ac

2428 5120 2692 5182 scientia
2718 5118 3179 5195 laboraverunt,
3206 5137 3396 5199 quam
3428 5117 3743 5180 laboriose
3774 5137 3924 5199 quc-

2428 5237 2552 5299 que
2583 5226 2645 5280 et
2674 5219 3066 5279 incessanter
3094 5216 3280 5278 multi
3312 5225 3694 5279 mercatores
3724 5226 3785 5278 et
3808 5216 3918 5279 alii

2425 5334 2541 5398 pro
2573 5323 2823 5379 terrena
2850 5315 3179 5397 opulentia
3209 5314 3795 5391 enituntur,merito
3827 5313 3921 5378 in-

4034 2470 4109 2523 22
