4284 6267
118 1498 279 1543 Secti.

84 1698 147 1743 1⁸.
156 1698 367 1749 tumst.

188 1982 263 2036 {5

974 524 1325 573 numano
1369 524 1433 569 m
1476 524 1614 570 CAP-
1662 522 1861 569 xxvln
1901 520 2387 570 Pnovmtmonmi.
2434 544 2514 553 --
2553 525 2694 573 ΛΒΤ.
2743 528 2936 574 XXVIII

3388 506 3504 575 175

388 692 533 775 ipse
564 702 771 759 terror
808 704 1037 761 vester.
1075 700 1202 767 Qui
1232 718 1377 758 vero
1409 698 1640 757 mentis
1666 705 1756 756 est
1781 698 1905 756 du·
1934 693 1983 754 A
2014 696 2170 758 dens
2204 696 2475 779 proximi
2517 699 2614 759 sui
2657 700 2946 776 salutem,
2979 702 3040 759 si
3074 720 3272 781 usque
3298 704 3385 761 ad
3418 704 3506 762 la-

388 814 511 863 roe,
542 792 627 855 ita
658 795 833 875 quod
866 814 985 859 nec
1012 796 1511 860 comminatione
1538 811 1895 878 poenarum,

390 910 513 953 nec
570 892 1041 973 pollicitatione
1098 896 1528 978 praemiorum,
1586 913 1702 957 nec
1760 892 1901 974 ipso

390 992 839 1061 summi,boni
889 1013 1127 1073 amore,
1180 1014 1217 1057 a
1262 1015 1378 1057 sua
1434 993 1772 1076 iniquitate
1828 1009 1900 1052 ac

392 1092 753 1173 pertinacia
812 1092 1120 1171 flectitur,
1182 1114 1299 1159 ncc
1356 1094 1545 1157 modo
1602 1098 1900 1176 praetacto

396 1189 590 1251 Deum
642 1200 920 1270 veretur,
966 1205 1219 1256 corruet
1260 1198 1334 1254 in
1378 1198 1652 1261 malum,
1694 1192 1757 1254 id
1806 1200 1903 1253 est

394 1287 463 1349 in
492 1289 831 1354 cumulum
863 1292 1192 1369 vitiorum,
1211 1300 1275 1357 et
1304 1293 1369 1354 in
1398 1290 1903 1375 profunditatem

394 1386 817 1452 infernalium
860 1400 1338 1455 tormentorum.
1387 1391 1531 1454 ldeo
1575 1391 1641 1452 in
1691 1389 1904 1453 Eccle-

348 1486 655 1550 ‚siastico
718 1488 1031 1572 scriptum
1078 1498 1177 1553 est
1219 1508 1232 1552 ε
1273 1490 1393 1552 Cor
1449 1490 1679 1552 durum
1739 1487 1903 1551 male

396 1584 661 1649 babebit
714 1587 781 1648 in
829 1588 1203 1653 novissimo.
1237 1588 1372 1651 Tali
1422 1587 1745 1669 lapideum
1796 1604 1905 1649 cor

395 1684 683 1763 habenti,
702 1686 1001 1749 Dominus
1030 1706 1145 1769 per
1174 1686 1400 1749 lsaiam
1429 1686 1713 1768 loquitur
1732 1703 1745 1747 :
1766 1684 1907 1747 Scio

397 1784 553 1864 quia
580 1784 785 1847 durus
816 1803 885 1847 es
913 1794 1005 1863 tu,
1039 1794 1101 1849 et
1132 1804 1365 1851 nervus
1409 1784 1654 1849 ferreus
1692 1783 1907 1847 cervix

398 1890 530 1956 tua,
564 1892 630 1945 et
660 1881 841 1946 frons
872 1892 984 1946 tua
1014 1904 1199 1948 aerea.

480 1984 605 2042 Leo
632 1984 929 2061 ναριέηε,
958 1994 1019 2045 et
1048 2005 1241 2045 ursus
1268 1986 1582 2052 esuriens,
1604 1983 1907 2061 princeps

396 2080 646 2156 impius
695 2100 891 2159 super
926 2086 1247 2160 populum
1281 2101 1638 2161 pauperem
1680 2100 1701 2139 .·
1747 2075 1901 2159 quia

396 2176 601 2239 instar
656 2178 973 2260 rugientis
1033 2180 1258 2256 leoniS,
1323 2180 1611 2242 subditos
1678 2178 1902 2257 inopes

394 2276 904 2342 comminatione
932 2285 1263 2360 perterret,
1296 2287 1360 2342 et
1392 2286 1690 2360 tanquam
1722 2292 1907 2337 ursus

398 2374 755 2453 famelicuS,
776 2376 945 2440 bona
974 2396 1192 2441 eorum
1226 2378 1449 2459 diripit
1471 2397 1543 2441 ac
1569 2378 1903 2440 consumit.

397 2473 487 2535 De
526 2474 765 2538 talibus
810 2475 1113 2538 Dominus
1152 2477 1218 2538 in
1263 2476 1517 2539 Michaea
1559 2476 1843 2558 loquitur
1886 2494 1901 2539 t

78 2588 367 2638 ,usca-‚ma
396 2574 515 2648 Qui
565 2576 985 2637 comederunt
1041 2594 1297 2638 carnem
1358 2575 1577 2659 populi
1641 2576 1789 2648 mei,
1843 2584 1905 2639 et

400 2673 637 2755 pellem
692 2674 969 2757 desuper
1024 2677 1547 2754 excoriaverunt3
1601 2684 1665 2737 et
1720 2674 1899 2752 alibi,

130 2786 321 2829 ema.
396 2774 559 2837 Cum
606 2773 977 2837 austeritate
1035 2775 1447 2856 imperabatis
1506 2776 1598 2837 eis
1649 2783 1709 2837 et
1756 2794 1903 2837 cum

78 2863 229 2897 nxrv,
260 2850 309 2891 ⁴.

397 2872 707 2954 potentia.
722 2872 884 2935 Hinc
914 2873 1125 2936 denuo
1156 2874 1459 2936 Dominus
1489 2881 1585 2936 est
1615 2874 1899 2937 locutus:

78 2982 367 3031 lond-me·
398 2969 707 3033 Sufficiat
748 2970 955 3047 vobiS,
997 2972 1356 3054 principes3
1391 2973 1797 3054 iniquitatem
1842 2980 1905 3035 et

396 3069 693 3151 rapinam
725 3070 1151 3146 intermittite,
1186 3080 1251 3134 et
1279 3070 1595 3152 judicium
1626 3081 1689 3135 et
1716 3073 1903 3153 Justi-
1940 3067 1983 3130 C
2016 3069 2220 3132 sitatis
2253 3069 2558 3151 relinquit
2596 3070 2896 3133 amicum.
2935 3073 3063 3140 Qui
3092 3080 3309 3133 autem
3337 3073 3514 3149 festi-

188 3670 259 3725 16

392 3168 551 3231 tiam
588 3167 817 3249 facite;
852 3178 1139 3252 separate
1172 3169 1460 3234 confinia
1492 3180 1699 3235 vestra
1726 3190 1762 3233 a
1793 3189 1903 3254 po-

392 3267 553 3351 pulo
598 3286 766 3331 meo.
804 3268 974 3331 Istud
1019 3287 1168 3350 ergo
1209 3270 1540 3333 vitandum
1586 3279 1701 3345 est,
1750 3270 1905 3351 quia

394 3368 809 3450 tyrannicum
841 3376 959 3443 est,
986 3387 1184 3449 quum
1216 3377 1281 3431 et
1309 3368 1545 3431 Seneca
1573 3369 1741 3431 dicat
1762 3387 1776 3431 :
1799 3370 1909 3432 Re-

394 3470 628 3549 linque
658 3466 1126 3543 crudelitatem,
1151 3475 1215 3529 et
1246 3476 1513 3530 matrem
1542 3468 1680 3549 ejus
1712 3468 1905 3538 iram:

396 3568 713 3648 itemque,
746 3564 1101 3629 Crudelitas
1144 3564 1359 3628 inficit
1401 3567 1771 3630 assiduitate
1810 3587 1910 3630 au-

394 3666 789 3729 ctoritatem.
833 3700 909 3709 —
958 3667 1135 3735 Dux,
1178 3664 1239 3726 id
1283 3671 1379 3727 est
1424 3664 1722 3747 princeps
1770 3666 1913 3747 qui-

394 3782 707 3845 cumque,
744 3781 857 3825 seu
886 3760 1101 3842 judex,
1126 3765 1431 3839 indiyens
1455 3764 1823 3841 prudentia,
1847 3763 1910 3824 id

392 3873 500 3929 est
539 3881 769 3926 carens
806 3860 1193 3924 discretione
1230 3870 1294 3924 et
1332 3862 1908 3943 circumspectione

394 3964 472 4026 in
520 3960 813 4043 agendiS,
866 3964 1102 4023 multos
1149 3963 1465 4038 opprimet
1503 3981 1625 4038 per
1668 3966 1913 4023 calum-

392 4065 596 4125 niam
626 4082 649 4120 .·
679 4060 989 4141 quoniam
1029 4059 1355 4124 voluntate
1386 4060 1584 4122 utitur
1616 4079 1731 4142 pro
1771 4060 1911 4141 lege

394 4160 697 4243 justitiae,
732 4167 798 4221 et
840 4159 1115 4239 rigorem
1153 4158 1417 4239 justitiae
1456 4160 1659 4222 nescit
1698 4159 1913 4222 dulce-

2013 816 2160 857 cum
2190 798 2460 875 sufferit,
2491 820 2675 860 nemo
2701 802 2974 861 sustinet
3002 818 3025 861 .·
3057 800 3119 863 id
3151 808 3268 877 est,
3299 818 3504 881 quan·

2015 903 2428 977 tumcumque
2449 906 2688 979 quaerat
2708 899 2985 974 evadere,
3008 899 3178 980 juste
3195 899 3506 980 expetitur

2017 992 2175 1056 ultio
2205 994 2493 1058 criminis
2523 997 2645 1058 sui.
2669 1033 2749 1043 -
2783 1002 2909 1067 Qui
2936 1000 3228 1060 ambulat
3254 999 3506 1075 simpli·
3633 1001 3702 1055 18

2012 1094 2193 1163 citer,
2210 1099 2431 1155 salvus
2457 1100 2598 1165 erit,
2620 1096 2674 1159 si
2709 1097 2773 1159 in
2803 1096 3170 1160 columbina
3199 1095 3506 1178 simplici-

2018 1198 2141 1254 tate
2172 1191 2458 1256 finaliter
2496 1204 2887 1277 perseveret3
2920 1199 3036 1275 qui
3056 1198 3376 1273 perversis
3405 1196 3508 1255 in-

2005 1294 2310 1366 qreditur
2340 1295 2488 1361 viis,
2509 1292 2572 1356 id
2605 1303 2721 1371 est,
2742 1302 2918 1357 actus
2949 1295 3211 1357 vitiosos
3244 1295 3366 1357 viis
3396 1292 3508 1356 Dei

2011 1390 2366 1453 contrarios
2403 1392 2556 1473 agit,
2589 1395 2876 1454 concidet
2902 1398 3115 1465 semel,
3145 1392 3207 1455 id
3249 1400 3346 1455 est
3375 1392 3508 1475 ple-

2015 1489 2213 1565 narie,
2260 1490 2412 1571 quia
2457 1490 2739 1553 finaliter
2780 1492 3209 1567 damnabitur,
3254 1508 3370 1553 nec
3413 1510 3510 1553 re-

2014 1596 2261 1668 surget3
2282 1589 2396 1665 vel,
2412 1588 2631 1665 Semel,
2648 1590 2710 1652 id
2741 1599 2837 1654 est
2865 1590 3119 1653 tandem
3147 1589 3503 1672 aliquando.

2016 1722 2095 1729 —
2129 1689 2258 1755 Qut
2296 1698 2602 1765 operatur
2646 1699 2884 1750 terram
2919 1710 3132 1759 suam,
3159 1691 3512 1750 satiabitur
3638 1699 3705 1754 19

2009 1787 2316 1862 panibus,
2347 1785 2476 1849 Hoc
2505 1786 2920 1869 corporaliter
2947 1787 3038 1851 sic
3067 1786 3230 1851 solet
3263 1786 3511 1849 contin-

1945 1874 1990 1934 Β
2016 1884 2508 1963 gere.Similiter
2538 1886 2648 1967 qui
2680 1905 2902 1968 agrum
2924 1886 3134 1949 cordis
3165 1886 3264 1948 sui
3291 1904 3511 1968 expur-

2017 1990 2123 2062 gat
2144 2001 2183 2043 a
2207 1982 2396 2061 vitiis,
2413 1983 2736 2048 seminans
2767 1984 2950 2047 illum
2981 1986 3176 2048 verbo
3206 1984 3511 2047 doctrinae

2017 2079 2318 2157 coelestiS‚
2355 2082 2771 2165 spiritualiter
2802 2082 3129 2146 reficietur
3165 2104 3178 2147 :
3214 2082 3512 2146 similiter

2018 2178 2129 2258 qui
2161 2196 2390 2262 eorpus
2421 2200 2605 2243 suum
2637 2182 2922 2261 castigat,
2947 2190 3010 2244 et
3039 2182 3106 2243 in
3139 2181 3510 2246 servitutem
3581 2200 3721 2245 icor.
3744 2216 3802 2253 ιι,

2020 2278 2284 2360 spiritus
2314 2280 2563 2359 redigit,
2583 2288 2646 2343 ct
2675 2280 2959 2343 membra
2989 2300 3102 2343 sua
3130 2280 3388 2343 exhibet
3415 2300 3513 2343 ar-
3539 2264 3794 2381 ἴδωμι

2018 2395 2121 2437 ma
2159 2376 2418 2457 justitiae
2457 2377 2604 2441 Dec.
2638 2379 2806 2441 lstud
2840 2388 3049 2441 tamen
3091 2378 3512 2461 praehabitum

2017 2484 2132 2549 est,
2160 2474 2325 2537 sicut
2353 2484 2415 2539 et
2445 2476 2508 2539 id
2539 2477 2710 2558 quod
2740 2477 3056 2539 subditur.
3083 2480 3210 2547 Qui
3235 2486 3515 2538 sectatur
3576 2497 3713 2543 prov.
3732 2513 3806 2550 ιι..

2016 2576 2247 2643 otium,
2279 2579 2630 2653 replebitur
2657 2586 2924 2654 egle-state
2953 2576 3294 2657 spirituali,
3315 2586 3378 2639 et
3409 2596 3514 2639 εω-
3544 2562 3609 2603 ¹¹·

2016 2692 2095 2754 pe
2132 2673 2323 2735 etiam
2358 2676 2694 2757 corporali.
2727 2712 2806 2719 —
2845 2678 2958 2737 Vir
2984 2678 3201 2753 fidelis
3229 2681 3509 2737 multum
3637 2686 3710 2743 20

2017 2775 2399 2834 laudabitur
2414 2796 2437 2835 .·
2452 2774 2753 2855 quoniam
2783 2774 2991 2853 justus
3023 2782 3086 2836 et
3117 2775 3362 2855 integer
3392 2782 3509 2851 est,

2016 2890 2132 2934 nec
2176 2881 2434 2955 propter
2482 2873 2646 2936 bona
2704 2871 2886 2935 utilia
2937 2880 3044 2935 aut
3102 2873 3509 2936 delectabilia

2016 2971 2254 3033 recedit
2272 2992 2308 3033 a
2332 2971 2495 3035 bono
2524 2971 2946 3048 honest0,nec
2978 2980 3264 3053 tempore
3295 2971 3515 3035 adver-

2016 3179 2131 3230 nat
2171 3171 2381 3230 ditari
2428 3170 2494 3231 in
2539 3169 3017 3252 temporalibuS,
3061 3191 3192 3232 non
3241 3172 3368 3231 erit
3411 3172 3515 3231 in-

2017 3288 2244 3328 nocens
2283 3290 2305 3328 :
2345 3268 2646 3349 quoniam
2686 3267 3101 3331 immoderata
3140 3268 3514 3332 sollicitudi-

2019 3384 2099 3429 ne
2135 3375 2199 3430 et
2233 3368 2354 3431 viis
2391 3366 2635 3430 illicitis
2673 3367 2751 3429 ad
2791 3366 3211 3431 obtinendum
3253 3366 3511 3430 divitias

2019 3465 2243 3527 tendit.
2282 3466 2432 3539 1m0‚
2467 3466 2644 3547 juxta
2683 3464 3078 3547 Apostolum,
3115 3464 3231 3539 Qui
3289 3466 3510 3529 volunt
3541 3484 3805 3538 trimano.

2020 3563 2249 3628 divites
2292 3563 2457 3641 fieri,
2500 3564 2791 3627 incidunt
2833 3563 2900 3625 in
2945 3564 3382 3642 tentationem,
3426 3564 3514 3625 la-

2020 3680 2388 3743 queumque
2429 3661 2691 3724 diaboli.

2104 3763 2230 3830 Qui
2259 3762 2572 3838 cognoscit
2605 3762 2674 3821 in
2697 3762 2961 3838 judicio
2989 3762 3248 3837 faciem,
3283 3760 3347 3822 id
3390 3770 3506 3839 est,
3637 3773 3706 3827 21

2026 3878 2358 3941 personam
2391 3859 2644 3941 accipit,
2668 3859 2845 3940 juxta
2879 3859 3035 3921 illud
3065 3860 3315 3938 Psalmi,
3341 3860 3514 3923 Faci—
3567 3882 3644 3925 Ρ..
3668 3895 3805 3933 mx..

2022 3978 2087 4022 es
2119 3958 2469 4041 peccatoris
2499 3958 2788 4038 sumitis;
2819 3980 2947 4019 non
2970 3962 3134 4039 facit
3165 3962 3317 4020 bene
3337 3980 3359 4019 .·
3382 3959 3512 4023 imo
3541 3945 3583 3989 ²·

2018 4057 2296 4138 graviter
2328 4065 2566 4139 peccat,
2602 4057 2766 4120 sicut
2796 4058 3216 4139 praehabitum
3247 4064 3365 4121 est.
3385 4062 3514 4121 Iste
3539 4072 3802 4123 Prummu.

2019 4167 2078 4217 et
2102 4176 2223 4234 pro
2254 4159 2532 4217 buccella
2552 4158 2776 4232 paniS,
2811 4155 2873 4217 id
2909 4164 3004 4219 est
3042 4175 3157 4239 pro
3197 4157 3410 4239 parvis
3452 4167 3515 4221 et
3541 4137 3583 4182 ⁵·

400 4260 549 4324 dini
595 4258 851 4341 pietatis
900 4266 1401 4338 contemperare,
1453 4257 1673 4339 sicque
1720 4276 1911 4341 opere
1938 4254 1989 4316 D
2022 4255 2258 4318 vilibus
2289 4254 2500 4331 rebuS‚
2524 4257 2757 4315 deserit
2788 4258 3121 4317 veritatem
3149 4255 3412 4338 justitiae
3441 4276 3514 4321 ac

88 4378 367 4434 ειμι-,πμ
398 4359 551 4441 ipso
588 4358 747 4421 dicit
776 4356 939 4418 illud
980 4355 1319 4438 Sapientiae
1354 4372 1367 4417 :
1403 4355 1495 4419 Sit
1532 4365 1744 4418 autem
1787 4355 1914 4419 for-

400 4457 618 4521 titudo
658 4463 875 4519 nostra
914 4454 1017 4517 lex
1053 4454 1338 4535 justitiae.
1375 4457 1504 4523 Qui
1531 4465 1745 4516 autem
1776 4458 1911 4516 odit

398 4557 797 4624 avaritiam,
830 4554 1013 4629 lonyi
1036 4557 1195 4629 fient
1221 4554 1360 4613 dies
1388 4555 1554 4630 eju-5,
1586 4553 1649 4615 id
1683 4561 1799 4629 est,
1832 4554 1909 4615 ad

402 4655 583 4717 diem
615 4650 991 4716 aeternitatis
1020 4652 1359 4733 pertinget,
1392 4650 1567 4732 juxta
1597 4651 1766 4732 quod
1798 4653 1914 4715 Do—

86 4766 271 4815 Puse.
296 4768 360 4808 ιε.
404 4754 629 4817 minus
668 4749 1016 4833 spopondit
1055 4749 1121 4811 in
1159 4749 1405 4812 Psalmo
1439 4766 1453 4811 :
1487 4749 1912 4831 Longitudinc

404 4854 663 4917 dierum
697 4849 983 4931 implebo
1012 4848 1393 4911 eum.Justis
1425 4866 1683 4929 quoque
1715 4849 1781 4910 in
1814 4869 1915 4913 ve-

110 4963 277 5007 Ετοώ
298 4976 375 5013 xx,
410 4951 531 5014 teri
579 4950 723 5031 lege
766 4946 1154 5010 diuturnitas
1198 4948 1345 5011 vitae
1392 4947 1723 5029 praesentis
1773 4967 1917 5030 pro-

86 5032 107 5070 1
118 5030 165 5071 2:
180 5026 373 5075 Dent-n,

201 5152 271 5207 17

408 5049 811 5111 mittebatur.

496 5149 849 5209 Hominem
878 5146 997 5225 qui
1022 5146 1473 5205 calumniatur
1507 5146 1749 5207 animoe
1777 5166 1921 5207 san-

406 5249 712 5326 quinem,
746 5244 810 5306 id
854 5252 972 5320 est,
1019 5250 1285 5306 mortem
1330 5262 1439 5305 seu
1484 5245 1639 5306 vitia
1688 5244 1919 5308 animae

408 5344 685 5420 deridet,
706 5342 951 5406 habens
974 5360 1049 5405 ea
1076 5359 1193 5425 pro
1224 5341 1450 5421 nihilo,
1473 5350 1537 5406 et
1564 5342 1745 5425 parvi
1774 5361 1922 5424 pen-

2018 4354 2356 4429 sermonis.
2391 4354 2476 4415 De
2521 4353 2752 4417 talibus
2796 4372 2909 4437 per
2951 4354 3344 4420 Ezechielem
3396 4356 3515 4419 Do-

2022 4453 2237 4517 minus
2284 4453 2373 4513 ait
2426 4472 2439 4515 :
2489 4452 2883 4534 Deceperunt
2939 4454 3241 4536 populum
3299 4473 3509 4517 meum
3543 4476 3807 4529 ezeciam,

2024 4560 2280 4635 propter
2309 4550 2620 4633 pugillum
2647 4550 2868 4614 hordei
2895 4560 2958 4613 et
2991 4550 3276 4632 fragmen
3306 4552 3512 4635 paniS.
3547 4542 3612 4583 ¹⁹·

2024 4650 2377 4725 Quocontra
2405 4650 2643 4713 Seneca
2671 4669 2928 4733 quoque
2956 4651 3138 4714 docet
3166 4668 3180 4713 ε
3215 4651 3518 4715 Testimo-

2027 4750 2203 4811 nium
2248 4748 2515 4832 perhibe
2554 4766 2681 4812 non
2722 4748 3038 4825 amicitiae,
3081 4750 3189 4812 sed
3233 4750 3510 4812 veritati.

2024 4884 2105 4893 —
2160 4851 2272 4910 Vir
2309 4850 2426 4927 qui
2464 4850 2732 4927 festinat
2770 4850 3007 4917 ditari,
3043 4858 3104 4908 et
3143 4850 3301 4909 aliis·
3337 4849 3514 4909 invi·
3640 4854 3711 4908 22

2026 4951 2156 5018 det,
2205 4964 2280 5009 eo
2328 4946 2499 5027 quod
2547 4945 2808 5009 ditiores
2857 4946 2984 5007 sint
3041 4946 3200 5028 ipso,
3251 4948 3515 5024 iynorat

2028 5048 2200 5126 quod
2239 5054 2476 5122 eyestas
2518 5046 2922 5124 superveniet
2962 5046 3046 5116 ei,
3094 5044 3157 5106 id
3200 5051 3296 5106 est
3341 5044 3516 5108 defe-

2029 5154 2168 5208 ctus
2214 5144 2432 5223 gratiae
2475 5143 2540 5204 in
2580 5141 2899 5224 praesenti,
2939 5152 3002 5205 et
3042 5142 3262 5225 gloriae
3303 5142 3368 5205 in
3419 5143 3518 5208 fu-

2028 5250 2194 5318 ture,
2254 5258 2569 5324 poenaque
2627 5258 2850 5302 sensus
2907 5241 2974 5302 in
3029 5240 3254 5304 inferis
3317 5260 3332 5304 :
3395 5243 3516 5307 hoc

2028 5340 2267 5405 etenim
2297 5352 2425 5403 non
2453 5338 2812 5421 perpendit.
2849 5374 2920 5385 —
2955 5342 3084 5409 Qui
3109 5343 3382 5418 corripit
3409 5342 3520 5403 Ιιο-
3639 5350 3711 5407 23
