4284 6267
96 992 212 1035 Bon.
227 1004 300 1042 κη,
315 994 334 1033 1
345 1022 357 1033 .

120 1091 134 1133 l
156 1090 251 1134 Cor.
267 1105 358 1143 xxv,

995 504 1352 553 RNARRATIO
1393 508 1458 554 ΙΝ
1502 508 1640 555 GAP.
1687 508 1756 554 111
1798 506 2037 555 cmlcl
2079 507 2484 556 CANTICORUM.
2528 530 2609 539 —
2650 510 2791 555 Aur.
2838 510 2904 554 xt

3378 490 3495 553 359

391 692 524 756 que
555 694 686 739 non
714 676 922 741 solum
953 687 1050 741 est
1079 679 1304 755 virtus,
1341 680 1452 742 sed
1494 688 1556 742 et
1589 679 1895 742 virtutum
1927 676 1979 737 A
2006 698 2130 755 ma,
2165 682 2467 762 quoniam
2501 681 2597 743 hae
2635 682 2903 743 virtutes
2934 680 3101 743 circa
3135 681 3330 742 Deum
3363 687 3498 741 tan-

389 775 639 855 auriga,
692 785 950 841 actuum
1000 780 1408 855 moderatrix,
1464 779 1768 862 splendor
1826 798 1898 842 ac

391 874 612 937 radius
662 876 858 939 totius
917 878 1102 941 honae
1161 878 1662 941 conversationis
1718 894 1734 939 ε
1786 896 1898 959 per

391 991 590 1055 quam
635 974 1014 1039 rationabile
1056 975 1133 1039 fit
1170 976 1545 1057 obsequium
1587 984 1894 1053 nostrum,

391 1079 458 1135 et
503 1072 724 1135 omnia
765 1074 1064 1137 decenter
1106 1094 1178 1137 ac
1217 1075 1566 1137 secundum
1607 1074 1895 1137 ordinem

394 1170 567 1233 fiunt
615 1171 681 1233 in
726 1171 936 1250 nobiS,
971 1181 1190 1256 utpote
1234 1190 1518 1253 congruo
1562 1173 1723 1248 loco,
1758 1192 1898 1236 suo-

391 1288 520 1351 que
567 1279 880 1352 tempore,
931 1280 994 1333 et
1043 1281 1212 1335 recta
1275 1272 1652 1335 intentione.
1705 1271 1895 1335 Porro

392 1368 704 1432 fortitudo
737 1378 833 1433 est
873 1370 1108 1453 inclyta
1137 1370 1360 1445 virtus,
1397 1371 1772 1451 aggrediens
1806 1370 1898 1433 vi-

391 1468 597 1531 riliter
638 1470 859 1545 ardua,
894 1488 1012 1533 nec
1052 1470 1282 1533 timore
1323 1470 1546 1532 mortis
1591 1471 1894 1533 recedens

389 1588 430 1631 a
475 1569 690 1646 boniS‚
741 1588 813 1633 ac
865 1588 980 1651 pro
1031 1569 1358 1633 communi
1410 1569 1581 1632 bono
1639 1577 1895 1631 strenue

390 1677 666 1731 certans,
703 1668 1148 1750 Temperantia
1189 1686 1364 1745 ver0,
1399 1667 1762 1731 bestialium
1803 1667 1894 1732 vi-

390 1766 624 1829 tiorum
665 1785 740 1829 ac
783 1766 1184 1849 voluptatum
1228 1775 1324 1829 est
1363 1766 1762 1841 refrenatrix,
1799 1766 1894 1828 in-

2006 796 2195 858 quam
2228 779 2396 842 circa
2429 780 2756 861 proprium
2784 779 3105 860 objectum
3136 778 3501 841 immediate

2007 884 2071 938 et
2115 877 2353 940 directe
2401 886 2755 941 versantur.
2790 882 3142 939 Ascensum
3174 896 3501 955 purpure-

2007 997 2147 1045 um,
2178 976 2244 1038 id
2286 985 2383 1039 est
2422 977 2889 1039 ordinationem
2936 995 3045 1038 seu
3088 976 3320 1056 gradus
3360 994 3499 1057 sep-

2006 1084 2132 1137 tem
2190 1075 2501 1139 donorum
2558 1074 2833 1158 Spiritus
2872 1074 3105 1150 Sancti,
3153 1074 3217 1135 in
3264 1072 3498 1155 quibus

2006 1174 2161 1235 ordo
2191 1173 2523 1254 dignitatis
2562 1173 3001 1255 perpenditur,
3035 1179 3098 1234 et
3132 1172 3213 1233 ab
3242 1171 3499 1235 inferio—

2009 1271 2185 1333 ribus
2230 1271 2309 1334 ad
2350 1272 2679 1354 superiora
2722 1271 3110 1335 ascenditur.
3144 1272 3364 1331 Media
3394 1291 3499 1331 ca-

2003 1373 2201 1430 ritate
2245 1372 2615 1431 constravit.
2662 1369 2861 1432 Media
2910 1387 3022 1431 seu
3062 1368 3497 1450 pavimentum

2006 1476 2341 1531 structurae
2381 1468 2585 1545 istiuS,
2620 1476 2771 1529 sunt
2814 1467 3079 1533 virtutes
3122 1465 3393 1530 morales
3434 1473 3499 1529 et

2004 1575 2175 1629 actus
2206 1585 2425 1629 earum
2463 1584 2477 1629 ε
2510 1586 2669 1648 quas
2709 1568 3015 1631 Dominus
3040 1566 3234 1647 jussit
3268 1564 3496 1628 carita-

2006 1675 2065 1729 te
2097 1665 2325 1747 perfici
2357 1685 2429 1728 ac
2462 1665 2744 1743 formari,
2771 1675 2959 1748 prout
2990 1665 3369 1746 praecedenti
3401 1683 3499 1725 ar-

2007 1764 2201 1827 ticulo
2251 1764 2450 1843 magis
2499 1770 2747 1827 constat
2794 1762 3175 1845 expositum.
3231 1761 3497 1836 Quidam

388 1858 638 1945 cipiens
697 1864 1026 1928 hominem
1088 1865 1298 1928 facere
1356 1864 1777 1947 spiritualem,
1831 1873 1894 1929 et
1930 1866 2118 1944 Bper
2175 1861 2404 1938 media,
2458 1861 2821 1942 intelligunt
2873 1880 3064 1945 opera
3119 1858 3500 1923 indifferen-

391 1961 716 2045 praecipue
766 1961 976 2044 ipsum
1036 1962 1390 2026 nobilitans
1436 1983 1509 2026 ac
1560 1964 1888 2039 decoram,

387 2062 542 2123 dum
577 2080 616 2123 a
645 2060 1009 2123 carnalibus
1038 2060 1214 2124 vitiis
1246 2062 1344 2138 (in
1379 2061 1614 2143 quibus
1643 2069 1739 2123 est
1768 2080 1895 2124 ma-

387 2159 560 2221 xima
601 2158 959 2242 turpitudo)
985 2177 1133 2222 eum
1173 2160 1521 2240 restringit,
1555 2160 1774 2241 sicque
1814 2160 1893 2223 ad

385 2266 568 2320 actus
603 2257 1012 2321 intellectivae
1040 2258 1240 2340 partis
1271 2276 1419 2320 eum
1450 2257 1752 2339 aptificat.
1783 2263 1897 2321 Re-

383 2358 814 2418 clinatorium
844 2376 1145 2427 aureum,
1178 2356 1242 2417 id
1274 2364 1369 2418 est
1397 2356 1890 2436 theologicarum

387 2456 704 2519 virtutum
756 2454 1218 2518 connexionem
1271 2474 1344 2517 ac
1393 2463 1889 2520 ornamentum:

387 2573 534 2637 quae
565 2553 838 2619 virtutes
869 2561 1018 2615 sunt
1045 2551 1272 2615 ceteris
1305 2550 1651 2632 dignioreS,
1687 2560 1751 2615 et
1784 2572 1896 2634 per

385 2672 492 2717 eas
543 2651 880 2735 potissime
929 2669 1204 2733 sponsus
1252 2650 1600 2731 requiescit
1648 2650 1714 2712 in
1761 2650 1898 2712 ani-

2004 1959 2092 2022 tia
2127 1978 2140 2021 ε
2175 1979 2319 2041 quae
2362 1959 2605 2023 scilicet
2651 1960 2715 2021 in
2748 1980 2815 2022 se
2862 1979 2988 2023 non
3027 1959 3364 2023 includunt
3401 1978 3499 2021 ra-

2005 2059 2246 2122 tionem
2300 2058 2553 2122 virtutis
2598 2064 2707 2120 aut
2750 2058 2915 2132 vitii,
2950 2076 3061 2120 seu
3104 2057 3315 2120 merit-i
3361 2057 3498 2121 sive

2003 2156 2331 2235 demeriti3
2364 2175 2507 2237 quae
2546 2164 2783 2233 tamen,
2818 2156 2870 2217 si
2905 2155 3070 2218 fiant
3106 2175 3183 2218 ex
3211 2156 3494 2234 caritate,

2003 2254 2287 2319 virtuosa
2332 2254 2785 2335 meritoriaque
2828 2254 3198 2317 redduntur.

2082 2356 2503 2431 Egredimini
2531 2364 2591 2415 et
2621 2355 2850 2423 videte,
2881 2358 3041 2429 fizioe
3072 2356 3259 2425 Sion,
3286 2372 3497 2431 reye‘m

2003 2457 2427 2515 Salomonem.
2455 2453 2622 2515 Istud
2651 2453 2829 2534 juxta
2858 2452 3315 2535 praeinductam
3347 2471 3501 2534 prae·

2006 2550 2292 2615 cedentis
2333 2551 2587 2614 articuli
2626 2551 3112 2633 expositionem,
3156 2550 3347 2630 dirigi
3389 2568 3501 2633 po-

2002 2658 2126 2714 test
2145 2650 2223 2713 ad
2246 2649 2601 2731 quamlibet
2619 2650 2897 2712 animam
2923 2648 3156 2713 Christi
3178 2667 3491 2731 sponsam.

1517 3074 2176 3161 ARTICULUS
2252 3076 2374 3160 XI

701 3351 1093 3398 BXPLANATIO
1135 3350 1406 3398 Emsnmt
1447 3347 1724 3395 GAPITULI
1765 3346 1988 3407 muru,
2031 3347 2111 3393 DE
2153 3346 2408 3395 cnmSTo
2449 3350 2524 3395 ΕΤ
2565 3350 2799 3397 SPONSA
2840 3350 3185 3399 sumnum.

467 3638 541 3698 N
572 3636 800 3695 lectulo
839 3652 976 3694 meo
999 3650 1121 3710 per
1153 3640 1360 3692 noctes
1394 3630 1668 3710 quoesivi
1695 3647 1882 3708 quem
1917 3626 1960 3689 C
1991 3626 2058 3686 ni
2096 3627 2202 3691 die
2238 3629 2305 3691 in
2344 3630 2663 3694 universis
2690 3632 3179 3695 charismatibus
3201 3632 3475 3717 Spiritus

481 3734 714 3811 diligit
769 3733 995 3793 anima
1047 3750 1210 3791 mea.
1265 3727 1546 3811 Sponsus
1606 3724 1882 3790 coelestis

388 3850 516 3895 non
550 3830 760 3894 solum
796 3829 1106 3912 quaeritur
1140 3827 1224 3890 ab
1264 3826 1379 3903 eiS,
1413 3826 1525 3907 qui
1557 3824 1884 3888 caritatem

349 3911 451 3995 'et
501 3929 772 4010 gratiam
824 3930 966 4009 ejus
1011 3927 1293 3989 nondum
1341 3923 1598 3997 habent,
1653 3924 1764 3985 sed
1805 3922 1886 3985 ab

114 4244 188 4287 Pa.
203 4259 286 4297 cuv,
301 4249 346 4290 4.

390 4030 489 4091 his
519 4046 802 4110 quoque,
836 4026 949 4107 qui
983 4026 1190 4107 ipsum
1222 4024 1354 4106 jam
1384 4024 1623 4086 habent
1651 4041 1764 4105 per
1793 4042 1889 4085 ca-

392 4127 644 4190 ritatem
695 4134 758 4189 et
812 4124 1104 4207 gratiam.
1157 4124 1300 4187 ldeo
1360 4123 1667 4205 scriptum
1724 4130 1819 4184 est
1869 4138 1883 4181 z

388 4225 660 4300 Quaerite
707 4222 937 4286 faciem
982 4224 1121 4303 ejus
1167 4240 1438 4303 semper.
1469 4220 1604 4282 Imo
1645 4219 1726 4281 ab
1776 4219 1886 4280 ha·

389 4322 690 4387 bentibus
729 4340 878 4384 eum
919 4320 1226 4403 quaeritur
1272 4319 1476 4381 multo
1513 4316 1885 4401 perfectius,

387 4420 810 4486 affectuosius
860 4429 923 4484 et
973 4419 1385 4495 fructuosiuS,
1438 4437 1629 4499 quam
1677 4437 1714 4479 a
1759 4435 1887 4480 non

387 4520 801 4584 habentibus,
852 4520 1070 4601 Itaque
1125 4518 1378 4580 habitus
1436 4516 1766 4599 quaeritur,
1820 4524 1890 4578 ut

388 4618 645 4702 plenius
709 4617 1042 4693 habeatur,
1080 4624 1144 4678 et
1195 4615 1538 4697 gratiosius
1585 4616 1773 4692 adsit,
1815 4634 1888 4678 ac

387 4736 504 4800 per
549 4715 774 4797 gratiae
822 4716 1216 4778 incrementa
1273 4713 1527 4777 assidue
1578 4713 1761 4795 quasi
1808 4713 1888 4776 de

1993 3725 2205 3789 Sancti
2236 3728 2387 3810 (nec
2418 3728 2589 3791 enim
2626 3731 2992 3811 unigenitus
3024 3740 3087 3794 et
3115 3731 3497 3795 liberalissi-

1994 3844 2136 3887 mus
2168 3835 2357 3908 atque
2389 3828 2719 3911 piissimus
2746 3830 2943 3892 Filius
2974 3832 3129 3913 ejuS,
3164 3839 3255 3895 tot
3280 3839 3493 3912 guttas

1997 3924 2269 4005 virginei
2302 3926 2481 3988 lactis
2519 3945 2596 3989 ex
2636 3925 2956 3991 deificatis
2996 3948 3125 3992 suae
3158 3929 3496 3993 dilectissi-

1997 4041 2117 4086 mae
2156 4024 2366 4086 Matris
2406 4025 2710 4087 uberibus
2751 4026 2935 4104 suxit,
2970 4034 3127 4109 quot
3166 4027 3494 4090 illustrati-

1998 4122 2231 4184 onibus
2279 4130 2343 4185 et
2392 4124 2587 4187 sacris
2638 4125 2995 4201 ardoribuS,
3034 4125 3492 4188 recentissimis

1998 4238 2255 4301 quoque
2297 4220 2773 4285 visitationibus
2818 4232 2877 4284 et
2919 4223 3240 4304 praeclaris
3280 4221 3493 4305 profe-

1999 4316 2207 4379 ctibus
2264 4319 2711 4381 electissimam
2768 4320 2905 4400 ejus
2959 4319 3237 4383 animam
3289 4322 3493 4384 adim-

1999 4415 2276 4497 plevit):
2321 4424 2562 4479 certum
2612 4424 2727 4491 est,
2761 4418 2931 4497 quod
2982 4416 3119 4499 ipsa
3165 4418 3491 4481 divinissi-

1999 4534 2102 4577 ma
2132 4524 2196 4577 et
2226 4514 2742 4597 spiritualissima
2768 4516 2983 4595 Virgo,
3014 4516 3079 4577 in
3111 4515 3343 4581 lectulo
3373 4536 3489 4580 suo

1999 4634 2127 4679 non
2163 4614 2369 4679 solum
2402 4613 2743 4695 spirituali,
2778 4614 3075 4679 videlicet
3103 4614 3491 4695 tranquillis-

2000 4714 2164 4776 sima
2202 4714 2301 4775 sui
2352 4712 2627 4795 pectoris
2672 4730 2847 4795 pace,
2890 4712 3003 4774 sed
3040 4711 3233 4774 etiam
3267 4729 3490 4794 corpo-

387 4833 557 4878 novo
604 4813 929 4889 adveniat,
975 4812 1195 4895 sicque
1243 4814 1495 4876 tandem
1545 4812 1886 4894 gloriosius
1921 4812 1970 4873 D
2000 4811 2141 4890 rali‚
2189 4811 2494 4873 dilectum
2544 4830 2729 4872 suum
2778 4828 2909 4891 prae
2955 4810 3184 4873 ceteris
3238 4810 3486 4873 cunctis

388 4911 796 4995 possideatur
836 4909 900 4972 in
942 4910 1165 4993 patria.
1201 4909 1403 4984 Quum
1449 4911 1644 4991 igitur
1686 4929 1890 4973 sacra-

389 5010 642 5073 tissima
669 5028 744 5072 ac
775 5008 1154 5072 suavissima
1187 5008 1400 5089 Virgo,
1434 5010 1728 5090 quamvis
1759 5028 1889 5071 ma-

390 5108 562 5172 xime
607 5106 990 5171 confirmata
1033 5108 1098 5168 in
1142 5107 1365 5186 gratia,
1405 5116 1617 5170 tamen
1660 5107 1888 5169 viatrix

392 5206 522 5269 fuit
579 5216 643 5269 et
703 5204 1192 5286 incomparabili
1240 5206 1466 5268 ardens
1523 5205 1885 5283 dilectione,

391 5302 928 5371 excellentissime
957 5321 1215 5385 quoque
1238 5303 1360 5365 fuit
1390 5303 1737 5387 proficiens
1767 5322 1893 5368 om-

1999 4908 2422 4973 inel'l'abilitcr
2456 4909 2804 4984 ardentiuS,
2842 4907 3262 4990 frequentiuS‚
3296 4908 3489 4972 stabi-

2002 5011 2149 5087 liuS‚
2192 5007 2708 5087 fructuosiusque
2751 5006 3095 5087 quaesierit,
3140 5005 3489 5069 intentissi-

1998 5128 2100 5172 me
2142 5106 2562 5189 dcprecand0‚
2608 5104 3081 5188 praecordialius
3126 5104 3490 5168 desideran-

1998 5210 2101 5282 do,
2127 5204 2468 5268 sublimius
2497 5203 3007 5285 contemplando,
3032 5202 3355 5283 copiosius
3385 5203 3490 5267 ob-

2001 5304 2284 5368 tinendo.

3626 2353 3688 2409 11
