<?xml version="1.0" encoding="UTF-8"?>
<!DOCTYPE html PUBLIC "-//W3C//DTD XHTML 1.0 Transitional//EN"
    "http://www.w3.org/TR/xhtml1/DTD/xhtml1-transitional.dtd">
<html xmlns="http://www.w3.org/1999/xhtml" xml:lang="en" lang="en">
 <head>
  <title>
</title>
<meta http-equiv="Content-Type" content="text/html;charset=utf-8" />
  <meta name='ocr-system' content='tesseract 3.04.00' />
  <meta name='ocr-capabilities' content='ocr_page ocr_carea ocr_par ocr_line ocrx_word'/>
</head>
<body>
  <div class='ocr_page' id='page_1' title='image "./doctorisecstati00denigoog_0553.png"; bbox 0 0 4284 6267; ppageno 0'>
   <div class='ocr_carea' id='block_1_1' title="bbox 816 498 937 563">
    <p class='ocr_par' dir='ltr' id='par_1_1' title="bbox 816 498 937 563">
     <span class='ocr_line' id='line_1_1' title="bbox 816 498 937 563; baseline 0 0"><span class='ocrx_word' id='word_1_1' title='bbox 816 498 937 563; x_wconf 73' lang='lat'><strong>472</strong></span> 
     </span>
    </p>
   </div>
   <div class='ocr_carea' id='block_1_2' title="bbox 1472 518 3250 567">
    <p class='ocr_par' dir='ltr' id='par_1_2' title="bbox 1472 518 3250 567">
     <span class='ocr_line' id='line_1_2' title="bbox 1472 518 3250 567; baseline 0.001 -2"><span class='ocrx_word' id='word_1_2' title='bbox 1472 518 1825 566; x_wconf 59' lang='lat' dir='ltr'><strong>tuamne</strong></span> <span class='ocrx_word' id='word_1_3' title='bbox 1866 519 1931 565; x_wconf 76' lang='lat' dir='ltr'><strong>m</strong></span> <span class='ocrx_word' id='word_1_4' title='bbox 1970 519 2111 566; x_wconf 76' lang='lat' dir='ltr'><strong>CAP.</strong></span> <span class='ocrx_word' id='word_1_5' title='bbox 2158 520 2226 565; x_wconf 84' lang='lat' dir='ltr'><strong>m</strong></span> <span class='ocrx_word' id='word_1_6' title='bbox 2267 519 2426 566; x_wconf 71' lang='lat' dir='ltr'><strong>Lm!</strong></span> <span class='ocrx_word' id='word_1_7' title='bbox 2469 519 2830 565; x_wconf 66' lang='lat' dir='ltr'><strong>sarm.</strong></span> <span class='ocrx_word' id='word_1_8' title='bbox 2873 540 2956 550; x_wconf 92' lang='lat'><strong>—</strong></span> <span class='ocrx_word' id='word_1_9' title='bbox 2991 522 3136 567; x_wconf 73' lang='lat' dir='ltr'><strong>m.</strong></span> <span class='ocrx_word' id='word_1_10' title='bbox 3181 522 3250 567; x_wconf 86' lang='lat' dir='ltr'><strong>m</strong></span> 
     </span>
    </p>
   </div>
   <div class='ocr_carea' id='block_1_3' title="bbox 622 687 4192 775">
    <p class='ocr_par' dir='ltr' id='par_1_3' title="bbox 622 687 4192 775">
     <span class='ocr_line' id='line_1_3' title="bbox 622 687 4192 775; baseline 0 -21"><span class='ocrx_word' id='word_1_11' title='bbox 622 698 695 754; x_wconf 77' lang='lat'><strong>¹3</strong></span> <span class='ocrx_word' id='word_1_12' title='bbox 898 692 1249 753; x_wconf 80' lang='lat' dir='ltr'><em>Maledicta</em></span> <span class='ocrx_word' id='word_1_13' title='bbox 1278 702 1577 752; x_wconf 82' lang='lat' dir='ltr'><strong>ereatura</strong></span> <span class='ocrx_word' id='word_1_14' title='bbox 1604 711 1853 761; x_wconf 83' lang='lat' dir='ltr'><strong>eorum,</strong></span> <span class='ocrx_word' id='word_1_15' title='bbox 1886 690 1949 754; x_wconf 89' lang='lat' dir='ltr'><strong>id</strong></span> <span class='ocrx_word' id='word_1_16' title='bbox 1980 699 2077 754; x_wconf 87' lang='lat' dir='ltr'><strong>est</strong></span> <span class='ocrx_word' id='word_1_17' title='bbox 2106 698 2316 773; x_wconf 81' lang='lat' dir='ltr'><strong>poste—</strong></span> <span class='ocrx_word' id='word_1_18' title='bbox 2342 687 2395 750; x_wconf 79' lang='lat' dir='ltr'>A</span> <span class='ocrx_word' id='word_1_19' title='bbox 2425 690 2814 754; x_wconf 80' lang='lat' dir='ltr'><strong>tricesimum</strong></span> <span class='ocrx_word' id='word_1_20' title='bbox 2861 712 2876 757; x_wconf 73' lang='grc' dir='ltr'><strong>ε</strong></span> <span class='ocrx_word' id='word_1_21' title='bbox 2917 691 3170 769; x_wconf 84' lang='lat' dir='ltr'><strong>Semen,</strong></span> <span class='ocrx_word' id='word_1_22' title='bbox 3211 693 3532 775; x_wconf 69' lang='lat' dir='ltr'><strong>inquiens»,</strong></span> <span class='ocrx_word' id='word_1_23' title='bbox 3579 694 3812 757; x_wconf 76' lang='lat' dir='ltr'><strong>cecidit</strong></span> <span class='ocrx_word' id='word_1_24' title='bbox 3841 694 3908 757; x_wconf 82' lang='lat' dir='ltr'><strong>in</strong></span> <span class='ocrx_word' id='word_1_25' title='bbox 3936 712 4192 761; x_wconf 56' lang='lat' dir='ltr'><strong>nattam.</strong></span> 
     </span>
    </p>
   </div>
   <div class='ocr_carea' id='block_1_4' title="bbox 522 787 2316 1861">
    <p class='ocr_par' dir='ltr' id='par_1_4' title="bbox 522 787 2316 1861">
     <span class='ocr_line' id='line_1_4' title="bbox 822 787 2316 875; baseline 0.005 -27"><span class='ocrx_word' id='word_1_26' title='bbox 822 787 999 864; x_wconf 84' lang='lat' dir='ltr'><strong>ritas,</strong></span> <span class='ocrx_word' id='word_1_27' title='bbox 1032 788 1167 851; x_wconf 85' lang='lat' dir='ltr'><strong>sive</strong></span> <span class='ocrx_word' id='word_1_28' title='bbox 1198 790 1531 853; x_wconf 81' lang='lat' dir='ltr'>domestici</span> <span class='ocrx_word' id='word_1_29' title='bbox 1562 791 1663 853; x_wconf 79' lang='lat' dir='ltr'><strong>vel</strong></span> <span class='ocrx_word' id='word_1_30' title='bbox 1700 793 1951 872; x_wconf 79' lang='lat' dir='ltr'>cognati</span> <span class='ocrx_word' id='word_1_31' title='bbox 1990 792 2316 875; x_wconf 87' lang='lat' dir='ltr'><strong>pertinen-</strong></span> 
     </span>
     <span class='ocr_line' id='line_1_5' title="bbox 522 888 2312 972; baseline 0.004 -27"><span class='ocrx_word' id='word_1_32' title='bbox 522 902 785 955; x_wconf 53' lang='grc' dir='ltr'><strong>ἡαπ-,π</strong></span> <span class='ocrx_word' id='word_1_33' title='bbox 820 892 915 948; x_wconf 88' lang='lat' dir='ltr'><strong>tes</strong></span> <span class='ocrx_word' id='word_1_34' title='bbox 960 888 1039 949; x_wconf 89' lang='lat' dir='ltr'><strong>ad</strong></span> <span class='ocrx_word' id='word_1_35' title='bbox 1098 906 1229 966; x_wconf 86' lang='lat' dir='ltr'><strong>eos,</strong></span> <span class='ocrx_word' id='word_1_36' title='bbox 1277 898 1339 951; x_wconf 88' lang='lat' dir='ltr'><strong>et</strong></span> <span class='ocrx_word' id='word_1_37' title='bbox 1384 889 1480 952; x_wconf 88' lang='lat' dir='ltr'><strong>eis</strong></span> <span class='ocrx_word' id='word_1_38' title='bbox 1520 890 1891 953; x_wconf 80' lang='lat' dir='ltr'><strong>consimiles</strong></span> <span class='ocrx_word' id='word_1_39' title='bbox 1932 912 1949 955; x_wconf 91' lang='lat'><strong>:</strong></span> <span class='ocrx_word' id='word_1_40' title='bbox 1994 892 2107 972; x_wconf 91' lang='lat' dir='ltr'><strong>qui</strong></span> <span class='ocrx_word' id='word_1_41' title='bbox 2165 910 2312 953; x_wconf 92' lang='lat' dir='ltr'><strong>cum</strong></span> 
     </span>
     <span class='ocr_line' id='line_1_6' title="bbox 818 986 2315 1071; baseline 0.004 -23"><span class='ocrx_word' id='word_1_42' title='bbox 818 986 1137 1067; x_wconf 83' lang='lat' dir='ltr'><strong>perversis</strong></span> <span class='ocrx_word' id='word_1_43' title='bbox 1184 996 1657 1070; x_wconf 83' lang='lat' dir='ltr'><strong>pervertuntur,</strong></span> <span class='ocrx_word' id='word_1_44' title='bbox 1704 998 1769 1051; x_wconf 91' lang='lat' dir='ltr'><strong>et</strong></span> <span class='ocrx_word' id='word_1_45' title='bbox 1808 990 2125 1071; x_wconf 87' lang='lat' dir='ltr'><strong>majorum</strong></span> <span class='ocrx_word' id='word_1_46' title='bbox 2171 1008 2315 1054; x_wconf 90' lang='lat' dir='ltr'><strong>suo-</strong></span> 
     </span>
     <span class='ocr_line' id='line_1_7' title="bbox 816 1088 2314 1169; baseline 0.003 -24"><span class='ocrx_word' id='word_1_47' title='bbox 816 1102 957 1145; x_wconf 82' lang='lat' dir='ltr'><strong>rum</strong></span> <span class='ocrx_word' id='word_1_48' title='bbox 1016 1094 1340 1149; x_wconf 87' lang='lat' dir='ltr'><strong>sectantur</strong></span> <span class='ocrx_word' id='word_1_49' title='bbox 1398 1106 1593 1169; x_wconf 85' lang='lat' dir='ltr'><strong>prava</strong></span> <span class='ocrx_word' id='word_1_50' title='bbox 1640 1088 1929 1167; x_wconf 83' lang='lat' dir='ltr'><strong>vestigia.</strong></span> <span class='ocrx_word' id='word_1_51' title='bbox 1990 1091 2314 1157; x_wconf 83' lang='lat' dir='ltr'><strong><em>Quoniam</em></strong></span> 
     </span>
     <span class='ocr_line' id='line_1_8' title="bbox 815 1184 2314 1269; baseline 0.005 -28"><span class='ocrx_word' id='word_1_52' title='bbox 815 1184 991 1260; x_wconf 71' lang='lat' dir='ltr'><strong>felix</strong></span> <span class='ocrx_word' id='word_1_53' title='bbox 1016 1186 1259 1245; x_wconf 75' lang='lat' dir='ltr'><strong>sterilis</strong></span> <span class='ocrx_word' id='word_1_54' title='bbox 1280 1196 1341 1246; x_wconf 87' lang='lat' dir='ltr'><strong>et</strong></span> <span class='ocrx_word' id='word_1_55' title='bbox 1364 1187 1865 1265; x_wconf 74' lang='lat' dir='ltr'><strong><em>incoinquinata</em></strong></span> <span class='ocrx_word' id='word_1_56' title='bbox 1886 1187 1993 1249; x_wconf 84' lang='lat' dir='ltr'><strong>:id</strong></span> <span class='ocrx_word' id='word_1_57' title='bbox 2024 1196 2145 1263; x_wconf 81' lang='lat' dir='ltr'><strong>est,</strong></span> <span class='ocrx_word' id='word_1_58' title='bbox 2169 1206 2314 1269; x_wconf 84' lang='lat' dir='ltr'><strong>quae</strong></span> 
     </span>
     <span class='ocr_line' id='line_1_9' title="bbox 818 1280 2314 1363; baseline 0.003 -21"><span class='ocrx_word' id='word_1_59' title='bbox 818 1280 1008 1344; x_wconf 88' lang='lat' dir='ltr'><strong>talem</strong></span> <span class='ocrx_word' id='word_1_60' title='bbox 1060 1301 1189 1348; x_wconf 89' lang='lat' dir='ltr'><strong>non</strong></span> <span class='ocrx_word' id='word_1_61' title='bbox 1248 1284 1438 1347; x_wconf 84' lang='lat' dir='ltr'><strong>babet</strong></span> <span class='ocrx_word' id='word_1_62' title='bbox 1486 1284 1795 1363; x_wconf 87' lang='lat' dir='ltr'><strong>sobolem,</strong></span> <span class='ocrx_word' id='word_1_63' title='bbox 1858 1284 2013 1349; x_wconf 81' lang='lat' dir='ltr'><strong>felix</strong></span> <span class='ocrx_word' id='word_1_64' title='bbox 2068 1296 2188 1362; x_wconf 86' lang='lat' dir='ltr'><strong>est,</strong></span> <span class='ocrx_word' id='word_1_65' title='bbox 2249 1294 2314 1347; x_wconf 90' lang='lat' dir='ltr'><strong>et</strong></span> 
     </span>
     <span class='ocr_line' id='line_1_10' title="bbox 820 1377 2310 1468; baseline 0.004 -28"><span class='ocrx_word' id='word_1_66' title='bbox 820 1377 1073 1445; x_wconf 86' lang='lat' dir='ltr'><strong>felicior</strong></span> <span class='ocrx_word' id='word_1_67' title='bbox 1100 1401 1295 1464; x_wconf 89' lang='lat' dir='ltr'><strong>quam</strong></span> <span class='ocrx_word' id='word_1_68' title='bbox 1336 1384 1387 1445; x_wconf 91' lang='lat' dir='ltr'><strong>si</strong></span> <span class='ocrx_word' id='word_1_69' title='bbox 1432 1382 1707 1446; x_wconf 87' lang='lat' dir='ltr'><strong>fecunda</strong></span> <span class='ocrx_word' id='word_1_70' title='bbox 1740 1394 1907 1447; x_wconf 88' lang='lat' dir='ltr'><strong>esset</strong></span> <span class='ocrx_word' id='word_1_71' title='bbox 1942 1384 2310 1468; x_wconf 85' lang='lat' dir='ltr'><strong>hujusmodi</strong></span> 
     </span>
     <span class='ocr_line' id='line_1_11' title="bbox 815 1478 2311 1562; baseline 0.005 -22"><span class='ocrx_word' id='word_1_72' title='bbox 815 1478 995 1561; x_wconf 89' lang='lat' dir='ltr'><strong>prole</strong></span> <span class='ocrx_word' id='word_1_73' title='bbox 1028 1496 1043 1541; x_wconf 72' lang='grc' dir='ltr'><em>τ</em></span> <span class='ocrx_word' id='word_1_74' title='bbox 1085 1483 1617 1562; x_wconf 77' lang='lat' dir='ltr'><strong>quemadmodum</strong></span> <span class='ocrx_word' id='word_1_75' title='bbox 1654 1493 1719 1547; x_wconf 91' lang='lat' dir='ltr'><strong>et</strong></span> <span class='ocrx_word' id='word_1_76' title='bbox 1760 1484 1827 1545; x_wconf 90' lang='lat' dir='ltr'><strong>in</strong></span> <span class='ocrx_word' id='word_1_77' title='bbox 1864 1482 2311 1547; x_wconf 77' lang='lat' dir='ltr'><strong>Ecclesiastico</strong></span> 
     </span>
     <span class='ocr_line' id='line_1_12' title="bbox 537 1578 2305 1660; baseline 0.006 -27"><span class='ocrx_word' id='word_1_78' title='bbox 537 1590 785 1643; x_wconf 61' lang='lat' dir='ltr'><strong>eatan..</strong></span> <span class='ocrx_word' id='word_1_79' title='bbox 816 1578 1126 1660; x_wconf 89' lang='lat' dir='ltr'><strong>scriptum</strong></span> <span class='ocrx_word' id='word_1_80' title='bbox 1169 1589 1287 1657; x_wconf 91' lang='lat' dir='ltr'><strong>est,</strong></span> <span class='ocrx_word' id='word_1_81' title='bbox 1320 1580 1539 1644; x_wconf 75' lang='lat' dir='ltr'><strong>Melius</strong></span> <span class='ocrx_word' id='word_1_82' title='bbox 1584 1591 1681 1644; x_wconf 88' lang='lat' dir='ltr'><strong>est</strong></span> <span class='ocrx_word' id='word_1_83' title='bbox 1724 1583 1887 1646; x_wconf 90' lang='lat' dir='ltr'><strong>mori</strong></span> <span class='ocrx_word' id='word_1_84' title='bbox 1932 1582 2073 1646; x_wconf 90' lang='lat' dir='ltr'><strong>sine</strong></span> <span class='ocrx_word' id='word_1_85' title='bbox 2120 1581 2305 1659; x_wconf 85' lang='lat' dir='ltr'><strong>filiis,</strong></span> 
     </span>
     <span class='ocr_line' id='line_1_13' title="bbox 814 1678 2300 1763; baseline 0.003 -25"><span class='ocrx_word' id='word_1_86' title='bbox 814 1694 1005 1757; x_wconf 89' lang='lat' dir='ltr'><strong>quam</strong></span> <span class='ocrx_word' id='word_1_87' title='bbox 1058 1678 1424 1761; x_wconf 79' lang='lat' dir='ltr'><strong>relinquere</strong></span> <span class='ocrx_word' id='word_1_88' title='bbox 1462 1690 1607 1762; x_wconf 91' lang='lat' dir='ltr'><strong>post</strong></span> <span class='ocrx_word' id='word_1_89' title='bbox 1650 1700 1719 1745; x_wconf 88' lang='lat' dir='ltr'><strong>se</strong></span> <span class='ocrx_word' id='word_1_90' title='bbox 1769 1680 1943 1745; x_wconf 88' lang='lat' dir='ltr'><strong>filios</strong></span> <span class='ocrx_word' id='word_1_91' title='bbox 2004 1700 2300 1763; x_wconf 82' lang='lat' dir='ltr'><strong>nequam.</strong></span> 
     </span>
     <span class='ocr_line' id='line_1_14' title="bbox 814 1772 2308 1861; baseline 0.003 -24"><span class='ocrx_word' id='word_1_92' title='bbox 814 1772 966 1837; x_wconf 86' lang='lat' dir='ltr'><strong>Nam</strong></span> <span class='ocrx_word' id='word_1_93' title='bbox 1006 1784 1071 1839; x_wconf 90' lang='lat' dir='ltr'><strong>et</strong></span> <span class='ocrx_word' id='word_1_94' title='bbox 1105 1787 1289 1861; x_wconf 85' lang='lat' dir='ltr'><strong>turpe</strong></span> <span class='ocrx_word' id='word_1_95' title='bbox 1316 1786 1412 1841; x_wconf 91' lang='lat' dir='ltr'><strong>est</strong></span> <span class='ocrx_word' id='word_1_96' title='bbox 1444 1780 1838 1861; x_wconf 79' lang='lat' dir='ltr'><strong>parentibuS,</strong></span> <span class='ocrx_word' id='word_1_97' title='bbox 1874 1788 2001 1842; x_wconf 89' lang='lat' dir='ltr'><strong>tam</strong></span> <span class='ocrx_word' id='word_1_98' title='bbox 2047 1780 2308 1842; x_wconf 90' lang='lat' dir='ltr'><strong>indisci-</strong></span> 
     </span>
    </p>
   </div>
   <div class='ocr_carea' id='block_1_5' title="bbox 2416 776 4192 1860">
    <p class='ocr_par' dir='ltr' id='par_1_5' title="bbox 2421 776 4192 1051">
     <span class='ocr_line' id='line_1_15' title="bbox 2421 776 4192 881; baseline 0.003 -30"><span class='ocrx_word' id='word_1_99' title='bbox 2421 798 2652 851; x_wconf 87' lang='lat' dir='ltr'><strong>terram</strong></span> <span class='ocrx_word' id='word_1_100' title='bbox 2702 788 2960 867; x_wconf 87' lang='lat' dir='ltr'><strong>bonam,</strong></span> <span class='ocrx_word' id='word_1_101' title='bbox 3011 798 3076 852; x_wconf 90' lang='lat' dir='ltr'><strong>et</strong></span> <span class='ocrx_word' id='word_1_102' title='bbox 3118 801 3354 868; x_wconf 88' lang='lat' dir='ltr'><strong>ortum,</strong></span> <span class='ocrx_word' id='word_1_103' title='bbox 3399 792 3552 855; x_wconf 83' lang='lat' dir='ltr'><strong>fecit</strong></span> <span class='ocrx_word' id='word_1_104' title='bbox 3603 792 3904 867; x_wconf 86' lang='lat' dir='ltr'><strong>fructum,</strong></span> <span class='ocrx_word' id='word_1_105' title='bbox 3935 776 4192 881; x_wconf 49' lang='lat' dir='ltr'><strong>{mm</strong></span> 
     </span>
     <span class='ocr_line' id='line_1_16' title="bbox 2421 887 3908 972; baseline 0.003 -21"><span class='ocrx_word' id='word_1_106' title='bbox 2421 887 2599 951; x_wconf 89' lang='lat' dir='ltr'><strong>aliud</strong></span> <span class='ocrx_word' id='word_1_107' title='bbox 2625 890 3066 966; x_wconf 87' lang='lat' dir='ltr'><strong>centesimum,</strong></span> <span class='ocrx_word' id='word_1_108' title='bbox 3089 890 3260 952; x_wconf 89' lang='lat' dir='ltr'><strong>aliud</strong></span> <span class='ocrx_word' id='word_1_109' title='bbox 3293 892 3774 972; x_wconf 87' lang='lat' dir='ltr'><strong>sexagesimum,</strong></span> <span class='ocrx_word' id='word_1_110' title='bbox 3799 892 3908 955; x_wconf 85' lang='lat' dir='ltr'><strong>ali·</strong></span> 
     </span>
     <span class='ocr_line' id='line_1_17' title="bbox 2423 986 2964 1051; baseline 0.002 -3"><span class='ocrx_word' id='word_1_111' title='bbox 2423 986 2510 1048; x_wconf 91' lang='lat' dir='ltr'><strong>ud</strong></span> <span class='ocrx_word' id='word_1_112' title='bbox 2547 987 2964 1051; x_wconf 87' lang='lat' dir='ltr'><strong>tricesimum.</strong></span> 
     </span>
    </p>

    <p class='ocr_par' dir='ltr' id='par_1_6' title="bbox 2416 1091 4100 1860">
     <span class='ocr_line' id='line_1_18' title="bbox 2521 1091 4100 1170; baseline 0.005 -20"><span class='ocrx_word' id='word_1_113' title='bbox 2521 1091 2606 1150; x_wconf 81' lang='lat' dir='ltr'><strong>Et</strong></span> <span class='ocrx_word' id='word_1_114' title='bbox 2657 1092 2880 1166; x_wconf 75' lang='lat' dir='ltr'><strong>spado,</strong></span> <span class='ocrx_word' id='word_1_115' title='bbox 2937 1092 3058 1170; x_wconf 79' lang='lat' dir='ltr'><strong>qui</strong></span> <span class='ocrx_word' id='word_1_116' title='bbox 3119 1111 3248 1151; x_wconf 83' lang='lat' dir='ltr'><strong>non</strong></span> <span class='ocrx_word' id='word_1_117' title='bbox 3307 1101 3606 1169; x_wconf 72' lang='lat' dir='ltr'><strong>operatus</strong></span> <span class='ocrx_word' id='word_1_118' title='bbox 3655 1102 3746 1153; x_wconf 74' lang='lat' dir='ltr'><strong>eat</strong></span> <span class='ocrx_word' id='word_1_119' title='bbox 3789 1110 3908 1169; x_wconf 83' lang='lat' dir='ltr'><strong>per</strong></span> <span class='ocrx_word' id='word_1_120' title='bbox 4032 1101 4100 1157; x_wconf 75' lang='lat' dir='ltr'><em>u</em></span> 
     </span>
     <span class='ocr_line' id='line_1_19' title="bbox 2421 1188 3908 1271; baseline 0.003 -25"><span class='ocrx_word' id='word_1_121' title='bbox 2421 1207 2654 1247; x_wconf 77' lang='lat' dir='ltr'><strong>manua</strong></span> <span class='ocrx_word' id='word_1_122' title='bbox 2693 1208 2872 1257; x_wconf 79' lang='lat' dir='ltr'><strong>suas,</strong></span> <span class='ocrx_word' id='word_1_123' title='bbox 2903 1188 2970 1250; x_wconf 87' lang='lat' dir='ltr'><strong>id</strong></span> <span class='ocrx_word' id='word_1_124' title='bbox 3015 1198 3112 1251; x_wconf 84' lang='lat' dir='ltr'><strong>est</strong></span> <span class='ocrx_word' id='word_1_125' title='bbox 3152 1190 3324 1251; x_wconf 80' lang='lat' dir='ltr'><strong>vires</strong></span> <span class='ocrx_word' id='word_1_126' title='bbox 3369 1190 3752 1271; x_wconf 59' lang='lat' dir='ltr'><strong>operativa,</strong></span> <span class='ocrx_word' id='word_1_127' title='bbox 3781 1192 3908 1251; x_wconf 72' lang='lat' dir='ltr'><strong>im·-</strong></span> 
     </span>
     <span class='ocr_line' id='line_1_20' title="bbox 2417 1286 3910 1368; baseline 0.004 -23"><span class='ocrx_word' id='word_1_128' title='bbox 2417 1288 2750 1365; x_wconf 83' lang='lat' dir='ltr'><strong>quitatem,</strong></span> <span class='ocrx_word' id='word_1_129' title='bbox 2793 1289 3114 1368; x_wconf 87' lang='lat' dir='ltr'><strong>peccando</strong></span> <span class='ocrx_word' id='word_1_130' title='bbox 3159 1287 3370 1350; x_wconf 78' lang='lat' dir='ltr'><strong>verbis</strong></span> <span class='ocrx_word' id='word_1_131' title='bbox 3405 1296 3514 1350; x_wconf 89' lang='lat' dir='ltr'><strong>aut</strong></span> <span class='ocrx_word' id='word_1_132' title='bbox 3557 1286 3766 1364; x_wconf 86' lang='lat' dir='ltr'><strong>factis,</strong></span> <span class='ocrx_word' id='word_1_133' title='bbox 3798 1310 3910 1350; x_wconf 79' lang='lat' dir='ltr'><strong>nec</strong></span> 
     </span>
     <span class='ocr_line' id='line_1_21' title="bbox 2418 1385 3908 1467; baseline 0.005 -25"><span class='ocrx_word' id='word_1_134' title='bbox 2418 1385 2728 1460; x_wconf 73' lang='lat' dir='ltr'><strong>ooyitavit</strong></span> <span class='ocrx_word' id='word_1_135' title='bbox 2773 1389 3082 1446; x_wconf 73' lang='lat' dir='ltr'><strong>adversus</strong></span> <span class='ocrx_word' id='word_1_136' title='bbox 3125 1390 3333 1449; x_wconf 83' lang='lat' dir='ltr'><strong>Deum</strong></span> <span class='ocrx_word' id='word_1_137' title='bbox 3381 1389 3796 1467; x_wconf 68' lang='lat' dir='ltr'><strong>neqm‘ssima,</strong></span> <span class='ocrx_word' id='word_1_138' title='bbox 3845 1386 3908 1449; x_wconf 89' lang='lat' dir='ltr'><strong>id</strong></span> 
     </span>
     <span class='ocr_line' id='line_1_22' title="bbox 2418 1483 3910 1567; baseline 0.003 -24"><span class='ocrx_word' id='word_1_139' title='bbox 2418 1489 2537 1556; x_wconf 90' lang='lat' dir='ltr'><strong>est,</strong></span> <span class='ocrx_word' id='word_1_140' title='bbox 2571 1501 2688 1563; x_wconf 91' lang='lat' dir='ltr'><strong>per</strong></span> <span class='ocrx_word' id='word_1_141' title='bbox 2713 1483 3130 1563; x_wconf 87' lang='lat' dir='ltr'><strong>cogitationes</strong></span> <span class='ocrx_word' id='word_1_142' title='bbox 3159 1504 3388 1567; x_wconf 83' lang='lat' dir='ltr'><strong>pravas</strong></span> <span class='ocrx_word' id='word_1_143' title='bbox 3417 1485 3614 1548; x_wconf 88' lang='lat' dir='ltr'><strong>Deum</strong></span> <span class='ocrx_word' id='word_1_144' title='bbox 3657 1504 3782 1549; x_wconf 87' lang='lat' dir='ltr'><strong>non</strong></span> <span class='ocrx_word' id='word_1_145' title='bbox 3813 1484 3910 1550; x_wconf 92' lang='lat' dir='ltr'><strong>of—</strong></span> 
     </span>
     <span class='ocr_line' id='line_1_23' title="bbox 2419 1577 3912 1665; baseline 0.005 -25"><span class='ocrx_word' id='word_1_146' title='bbox 2419 1577 2645 1657; x_wconf 85' lang='lat' dir='ltr'><strong>fendit,</strong></span> <span class='ocrx_word' id='word_1_147' title='bbox 2670 1581 2948 1646; x_wconf 87' lang='lat' dir='ltr'><strong>dolendo</strong></span> <span class='ocrx_word' id='word_1_148' title='bbox 2975 1582 3056 1646; x_wconf 89' lang='lat' dir='ltr'><strong>de</strong></span> <span class='ocrx_word' id='word_1_149' title='bbox 3086 1584 3462 1665; x_wconf 84' lang='lat' dir='ltr'><strong>impotentia</strong></span> <span class='ocrx_word' id='word_1_150' title='bbox 3493 1604 3626 1659; x_wconf 90' lang='lat' dir='ltr'><strong>sua,</strong></span> <span class='ocrx_word' id='word_1_151' title='bbox 3649 1594 3714 1647; x_wconf 86' lang='lat' dir='ltr'><strong>et</strong></span> <span class='ocrx_word' id='word_1_152' title='bbox 3743 1585 3912 1647; x_wconf 85' lang='lat' dir='ltr'><strong>volu-</strong></span> 
     </span>
     <span class='ocr_line' id='line_1_24' title="bbox 2416 1681 3912 1765; baseline 0.003 -25"><span class='ocrx_word' id='word_1_153' title='bbox 2416 1686 2620 1760; x_wconf 87' lang='lat' dir='ltr'><strong>ptates</strong></span> <span class='ocrx_word' id='word_1_154' title='bbox 2649 1681 2952 1762; x_wconf 79' lang='lat' dir='ltr'><strong>optanda.</strong></span> <span class='ocrx_word' id='word_1_155' title='bbox 2977 1682 3210 1745; x_wconf 90' lang='lat' dir='ltr'><strong>Dicitur</strong></span> <span class='ocrx_word' id='word_1_156' title='bbox 3235 1682 3530 1764; x_wconf 79' lang='lat' dir='ltr'><strong>equidem</strong></span> <span class='ocrx_word' id='word_1_157' title='bbox 3561 1684 3776 1765; x_wconf 86' lang='lat' dir='ltr'><strong>spado,</strong></span> <span class='ocrx_word' id='word_1_158' title='bbox 3803 1683 3912 1745; x_wconf 89' lang='lat' dir='ltr'><strong>im-</strong></span> 
     </span>
     <span class='ocr_line' id='line_1_25' title="bbox 2416 1782 3912 1860; baseline 0.003 -20"><span class='ocrx_word' id='word_1_159' title='bbox 2416 1786 2642 1860; x_wconf 85' lang='lat' dir='ltr'><strong>potens</strong></span> <span class='ocrx_word' id='word_1_160' title='bbox 2671 1782 2958 1859; x_wconf 87' lang='lat' dir='ltr'><strong>coeundi,</strong></span> <span class='ocrx_word' id='word_1_161' title='bbox 2983 1801 3096 1844; x_wconf 88' lang='lat' dir='ltr'><strong>seu</strong></span> <span class='ocrx_word' id='word_1_162' title='bbox 3123 1782 3452 1845; x_wconf 90' lang='lat' dir='ltr'><strong>eunuchus</strong></span> <span class='ocrx_word' id='word_1_163' title='bbox 3479 1790 3788 1845; x_wconf 89' lang='lat' dir='ltr'><strong>castratus</strong></span> <span class='ocrx_word' id='word_1_164' title='bbox 3811 1801 3826 1845; x_wconf 91' lang='lat'>:</span> <span class='ocrx_word' id='word_1_165' title='bbox 3849 1792 3912 1845; x_wconf 90' lang='lat' dir='ltr'><strong>et</strong></span> 
     </span>
    </p>
   </div>
   <div class='ocr_carea' id='block_1_6' title="bbox 813 1872 3908 1961">
    <p class='ocr_par' dir='ltr' id='par_1_7' title="bbox 813 1872 3908 1961">
     <span class='ocr_line' id='line_1_26' title="bbox 813 1872 3908 1961; baseline 0.003 -26"><span class='ocrx_word' id='word_1_166' title='bbox 813 1872 1123 1955; x_wconf 88' lang='lat' dir='ltr'><strong>plinatam</strong></span> <span class='ocrx_word' id='word_1_167' title='bbox 1156 1884 1221 1939; x_wconf 92' lang='lat' dir='ltr'><strong>et</strong></span> <span class='ocrx_word' id='word_1_168' title='bbox 1260 1876 1555 1940; x_wconf 87' lang='lat' dir='ltr'><strong>vitiosam</strong></span> <span class='ocrx_word' id='word_1_169' title='bbox 1586 1878 1821 1942; x_wconf 85' lang='lat' dir='ltr'><strong>habere</strong></span> <span class='ocrx_word' id='word_1_170' title='bbox 1850 1878 2119 1959; x_wconf 87' lang='lat' dir='ltr'><strong>prolem,</strong></span> <span class='ocrx_word' id='word_1_171' title='bbox 2153 1897 2308 1960; x_wconf 84' lang='lat' dir='ltr'><strong>prae-</strong></span> <span class='ocrx_word' id='word_1_172' title='bbox 2342 1873 2390 1935; x_wconf 92' lang='lat' dir='ltr'><strong>B</strong></span> <span class='ocrx_word' id='word_1_173' title='bbox 2419 1876 2576 1941; x_wconf 88' lang='lat' dir='ltr'><strong>tales</strong></span> <span class='ocrx_word' id='word_1_174' title='bbox 2601 1880 2985 1960; x_wconf 89' lang='lat' dir='ltr'><strong>quandoque</strong></span> <span class='ocrx_word' id='word_1_175' title='bbox 3007 1880 3288 1961; x_wconf 78' lang='lat' dir='ltr'><strong>corrupti</strong></span> <span class='ocrx_word' id='word_1_176' title='bbox 3311 1899 3388 1943; x_wconf 88' lang='lat' dir='ltr'><strong>ac</strong></span> <span class='ocrx_word' id='word_1_177' title='bbox 3413 1879 3740 1943; x_wconf 86' lang='lat' dir='ltr'><strong>libidinosi</strong></span> <span class='ocrx_word' id='word_1_178' title='bbox 3765 1890 3908 1943; x_wconf 90' lang='lat' dir='ltr'><strong>sunt</strong></span> 
     </span>
    </p>
   </div>
   <div class='ocr_carea' id='block_1_7' title="bbox 810 1973 2312 3047">
    <p class='ocr_par' dir='ltr' id='par_1_8' title="bbox 810 1973 2312 2729">
     <span class='ocr_line' id='line_1_27' title="bbox 810 1973 2309 2059; baseline 0.003 -24"><span class='ocrx_word' id='word_1_179' title='bbox 810 1973 1030 2036; x_wconf 87' lang='lat' dir='ltr'><strong>sertim</strong></span> <span class='ocrx_word' id='word_1_180' title='bbox 1056 1976 1211 2037; x_wconf 90' lang='lat' dir='ltr'><strong>dum</strong></span> <span class='ocrx_word' id='word_1_181' title='bbox 1236 1993 1314 2037; x_wconf 87' lang='lat' dir='ltr'><strong>cx</strong></span> <span class='ocrx_word' id='word_1_182' title='bbox 1334 1986 1673 2059; x_wconf 90' lang='lat' dir='ltr'><strong>parentum</strong></span> <span class='ocrx_word' id='word_1_183' title='bbox 1694 1976 2083 2059; x_wconf 79' lang='lat' dir='ltr'><strong>negligentia</strong></span> <span class='ocrx_word' id='word_1_184' title='bbox 2103 1978 2309 2040; x_wconf 89' lang='lat' dir='ltr'><strong>oritur</strong></span> 
     </span>
     <span class='ocr_line' id='line_1_28' title="bbox 812 2070 2302 2139; baseline 0.003 -6"><span class='ocrx_word' id='word_1_185' title='bbox 812 2070 1131 2135; x_wconf 89' lang='lat' dir='ltr'><strong>infrenata</strong></span> <span class='ocrx_word' id='word_1_186' title='bbox 1170 2072 1415 2137; x_wconf 88' lang='lat' dir='ltr'><strong>malitia</strong></span> <span class='ocrx_word' id='word_1_187' title='bbox 1442 2074 1705 2139; x_wconf 83' lang='lat' dir='ltr'><strong>sobolis.</strong></span> <span class='ocrx_word' id='word_1_188' title='bbox 1738 2076 1813 2138; x_wconf 89' lang='lat' dir='ltr'><strong>Et</strong></span> <span class='ocrx_word' id='word_1_189' title='bbox 1848 2074 1997 2139; x_wconf 90' lang='lat' dir='ltr'><strong>inde</strong></span> <span class='ocrx_word' id='word_1_190' title='bbox 2028 2074 2302 2139; x_wconf 90' lang='lat' dir='ltr'><strong>multum</strong></span> 
     </span>
     <span class='ocr_line' id='line_1_29' title="bbox 811 2171 2312 2256; baseline 0.002 -23"><span class='ocrx_word' id='word_1_191' title='bbox 811 2171 1149 2251; x_wconf 78' lang='lat' dir='ltr'><strong>augebitur</strong></span> <span class='ocrx_word' id='word_1_192' title='bbox 1176 2182 1511 2255; x_wconf 87' lang='lat' dir='ltr'><strong>parentum</strong></span> <span class='ocrx_word' id='word_1_193' title='bbox 1535 2175 1881 2249; x_wconf 88' lang='lat' dir='ltr'><strong>damnatio,</strong></span> <span class='ocrx_word' id='word_1_194' title='bbox 1902 2174 1969 2237; x_wconf 92' lang='lat' dir='ltr'><strong>in</strong></span> <span class='ocrx_word' id='word_1_195' title='bbox 1999 2193 2162 2256; x_wconf 91' lang='lat' dir='ltr'><strong>quos</strong></span> <span class='ocrx_word' id='word_1_196' title='bbox 2195 2176 2312 2237; x_wconf 91' lang='lat' dir='ltr'><strong>uti-</strong></span> 
     </span>
     <span class='ocr_line' id='line_1_30' title="bbox 812 2269 2306 2355; baseline 0.003 -23"><span class='ocrx_word' id='word_1_197' title='bbox 812 2287 940 2352; x_wconf 87' lang='lat' dir='ltr'><strong>que</strong></span> <span class='ocrx_word' id='word_1_198' title='bbox 996 2269 1283 2335; x_wconf 86' lang='lat' dir='ltr'><strong>filiorum</strong></span> <span class='ocrx_word' id='word_1_199' title='bbox 1341 2273 1701 2336; x_wconf 89' lang='lat' dir='ltr'><strong>redundant</strong></span> <span class='ocrx_word' id='word_1_200' title='bbox 1768 2282 2047 2355; x_wconf 86' lang='lat' dir='ltr'><strong>peccata.</strong></span> <span class='ocrx_word' id='word_1_201' title='bbox 2108 2273 2306 2349; x_wconf 81' lang='lat' dir='ltr'><strong>Felix,</strong></span> 
     </span>
     <span class='ocr_line' id='line_1_31' title="bbox 812 2368 2312 2451; baseline 0.003 -21"><span class='ocrx_word' id='word_1_202' title='bbox 812 2368 1089 2451; x_wconf 87' lang='lat' dir='ltr'><strong>inquam,</strong></span> <span class='ocrx_word' id='word_1_203' title='bbox 1113 2370 1367 2447; x_wconf 86' lang='lat' dir='ltr'><strong>sterilis,</strong></span> <span class='ocrx_word' id='word_1_204' title='bbox 1388 2371 1737 2435; x_wconf 91' lang='lat' dir='ltr'><strong>dummodo</strong></span> <span class='ocrx_word' id='word_1_205' title='bbox 1764 2371 2025 2435; x_wconf 86' lang='lat' dir='ltr'><strong>aliunde</strong></span> <span class='ocrx_word' id='word_1_206' title='bbox 2055 2390 2184 2435; x_wconf 88' lang='lat' dir='ltr'><strong>non</strong></span> <span class='ocrx_word' id='word_1_207' title='bbox 2214 2391 2312 2435; x_wconf 88' lang='lat' dir='ltr'><strong>ex-</strong></span> 
     </span>
     <span class='ocr_line' id='line_1_32' title="bbox 814 2466 2312 2551; baseline 0.001 -22"><span class='ocrx_word' id='word_1_208' title='bbox 814 2466 999 2529; x_wconf 81' lang='lat' dir='ltr'><strong>sistat</strong></span> <span class='ocrx_word' id='word_1_209' title='bbox 1024 2466 1389 2549; x_wconf 89' lang='lat' dir='ltr'><strong>culpabilis.</strong></span> <span class='ocrx_word' id='word_1_210' title='bbox 1413 2468 1749 2551; x_wconf 82' lang='lat' dir='ltr'><strong>Propterea</strong></span> <span class='ocrx_word' id='word_1_211' title='bbox 1777 2468 2064 2533; x_wconf 88' lang='lat' dir='ltr'><strong>additum</strong></span> <span class='ocrx_word' id='word_1_212' title='bbox 2092 2477 2211 2545; x_wconf 90' lang='lat' dir='ltr'><strong>est,</strong></span> <span class='ocrx_word' id='word_1_213' title='bbox 2235 2470 2312 2531; x_wconf 89' lang='lat' dir='ltr'><strong>Et</strong></span> 
     </span>
     <span class='ocr_line' id='line_1_33' title="bbox 815 2565 2311 2648; baseline 0.001 -19"><span class='ocrx_word' id='word_1_214' title='bbox 815 2565 1323 2648; x_wconf 86' lang='lat' dir='ltr'><strong>incoinquinata,</strong></span> <span class='ocrx_word' id='word_1_215' title='bbox 1378 2567 1437 2631; x_wconf 92' lang='lat' dir='ltr'><strong>id</strong></span> <span class='ocrx_word' id='word_1_216' title='bbox 1496 2578 1593 2631; x_wconf 90' lang='lat' dir='ltr'><strong>est</strong></span> <span class='ocrx_word' id='word_1_217' title='bbox 1645 2568 1903 2633; x_wconf 86' lang='lat' dir='ltr'><strong>mortali</strong></span> <span class='ocrx_word' id='word_1_218' title='bbox 1961 2568 2120 2632; x_wconf 87' lang='lat' dir='ltr'><strong>vitio</strong></span> <span class='ocrx_word' id='word_1_219' title='bbox 2181 2588 2311 2632; x_wconf 91' lang='lat' dir='ltr'><strong>non</strong></span> 
     </span>
     <span class='ocr_line' id='line_1_34' title="bbox 816 2666 1076 2729; baseline 0.004 -2"><span class='ocrx_word' id='word_1_220' title='bbox 816 2666 1076 2729; x_wconf 85' lang='lat' dir='ltr'><strong>l&#39;oedata.</strong></span> 
     </span>
    </p>

    <p class='ocr_par' dir='ltr' id='par_1_9' title="bbox 814 2766 2312 3047">
     <span class='ocr_line' id='line_1_35' title="bbox 912 2766 2308 2845; baseline 0.001 -16"><span class='ocrx_word' id='word_1_221' title='bbox 912 2770 1065 2837; x_wconf 81' lang='lat' dir='ltr'><strong>Quoe</strong></span> <span class='ocrx_word' id='word_1_222' title='bbox 1100 2768 1368 2828; x_wconf 74' lang='lat' dir='ltr'><strong>nescivit</strong></span> <span class='ocrx_word' id='word_1_223' title='bbox 1412 2777 1624 2829; x_wconf 83' lang='lat' dir='ltr'><strong>torum</strong></span> <span class='ocrx_word' id='word_1_224' title='bbox 1670 2768 1745 2829; x_wconf 81' lang='lat' dir='ltr'><strong>in</strong></span> <span class='ocrx_word' id='word_1_225' title='bbox 1784 2769 2041 2839; x_wconf 78' lang='lat' dir='ltr'><strong>delicto,</strong></span> <span class='ocrx_word' id='word_1_226' title='bbox 2085 2766 2153 2829; x_wconf 92' lang='lat' dir='ltr'><strong>id</strong></span> <span class='ocrx_word' id='word_1_227' title='bbox 2191 2776 2308 2845; x_wconf 89' lang='lat' dir='ltr'><strong>est,</strong></span> 
     </span>
     <span class='ocr_line' id='line_1_36' title="bbox 814 2864 2312 2941; baseline -0.001 -12"><span class='ocrx_word' id='word_1_228' title='bbox 814 2864 1202 2929; x_wconf 86' lang='lat' dir='ltr'><strong>adulterium</strong></span> <span class='ocrx_word' id='word_1_229' title='bbox 1255 2884 1383 2930; x_wconf 91' lang='lat' dir='ltr'><strong>non</strong></span> <span class='ocrx_word' id='word_1_230' title='bbox 1436 2866 1780 2941; x_wconf 87' lang='lat' dir='ltr'><strong>commisit,</strong></span> <span class='ocrx_word' id='word_1_231' title='bbox 1833 2866 1936 2929; x_wconf 87' lang='lat' dir='ltr'><strong>vel</strong></span> <span class='ocrx_word' id='word_1_232' title='bbox 1990 2866 2312 2930; x_wconf 88' lang='lat' dir='ltr'><strong>carnalem</strong></span> 
     </span>
     <span class='ocr_line' id='line_1_37' title="bbox 816 2963 2308 3047; baseline 0 -19"><span class='ocrx_word' id='word_1_233' title='bbox 816 2963 1347 3046; x_wconf 85' lang='lat' dir='ltr'><strong>conjugalemque</strong></span> <span class='ocrx_word' id='word_1_234' title='bbox 1389 2964 1681 3047; x_wconf 90' lang='lat' dir='ltr'><strong>copulam</strong></span> <span class='ocrx_word' id='word_1_235' title='bbox 1726 2984 1855 3028; x_wconf 93' lang='lat' dir='ltr'><strong>non</strong></span> <span class='ocrx_word' id='word_1_236' title='bbox 1900 2973 1996 3028; x_wconf 89' lang='lat' dir='ltr'><strong>est</strong></span> <span class='ocrx_word' id='word_1_237' title='bbox 2030 2974 2308 3047; x_wconf 86' lang='lat' dir='ltr'><strong>experta,</strong></span> 
     </span>
    </p>
   </div>
   <div class='ocr_carea' id='block_1_8' title="bbox 2417 1978 4196 3045">
    <p class='ocr_par' dir='ltr' id='par_1_10' title="bbox 2417 1978 4196 3045">
     <span class='ocr_line' id='line_1_38' title="bbox 2418 1978 4196 2061; baseline 0.006 -24"><span class='ocrx_word' id='word_1_238' title='bbox 2418 1985 2652 2054; x_wconf 90' lang='lat' dir='ltr'><strong>mente,</strong></span> <span class='ocrx_word' id='word_1_239' title='bbox 2687 1978 2854 2041; x_wconf 89' lang='lat' dir='ltr'><strong>sicut</strong></span> <span class='ocrx_word' id='word_1_240' title='bbox 2883 1978 2950 2041; x_wconf 92' lang='lat' dir='ltr'><strong>in</strong></span> <span class='ocrx_word' id='word_1_241' title='bbox 2981 1978 3420 2043; x_wconf 87' lang='lat' dir='ltr'><strong>Ecclesiastico</strong></span> <span class='ocrx_word' id='word_1_242' title='bbox 3449 1980 3679 2060; x_wconf 81' lang='lat' dir='ltr'><strong>legitur</strong></span> <span class='ocrx_word' id='word_1_243' title='bbox 3711 2000 3728 2043; x_wconf 89' lang='lat'><strong>:</strong></span> <span class='ocrx_word' id='word_1_244' title='bbox 3763 1978 3912 2061; x_wconf 83' lang='lat' dir='ltr'><strong>Spa-</strong></span> <span class='ocrx_word' id='word_1_245' title='bbox 3951 2000 4196 2047; x_wconf 59' lang='lat' dir='ltr'><strong>ceolam.</strong></span> 
     </span>
     <span class='ocr_line' id='line_1_39' title="bbox 2417 2066 4009 2162; baseline 0.003 -26"><span class='ocrx_word' id='word_1_246' title='bbox 2417 2075 2500 2138; x_wconf 91' lang='lat' dir='ltr'><strong>do</strong></span> <span class='ocrx_word' id='word_1_247' title='bbox 2531 2076 2965 2159; x_wconf 89' lang='lat' dir='ltr'><strong>complectens</strong></span> <span class='ocrx_word' id='word_1_248' title='bbox 2995 2078 3325 2157; x_wconf 84' lang='lat' dir='ltr'><strong>virginem,</strong></span> <span class='ocrx_word' id='word_1_249' title='bbox 3349 2087 3415 2141; x_wconf 89' lang='lat' dir='ltr'><strong>et</strong></span> <span class='ocrx_word' id='word_1_250' title='bbox 3441 2078 3788 2162; x_wconf 88' lang='lat' dir='ltr'><strong>suspirans.</strong></span> <span class='ocrx_word' id='word_1_251' title='bbox 3809 2078 3914 2141; x_wconf 88' lang='lat' dir='ltr'><strong>Ta·</strong></span> <span class='ocrx_word' id='word_1_252' title='bbox 3939 2066 4009 2107; x_wconf 78' lang='lat'><strong>²¹·</strong></span> 
     </span>
     <span class='ocr_line' id='line_1_40' title="bbox 2420 2172 3915 2260; baseline 0.003 -26"><span class='ocrx_word' id='word_1_253' title='bbox 2420 2172 2524 2249; x_wconf 84' lang='lat' dir='ltr'><strong>lis,</strong></span> <span class='ocrx_word' id='word_1_254' title='bbox 2562 2173 2850 2255; x_wconf 91' lang='lat' dir='ltr'><strong>inquam,</strong></span> <span class='ocrx_word' id='word_1_255' title='bbox 2897 2176 3095 2257; x_wconf 89' lang='lat' dir='ltr'><strong>spado</strong></span> <span class='ocrx_word' id='word_1_256' title='bbox 3123 2185 3219 2239; x_wconf 89' lang='lat' dir='ltr'><strong>est</strong></span> <span class='ocrx_word' id='word_1_257' title='bbox 3249 2175 3424 2253; x_wconf 86' lang='lat' dir='ltr'><strong>felix,</strong></span> <span class='ocrx_word' id='word_1_258' title='bbox 3465 2176 3758 2260; x_wconf 82' lang='lat' dir='ltr'><strong>quamvis</strong></span> <span class='ocrx_word' id='word_1_259' title='bbox 3785 2195 3915 2240; x_wconf 86' lang='lat' dir='ltr'><strong>cor-</strong></span> 
     </span>
     <span class='ocr_line' id='line_1_41' title="bbox 2419 2272 3914 2357; baseline 0.003 -22"><span class='ocrx_word' id='word_1_260' title='bbox 2419 2272 2728 2354; x_wconf 86' lang='lat' dir='ltr'><strong>poraliter</strong></span> <span class='ocrx_word' id='word_1_261' title='bbox 2769 2273 3049 2353; x_wconf 82' lang='lat' dir='ltr'><strong>sterilis3</strong></span> <span class='ocrx_word' id='word_1_262' title='bbox 3099 2284 3326 2357; x_wconf 89' lang='lat' dir='ltr'><strong>estque</strong></span> <span class='ocrx_word' id='word_1_263' title='bbox 3373 2274 3622 2339; x_wconf 78' lang='lat' dir='ltr'><strong>felicior</strong></span> <span class='ocrx_word' id='word_1_264' title='bbox 3668 2274 3914 2339; x_wconf 83' lang='lat' dir='ltr'><strong>vitiosis</strong></span> 
     </span>
     <span class='ocr_line' id='line_1_42' title="bbox 2423 2371 3913 2455; baseline 0.002 -23"><span class='ocrx_word' id='word_1_265' title='bbox 2423 2371 2796 2452; x_wconf 86' lang='lat' dir='ltr'><strong>parentibus</strong></span> <span class='ocrx_word' id='word_1_266' title='bbox 2845 2372 3079 2437; x_wconf 87' lang='lat' dir='ltr'><strong>sobolis</strong></span> <span class='ocrx_word' id='word_1_267' title='bbox 3125 2392 3357 2455; x_wconf 83' lang='lat' dir='ltr'><strong>pravae.</strong></span> <span class='ocrx_word' id='word_1_268' title='bbox 3409 2375 3692 2435; x_wconf 79' lang='lat' dir='ltr'><strong>Dabitur</strong></span> <span class='ocrx_word' id='word_1_269' title='bbox 3739 2375 3913 2435; x_wconf 77' lang='lat' dir='ltr'><strong>enim</strong></span> 
     </span>
     <span class='ocr_line' id='line_1_43' title="bbox 2421 2471 3912 2553; baseline 0.003 -25"><span class='ocrx_word' id='word_1_270' title='bbox 2421 2471 2532 2529; x_wconf 81' lang='lat' dir='ltr'><strong>illi</strong></span> <span class='ocrx_word' id='word_1_271' title='bbox 2547 2472 2709 2547; x_wconf 76' lang='lat' dir='ltr'><strong>fidei</strong></span> <span class='ocrx_word' id='word_1_272' title='bbox 2733 2474 2980 2533; x_wconf 80' lang='lat' dir='ltr'><strong>donum</strong></span> <span class='ocrx_word' id='word_1_273' title='bbox 3009 2476 3302 2544; x_wconf 84' lang='lat' dir='ltr'><strong>electum,</strong></span> <span class='ocrx_word' id='word_1_274' title='bbox 3325 2472 3390 2535; x_wconf 89' lang='lat' dir='ltr'><strong>id</strong></span> <span class='ocrx_word' id='word_1_275' title='bbox 3419 2480 3516 2534; x_wconf 89' lang='lat' dir='ltr'><strong>est</strong></span> <span class='ocrx_word' id='word_1_276' title='bbox 3541 2472 3912 2553; x_wconf 81' lang='lat' dir='ltr'><strong>praeclarum</strong></span> 
     </span>
     <span class='ocr_line' id='line_1_44' title="bbox 2423 2568 3916 2652; baseline 0.003 -23"><span class='ocrx_word' id='word_1_277' title='bbox 2423 2586 2657 2630; x_wconf 91' lang='lat' dir='ltr'><strong>munus</strong></span> <span class='ocrx_word' id='word_1_278' title='bbox 2698 2568 2994 2651; x_wconf 88' lang='lat' dir='ltr'><strong>puritatis</strong></span> <span class='ocrx_word' id='word_1_279' title='bbox 3026 2570 3294 2634; x_wconf 80' lang='lat' dir='ltr'><strong>internoe</strong></span> <span class='ocrx_word' id='word_1_280' title='bbox 3319 2590 3392 2633; x_wconf 88' lang='lat' dir='ltr'><strong>ae</strong></span> <span class='ocrx_word' id='word_1_281' title='bbox 3421 2569 3744 2633; x_wconf 90' lang='lat' dir='ltr'><strong>interioris</strong></span> <span class='ocrx_word' id='word_1_282' title='bbox 3772 2588 3916 2652; x_wconf 87' lang='lat' dir='ltr'><strong>pro-</strong></span> 
     </span>
     <span class='ocr_line' id='line_1_45' title="bbox 2425 2666 3915 2751; baseline 0.002 -23"><span class='ocrx_word' id='word_1_283' title='bbox 2425 2666 2651 2743; x_wconf 79' lang='lat' dir='ltr'><strong>fectuS,</strong></span> <span class='ocrx_word' id='word_1_284' title='bbox 2686 2668 2762 2729; x_wconf 90' lang='lat' dir='ltr'><strong>ad</strong></span> <span class='ocrx_word' id='word_1_285' title='bbox 2806 2669 2978 2749; x_wconf 90' lang='lat' dir='ltr'><strong>quod</strong></span> <span class='ocrx_word' id='word_1_286' title='bbox 3009 2688 3123 2750; x_wconf 92' lang='lat' dir='ltr'><strong>per</strong></span> <span class='ocrx_word' id='word_1_287' title='bbox 3151 2668 3347 2731; x_wconf 87' lang='lat' dir='ltr'><strong>fidem</strong></span> <span class='ocrx_word' id='word_1_288' title='bbox 3395 2668 3799 2751; x_wconf 88' lang='lat' dir='ltr'><strong>pertingitur,</strong></span> <span class='ocrx_word' id='word_1_289' title='bbox 3833 2678 3915 2731; x_wconf 90' lang='lat' dir='ltr'><strong>at-</strong></span> 
     </span>
     <span class='ocr_line' id='line_1_46' title="bbox 2422 2767 3914 2849; baseline 0.001 -21"><span class='ocrx_word' id='word_1_290' title='bbox 2422 2785 2550 2848; x_wconf 90' lang='lat' dir='ltr'><strong>que</strong></span> <span class='ocrx_word' id='word_1_291' title='bbox 2587 2775 2730 2849; x_wconf 88' lang='lat' dir='ltr'><strong>post</strong></span> <span class='ocrx_word' id='word_1_292' title='bbox 2775 2767 2969 2849; x_wconf 88' lang='lat' dir='ltr'><strong>hujus</strong></span> <span class='ocrx_word' id='word_1_293' title='bbox 3017 2767 3364 2832; x_wconf 88' lang='lat' dir='ltr'><strong>incolatum</strong></span> <span class='ocrx_word' id='word_1_294' title='bbox 3409 2767 3640 2845; x_wconf 88' lang='lat' dir='ltr'><strong>exsilii,</strong></span> <span class='ocrx_word' id='word_1_295' title='bbox 3673 2768 3914 2831; x_wconf 90' lang='lat' dir='ltr'><strong>donum</strong></span> 
     </span>
     <span class='ocr_line' id='line_1_47' title="bbox 2422 2864 3914 2946; baseline -0.001 -20"><span class='ocrx_word' id='word_1_296' title='bbox 2422 2864 2641 2945; x_wconf 83' lang='lat' dir='ltr'><strong>gloriae</strong></span> <span class='ocrx_word' id='word_1_297' title='bbox 2699 2866 3058 2946; x_wconf 82' lang='lat' dir='ltr'><strong>aeternalis3</strong></span> <span class='ocrx_word' id='word_1_298' title='bbox 3101 2877 3162 2929; x_wconf 86' lang='lat' dir='ltr'><strong>et</strong></span> <span class='ocrx_word' id='word_1_299' title='bbox 3206 2887 3340 2927; x_wconf 83' lang='lat' dir='ltr'><strong>sors</strong></span> <span class='ocrx_word' id='word_1_300' title='bbox 3395 2869 3468 2928; x_wconf 83' lang='lat' dir='ltr'><strong>in</strong></span> <span class='ocrx_word' id='word_1_301' title='bbox 3516 2870 3744 2943; x_wconf 80' lang='lat' dir='ltr'><strong>templo</strong></span> <span class='ocrx_word' id='word_1_302' title='bbox 3791 2868 3914 2928; x_wconf 77' lang='lat' dir='ltr'><strong>Dei</strong></span> 
     </span>
     <span class='ocr_line' id='line_1_48' title="bbox 2421 2964 3912 3045; baseline 0.002 -22"><span class='ocrx_word' id='word_1_303' title='bbox 2421 2964 2884 3041; x_wconf 79' lang='lat' dir='ltr'><strong>acceptissima,</strong></span> <span class='ocrx_word' id='word_1_304' title='bbox 2917 2964 2982 3027; x_wconf 92' lang='lat' dir='ltr'><strong>id</strong></span> <span class='ocrx_word' id='word_1_305' title='bbox 3025 2973 3119 3027; x_wconf 89' lang='lat' dir='ltr'><strong>est</strong></span> <span class='ocrx_word' id='word_1_306' title='bbox 3159 2964 3516 3043; x_wconf 88' lang='lat' dir='ltr'><strong>gratissima</strong></span> <span class='ocrx_word' id='word_1_307' title='bbox 3558 2964 3765 3045; x_wconf 89' lang='lat' dir='ltr'><strong>portio</strong></span> <span class='ocrx_word' id='word_1_308' title='bbox 3812 2983 3912 3026; x_wconf 90' lang='lat' dir='ltr'><strong>su-</strong></span> 
     </span>
    </p>
   </div>
   <div class='ocr_carea' id='block_1_9' title="bbox 816 3054 3910 3145">
    <p class='ocr_par' dir='ltr' id='par_1_11' title="bbox 816 3054 3910 3145">
     <span class='ocr_line' id='line_1_49' title="bbox 816 3054 3910 3145; baseline -0 -21"><span class='ocrx_word' id='word_1_309' title='bbox 816 3060 905 3124; x_wconf 86' lang='lat' dir='ltr'><strong>ita</strong></span> <span class='ocrx_word' id='word_1_310' title='bbox 960 3061 1132 3144; x_wconf 91' lang='lat' dir='ltr'><strong>quod</strong></span> <span class='ocrx_word' id='word_1_311' title='bbox 1182 3062 1361 3142; x_wconf 87' lang='lat' dir='ltr'><strong>virgo</strong></span> <span class='ocrx_word' id='word_1_312' title='bbox 1420 3063 1795 3145; x_wconf 88' lang='lat' dir='ltr'><strong>permansit.</strong></span> <span class='ocrx_word' id='word_1_313' title='bbox 1845 3062 1985 3139; x_wconf 84' lang='lat' dir='ltr'><strong>Vel,</strong></span> <span class='ocrx_word' id='word_1_314' title='bbox 2036 3064 2316 3127; x_wconf 86' lang='lat' dir='ltr'><strong>Nescivit</strong></span> <span class='ocrx_word' id='word_1_315' title='bbox 2348 3054 2394 3119; x_wconf 88' lang='lat' dir='ltr'>C</span> <span class='ocrx_word' id='word_1_316' title='bbox 2422 3078 2768 3143; x_wconf 90' lang='lat' dir='ltr'><strong>pernorum</strong></span> <span class='ocrx_word' id='word_1_317' title='bbox 2831 3062 3288 3125; x_wconf 87' lang='lat' dir='ltr'><strong>charismatum</strong></span> <span class='ocrx_word' id='word_1_318' title='bbox 3356 3063 3424 3125; x_wconf 92' lang='lat' dir='ltr'><strong>in</strong></span> <span class='ocrx_word' id='word_1_319' title='bbox 3480 3061 3783 3124; x_wconf 85' lang='lat' dir='ltr'><strong>militanti</strong></span> <span class='ocrx_word' id='word_1_320' title='bbox 3837 3080 3910 3123; x_wconf 88' lang='lat' dir='ltr'><strong>ac</strong></span> 
     </span>
    </p>
   </div>
   <div class='ocr_carea' id='block_1_10' title="bbox 546 3160 2319 4227">
    <p class='ocr_par' dir='ltr' id='par_1_12' title="bbox 816 3160 2316 3244">
     <span class='ocr_line' id='line_1_50' title="bbox 816 3160 2316 3244; baseline 0.001 -21"><span class='ocrx_word' id='word_1_321' title='bbox 816 3168 1026 3226; x_wconf 89' lang='lat' dir='ltr'><strong>torum</strong></span> <span class='ocrx_word' id='word_1_322' title='bbox 1058 3160 1127 3224; x_wconf 90' lang='lat' dir='ltr'><strong>in</strong></span> <span class='ocrx_word' id='word_1_323' title='bbox 1170 3160 1427 3237; x_wconf 89' lang='lat' dir='ltr'><strong>delicto,</strong></span> <span class='ocrx_word' id='word_1_324' title='bbox 1464 3162 1529 3223; x_wconf 91' lang='lat' dir='ltr'><strong>id</strong></span> <span class='ocrx_word' id='word_1_325' title='bbox 1574 3170 1691 3239; x_wconf 88' lang='lat' dir='ltr'><strong>est,</strong></span> <span class='ocrx_word' id='word_1_326' title='bbox 1732 3162 2027 3244; x_wconf 88' lang='lat' dir='ltr'><strong>quamvis</strong></span> <span class='ocrx_word' id='word_1_327' title='bbox 2069 3163 2316 3226; x_wconf 83' lang='lat' dir='ltr'><strong>exstitit</strong></span> 
     </span>
    </p>

    <p class='ocr_par' dir='ltr' id='par_1_13' title="bbox 818 3258 2314 3343">
     <span class='ocr_line' id='line_1_51' title="bbox 818 3258 2314 3343; baseline 0.003 -22"><span class='ocrx_word' id='word_1_328' title='bbox 818 3258 1133 3334; x_wconf 88' lang='lat' dir='ltr'><strong>maritata,</strong></span> <span class='ocrx_word' id='word_1_329' title='bbox 1186 3276 1315 3322; x_wconf 91' lang='lat' dir='ltr'><strong>non</strong></span> <span class='ocrx_word' id='word_1_330' title='bbox 1364 3266 1577 3322; x_wconf 90' lang='lat' dir='ltr'><strong>tamen</strong></span> <span class='ocrx_word' id='word_1_331' title='bbox 1625 3259 1823 3323; x_wconf 86' lang='lat' dir='ltr'><strong>abusa</strong></span> <span class='ocrx_word' id='word_1_332' title='bbox 1868 3269 1963 3323; x_wconf 88' lang='lat' dir='ltr'><strong>est</strong></span> <span class='ocrx_word' id='word_1_333' title='bbox 2011 3262 2314 3343; x_wconf 86' lang='lat' dir='ltr'><strong>conjugio</strong></span> 
     </span>
    </p>

    <p class='ocr_par' dir='ltr' id='par_1_14' title="bbox 820 3357 2316 3440">
     <span class='ocr_line' id='line_1_52' title="bbox 820 3357 2316 3440; baseline 0.001 -21"><span class='ocrx_word' id='word_1_334' title='bbox 820 3357 886 3419; x_wconf 93' lang='lat' dir='ltr'><strong>in</strong></span> <span class='ocrx_word' id='word_1_335' title='bbox 937 3364 1290 3440; x_wconf 89' lang='lat' dir='ltr'><strong>peccatum,</strong></span> <span class='ocrx_word' id='word_1_336' title='bbox 1342 3358 1736 3439; x_wconf 88' lang='lat' dir='ltr'><strong>voluptatem</strong></span> <span class='ocrx_word' id='word_1_337' title='bbox 1795 3360 2163 3440; x_wconf 83' lang='lat' dir='ltr'><strong>quaerendo,</strong></span> <span class='ocrx_word' id='word_1_338' title='bbox 2205 3368 2316 3423; x_wconf 91' lang='lat' dir='ltr'><strong>aut</strong></span> 
     </span>
    </p>

    <p class='ocr_par' dir='ltr' id='par_1_15' title="bbox 817 3454 2311 3534">
     <span class='ocr_line' id='line_1_53' title="bbox 817 3454 2311 3534; baseline 0.003 -17"><span class='ocrx_word' id='word_1_339' title='bbox 817 3454 944 3518; x_wconf 89' lang='lat' dir='ltr'><strong>alio</strong></span> <span class='ocrx_word' id='word_1_340' title='bbox 990 3455 1201 3527; x_wconf 88' lang='lat' dir='ltr'><strong>modo,</strong></span> <span class='ocrx_word' id='word_1_341' title='bbox 1236 3456 1346 3518; x_wconf 87' lang='lat' dir='ltr'><strong>sed</strong></span> <span class='ocrx_word' id='word_1_342' title='bbox 1386 3455 1595 3518; x_wconf 91' lang='lat' dir='ltr'><strong>solum</strong></span> <span class='ocrx_word' id='word_1_343' title='bbox 1641 3456 1962 3521; x_wconf 88' lang='lat' dir='ltr'><strong>reddendo</strong></span> <span class='ocrx_word' id='word_1_344' title='bbox 1998 3457 2311 3534; x_wconf 89' lang='lat' dir='ltr'><strong>debitum,</strong></span> 
     </span>
    </p>

    <p class='ocr_par' dir='ltr' id='par_1_16' title="bbox 818 3552 2316 3638">
     <span class='ocr_line' id='line_1_54' title="bbox 818 3552 2316 3638; baseline 0.002 -21"><span class='ocrx_word' id='word_1_345' title='bbox 818 3562 927 3617; x_wconf 90' lang='lat' dir='ltr'><strong>aut</strong></span> <span class='ocrx_word' id='word_1_346' title='bbox 956 3552 1273 3617; x_wconf 88' lang='lat' dir='ltr'><strong>desiderio</strong></span> <span class='ocrx_word' id='word_1_347' title='bbox 1298 3554 1497 3637; x_wconf 91' lang='lat' dir='ltr'><strong>prolis</strong></span> <span class='ocrx_word' id='word_1_348' title='bbox 1521 3555 1600 3618; x_wconf 89' lang='lat' dir='ltr'><strong>ad</strong></span> <span class='ocrx_word' id='word_1_349' title='bbox 1626 3555 1734 3619; x_wconf 88' lang='lat' dir='ltr'><strong>Dei</strong></span> <span class='ocrx_word' id='word_1_350' title='bbox 1760 3555 2141 3638; x_wconf 88' lang='lat' dir='ltr'><strong>obsequium</strong></span> <span class='ocrx_word' id='word_1_351' title='bbox 2169 3558 2316 3620; x_wconf 88' lang='lat' dir='ltr'><strong>edu-</strong></span> 
     </span>
    </p>

    <p class='ocr_par' dir='ltr' id='par_1_17' title="bbox 823 3651 2316 3729">
     <span class='ocr_line' id='line_1_55' title="bbox 823 3651 2316 3729; baseline 0.001 -13"><span class='ocrx_word' id='word_1_352' title='bbox 823 3651 1065 3729; x_wconf 82' lang='lat' dir='ltr'><strong>candae,</strong></span> <span class='ocrx_word' id='word_1_353' title='bbox 1108 3671 1222 3715; x_wconf 90' lang='lat' dir='ltr'><strong>seu</strong></span> <span class='ocrx_word' id='word_1_354' title='bbox 1263 3671 1455 3717; x_wconf 88' lang='lat' dir='ltr'><strong>causa</strong></span> <span class='ocrx_word' id='word_1_355' title='bbox 1491 3653 1739 3717; x_wconf 87' lang='lat' dir='ltr'><strong>vitandi</strong></span> <span class='ocrx_word' id='word_1_356' title='bbox 1783 3654 2316 3718; x_wconf 86' lang='lat' dir='ltr'><strong>incontinentiam</strong></span> 
     </span>
    </p>

    <p class='ocr_par' dir='ltr' id='par_1_18' title="bbox 820 3748 2318 3835">
     <span class='ocr_line' id='line_1_56' title="bbox 820 3748 2318 3835; baseline 0.005 -24"><span class='ocrx_word' id='word_1_357' title='bbox 820 3748 887 3812; x_wconf 91' lang='lat' dir='ltr'><strong>in</strong></span> <span class='ocrx_word' id='word_1_358' title='bbox 936 3750 1244 3816; x_wconf 87' lang='lat' dir='ltr'><strong>contorali</strong></span> <span class='ocrx_word' id='word_1_359' title='bbox 1290 3768 1305 3813; x_wconf 72' lang='grc' dir='ltr'><strong>ε</strong></span> <span class='ocrx_word' id='word_1_360' title='bbox 1358 3752 1579 3834; x_wconf 91' lang='lat' dir='ltr'><strong>sicque</strong></span> <span class='ocrx_word' id='word_1_361' title='bbox 1628 3751 1919 3835; x_wconf 85' lang='lat' dir='ltr'><strong>implevit</strong></span> <span class='ocrx_word' id='word_1_362' title='bbox 1949 3753 2108 3816; x_wconf 90' lang='lat' dir='ltr'><strong>illud</strong></span> <span class='ocrx_word' id='word_1_363' title='bbox 2153 3754 2318 3835; x_wconf 91' lang='lat' dir='ltr'><strong>Apo-</strong></span> 
     </span>
    </p>

    <p class='ocr_par' dir='ltr' id='par_1_19' title="bbox 546 3848 2319 4011">
     <span class='ocr_line' id='line_1_57' title="bbox 546 3848 2319 3929; baseline 0.005 -22"><span class='ocrx_word' id='word_1_364' title='bbox 546 3863 791 3918; x_wconf 54' lang='lat' dir='ltr'><strong>aetram,</strong></span> <span class='ocrx_word' id='word_1_365' title='bbox 820 3848 991 3925; x_wconf 88' lang='lat' dir='ltr'><strong>stoli,</strong></span> <span class='ocrx_word' id='word_1_366' title='bbox 1026 3849 1409 3915; x_wconf 87' lang='lat' dir='ltr'><strong>Honorabile</strong></span> <span class='ocrx_word' id='word_1_367' title='bbox 1451 3850 1867 3929; x_wconf 91' lang='lat' dir='ltr'><strong>connubium,</strong></span> <span class='ocrx_word' id='word_1_368' title='bbox 1903 3860 1966 3913; x_wconf 89' lang='lat' dir='ltr'><strong>et</strong></span> <span class='ocrx_word' id='word_1_369' title='bbox 1995 3860 2173 3915; x_wconf 92' lang='lat' dir='ltr'><strong>torus</strong></span> <span class='ocrx_word' id='word_1_370' title='bbox 2202 3852 2319 3915; x_wconf 90' lang='lat' dir='ltr'><strong>im-</strong></span> 
     </span>
     <span class='ocr_line' id='line_1_58' title="bbox 820 3948 1194 4011; baseline 0 0"><span class='ocrx_word' id='word_1_371' title='bbox 820 3948 1194 4011; x_wconf 88' lang='lat' dir='ltr'><strong>maculatus.</strong></span> 
     </span>
    </p>

    <p class='ocr_par' dir='ltr' id='par_1_20' title="bbox 904 4048 2319 4132">
     <span class='ocr_line' id='line_1_59' title="bbox 904 4048 2319 4132; baseline 0.003 -22"><span class='ocrx_word' id='word_1_372' title='bbox 904 4050 1177 4110; x_wconf 80' lang='lat' dir='ltr'><strong>Habebit</strong></span> <span class='ocrx_word' id='word_1_373' title='bbox 1193 4049 1511 4126; x_wconf 79' lang='lat' dir='ltr'><strong>fructum,</strong></span> <span class='ocrx_word' id='word_1_374' title='bbox 1533 4048 1597 4111; x_wconf 91' lang='lat' dir='ltr'><strong>id</strong></span> <span class='ocrx_word' id='word_1_375' title='bbox 1626 4055 1724 4111; x_wconf 90' lang='lat' dir='ltr'><strong>est</strong></span> <span class='ocrx_word' id='word_1_376' title='bbox 1752 4048 2152 4131; x_wconf 89' lang='lat' dir='ltr'><strong>spiritualem</strong></span> <span class='ocrx_word' id='word_1_377' title='bbox 2180 4068 2319 4132; x_wconf 93' lang='lat' dir='ltr'><strong>pro-</strong></span> 
     </span>
    </p>

    <p class='ocr_par' dir='ltr' id='par_1_21' title="bbox 824 4144 2319 4227">
     <span class='ocr_line' id='line_1_60' title="bbox 824 4144 2319 4227; baseline 0.002 -19"><span class='ocrx_word' id='word_1_378' title='bbox 824 4144 1284 4227; x_wconf 85' lang='lat' dir='ltr'><strong>fectum,atque</strong></span> <span class='ocrx_word' id='word_1_379' title='bbox 1311 4146 1581 4211; x_wconf 78' lang='lat' dir='ltr'><strong>internae</strong></span> <span class='ocrx_word' id='word_1_380' title='bbox 1610 4147 1943 4211; x_wconf 82' lang='lat' dir='ltr'><strong>munditioe</strong></span> <span class='ocrx_word' id='word_1_381' title='bbox 1972 4148 2319 4213; x_wconf 90' lang='lat' dir='ltr'><strong>incremen-</strong></span> 
     </span>
    </p>
   </div>
   <div class='ocr_carea' id='block_1_11' title="bbox 2421 3159 4200 4210">
    <p class='ocr_par' dir='ltr' id='par_1_22' title="bbox 2422 3159 3910 3341">
     <span class='ocr_line' id='line_1_61' title="bbox 2423 3159 3910 3241; baseline 0.001 -20"><span class='ocrx_word' id='word_1_382' title='bbox 2423 3159 2843 3241; x_wconf 89' lang='lat' dir='ltr'><strong>triumphanti</strong></span> <span class='ocrx_word' id='word_1_383' title='bbox 2890 3160 3192 3224; x_wconf 85' lang='lat' dir='ltr'><strong>Ecclesia.</strong></span> <span class='ocrx_word' id='word_1_384' title='bbox 3225 3160 3351 3224; x_wconf 87' lang='lat' dir='ltr'><strong>Nec</strong></span> <span class='ocrx_word' id='word_1_385' title='bbox 3380 3161 3461 3224; x_wconf 92' lang='lat' dir='ltr'><strong>ab</strong></span> <span class='ocrx_word' id='word_1_386' title='bbox 3492 3160 3779 3241; x_wconf 82' lang='lat' dir='ltr'><strong>ingressu</strong></span> <span class='ocrx_word' id='word_1_387' title='bbox 3807 3180 3910 3224; x_wconf 84' lang='lat' dir='ltr'><strong>ex-</strong></span> 
     </span>
     <span class='ocr_line' id='line_1_62' title="bbox 2422 3258 3904 3341; baseline 0 -19"><span class='ocrx_word' id='word_1_388' title='bbox 2422 3259 2712 3322; x_wconf 89' lang='lat' dir='ltr'><strong>cludetur</strong></span> <span class='ocrx_word' id='word_1_389' title='bbox 2741 3259 3088 3323; x_wconf 88' lang='lat' dir='ltr'><strong>materialis</strong></span> <span class='ocrx_word' id='word_1_390' title='bbox 3118 3258 3423 3336; x_wconf 83' lang='lat' dir='ltr'><strong>ecclesiae,</strong></span> <span class='ocrx_word' id='word_1_391' title='bbox 3456 3258 3620 3322; x_wconf 91' lang='lat' dir='ltr'><strong>sicut</strong></span> <span class='ocrx_word' id='word_1_392' title='bbox 3647 3258 3716 3321; x_wconf 87' lang='lat' dir='ltr'><strong>in</strong></span> <span class='ocrx_word' id='word_1_393' title='bbox 3745 3258 3904 3341; x_wconf 88' lang='lat' dir='ltr'><strong>lege,</strong></span> 
     </span>
    </p>

    <p class='ocr_par' dir='ltr' id='par_1_23' title="bbox 2421 3356 4200 3519">
     <span class='ocr_line' id='line_1_63' title="bbox 2421 3356 4200 3438; baseline 0.004 -19"><span class='ocrx_word' id='word_1_394' title='bbox 2421 3358 2600 3438; x_wconf 83' lang='lat' dir='ltr'><strong>juxta</strong></span> <span class='ocrx_word' id='word_1_395' title='bbox 2633 3356 2788 3419; x_wconf 90' lang='lat' dir='ltr'><strong>illud</strong></span> <span class='ocrx_word' id='word_1_396' title='bbox 2822 3356 2889 3419; x_wconf 93' lang='lat' dir='ltr'><strong>in</strong></span> <span class='ocrx_word' id='word_1_397' title='bbox 2916 3357 3402 3421; x_wconf 87' lang='lat' dir='ltr'><strong>Deuteronomio</strong></span> <span class='ocrx_word' id='word_1_398' title='bbox 3433 3375 3450 3419; x_wconf 76' lang='grc' dir='ltr'><strong>ε</strong></span> <span class='ocrx_word' id='word_1_399' title='bbox 3482 3358 3618 3421; x_wconf 91' lang='lat' dir='ltr'><strong>Non</strong></span> <span class='ocrx_word' id='word_1_400' title='bbox 3648 3357 3913 3421; x_wconf 84' lang='lat' dir='ltr'><strong>intrabit</strong></span> <span class='ocrx_word' id='word_1_401' title='bbox 3955 3380 4200 3428; x_wconf 61' lang='lat' dir='ltr'><strong>benamu.</strong></span> 
     </span>
     <span class='ocr_line' id='line_1_64' title="bbox 2423 3446 3982 3519; baseline 0 -1"><span class='ocrx_word' id='word_1_402' title='bbox 2423 3455 2756 3518; x_wconf 88' lang='lat' dir='ltr'><strong>eunuchus</strong></span> <span class='ocrx_word' id='word_1_403' title='bbox 2787 3455 2851 3518; x_wconf 87' lang='lat' dir='ltr'><strong>in</strong></span> <span class='ocrx_word' id='word_1_404' title='bbox 2891 3455 3224 3519; x_wconf 88' lang='lat' dir='ltr'><strong>ecclesiam</strong></span> <span class='ocrx_word' id='word_1_405' title='bbox 3256 3456 3388 3518; x_wconf 84' lang='lat' dir='ltr'><strong>Dei.</strong></span> <span class='ocrx_word' id='word_1_406' title='bbox 3942 3446 3982 3486; x_wconf 85' lang='lat'><strong>¹·</strong></span> 
     </span>
    </p>

    <p class='ocr_par' dir='ltr' id='par_1_24' title="bbox 2501 3554 4114 3636">
     <span class='ocr_line' id='line_1_65' title="bbox 2501 3554 4114 3636; baseline 0.001 -21"><span class='ocrx_word' id='word_1_407' title='bbox 2501 3558 2834 3616; x_wconf 83' lang='lat' dir='ltr'><strong>Bonorum</strong></span> <span class='ocrx_word' id='word_1_408' title='bbox 2860 3556 3036 3616; x_wconf 81' lang='lat' dir='ltr'><strong>enim</strong></span> <span class='ocrx_word' id='word_1_409' title='bbox 3068 3556 3384 3625; x_wconf 81' lang='lat' dir='ltr'><strong>laborum,</strong></span> <span class='ocrx_word' id='word_1_410' title='bbox 3408 3554 3520 3636; x_wconf 87' lang='lat' dir='ltr'><strong>qui</strong></span> <span class='ocrx_word' id='word_1_411' title='bbox 3549 3573 3626 3617; x_wconf 85' lang='lat' dir='ltr'><strong>ex</strong></span> <span class='ocrx_word' id='word_1_412' title='bbox 3653 3554 3914 3618; x_wconf 80' lang='lat' dir='ltr'><strong>caritate·</strong></span> <span class='ocrx_word' id='word_1_413' title='bbox 4043 3574 4114 3629; x_wconf 77' lang='lat'><strong>15</strong></span> 
     </span>
    </p>

    <p class='ocr_par' dir='ltr' id='par_1_25' title="bbox 2425 3653 3916 3735">
     <span class='ocr_line' id='line_1_66' title="bbox 2425 3653 3916 3735; baseline 0.001 -22"><span class='ocrx_word' id='word_1_414' title='bbox 2425 3653 2796 3735; x_wconf 87' lang='lat' dir='ltr'><strong>procedunt,</strong></span> <span class='ocrx_word' id='word_1_415' title='bbox 2819 3662 3231 3715; x_wconf 88' lang='lat' dir='ltr'><strong>assumuntur</strong></span> <span class='ocrx_word' id='word_1_416' title='bbox 3259 3662 3369 3716; x_wconf 89' lang='lat' dir='ltr'><strong>aut</strong></span> <span class='ocrx_word' id='word_1_417' title='bbox 3397 3653 3766 3731; x_wconf 87' lang='lat' dir='ltr'><strong>tolerantur,</strong></span> <span class='ocrx_word' id='word_1_418' title='bbox 3779 3658 3916 3731; x_wconf 74' lang='lat' dir='ltr'><strong>qlo—</strong></span> 
     </span>
    </p>

    <p class='ocr_par' dir='ltr' id='par_1_26' title="bbox 2426 3751 3914 3834">
     <span class='ocr_line' id='line_1_67' title="bbox 2426 3751 3914 3834; baseline 0.003 -23"><span class='ocrx_word' id='word_1_419' title='bbox 2426 3754 2635 3813; x_wconf 81' lang='lat' dir='ltr'><strong>riosus</strong></span> <span class='ocrx_word' id='word_1_420' title='bbox 2651 3761 2742 3812; x_wconf 83' lang='lat' dir='ltr'><strong>cst</strong></span> <span class='ocrx_word' id='word_1_421' title='bbox 2771 3752 3056 3829; x_wconf 77' lang='lat' dir='ltr'><strong>fructus,</strong></span> <span class='ocrx_word' id='word_1_422' title='bbox 3073 3752 3138 3814; x_wconf 93' lang='lat' dir='ltr'><strong>id</strong></span> <span class='ocrx_word' id='word_1_423' title='bbox 3166 3760 3264 3815; x_wconf 87' lang='lat' dir='ltr'><strong>est</strong></span> <span class='ocrx_word' id='word_1_424' title='bbox 3294 3751 3628 3816; x_wconf 87' lang='lat' dir='ltr'><strong>retributio</strong></span> <span class='ocrx_word' id='word_1_425' title='bbox 3655 3751 3914 3834; x_wconf 86' lang='lat' dir='ltr'><strong>copiosa</strong></span> 
     </span>
    </p>

    <p class='ocr_par' dir='ltr' id='par_1_27' title="bbox 2423 3849 4200 4129">
     <span class='ocr_line' id='line_1_68' title="bbox 2425 3849 3908 3934; baseline 0 -21"><span class='ocrx_word' id='word_1_426' title='bbox 2425 3870 2498 3913; x_wconf 91' lang='lat' dir='ltr'><strong>ac</strong></span> <span class='ocrx_word' id='word_1_427' title='bbox 2530 3849 2702 3913; x_wconf 84' lang='lat' dir='ltr'><strong>felix.</strong></span> <span class='ocrx_word' id='word_1_428' title='bbox 2721 3850 2982 3933; x_wconf 91' lang='lat' dir='ltr'><strong>Propter</strong></span> <span class='ocrx_word' id='word_1_429' title='bbox 3009 3852 3180 3932; x_wconf 90' lang='lat' dir='ltr'><strong>quod</strong></span> <span class='ocrx_word' id='word_1_430' title='bbox 3205 3858 3508 3915; x_wconf 90' lang='lat' dir='ltr'><strong>monetet</strong></span> <span class='ocrx_word' id='word_1_431' title='bbox 3534 3850 3908 3934; x_wconf 89' lang='lat' dir='ltr'><strong>Apostolus:</strong></span> 
     </span>
     <span class='ocr_line' id='line_1_69' title="bbox 2423 3948 4200 4032; baseline 0.001 -21"><span class='ocrx_word' id='word_1_432' title='bbox 2423 3948 2696 4012; x_wconf 86' lang='lat' dir='ltr'><strong>Stabiles</strong></span> <span class='ocrx_word' id='word_1_433' title='bbox 2741 3956 2966 4027; x_wconf 89' lang='lat' dir='ltr'><strong>estote,</strong></span> <span class='ocrx_word' id='word_1_434' title='bbox 3010 3948 3407 4012; x_wconf 87' lang='lat' dir='ltr'><strong>abundantes</strong></span> <span class='ocrx_word' id='word_1_435' title='bbox 3451 3950 3517 4012; x_wconf 91' lang='lat' dir='ltr'><strong>in</strong></span> <span class='ocrx_word' id='word_1_436' title='bbox 3562 3968 3754 4032; x_wconf 89' lang='lat' dir='ltr'><strong>opere</strong></span> <span class='ocrx_word' id='word_1_437' title='bbox 3799 3950 3914 4013; x_wconf 91' lang='lat' dir='ltr'><strong>Do-</strong></span> <span class='ocrx_word' id='word_1_438' title='bbox 3987 3976 4200 4020; x_wconf 57' lang='lat' dir='ltr'><strong>worm.</strong></span> 
     </span>
     <span class='ocr_line' id='line_1_70' title="bbox 2425 4043 4010 4129; baseline 0.001 -20"><span class='ocrx_word' id='word_1_439' title='bbox 2425 4046 2584 4110; x_wconf 92' lang='lat' dir='ltr'><strong>mini</strong></span> <span class='ocrx_word' id='word_1_440' title='bbox 2627 4065 2898 4129; x_wconf 90' lang='lat' dir='ltr'><strong>semper,</strong></span> <span class='ocrx_word' id='word_1_441' title='bbox 2952 4047 3224 4110; x_wconf 85' lang='lat' dir='ltr'><strong>scientes</strong></span> <span class='ocrx_word' id='word_1_442' title='bbox 3266 4048 3435 4129; x_wconf 87' lang='lat' dir='ltr'><strong>quod</strong></span> <span class='ocrx_word' id='word_1_443' title='bbox 3485 4047 3662 4111; x_wconf 90' lang='lat' dir='ltr'><strong>labor</strong></span> <span class='ocrx_word' id='word_1_444' title='bbox 3704 4057 3913 4112; x_wconf 88' lang='lat' dir='ltr'><strong>vester</strong></span> <span class='ocrx_word' id='word_1_445' title='bbox 3939 4043 4010 4083; x_wconf 78' lang='lat'><strong>⁵⁸·</strong></span> 
     </span>
    </p>

    <p class='ocr_par' dir='ltr' id='par_1_28' title="bbox 2426 4144 3913 4210">
     <span class='ocr_line' id='line_1_71' title="bbox 2426 4144 3913 4210; baseline 0.001 -2"><span class='ocrx_word' id='word_1_446' title='bbox 2426 4164 2554 4209; x_wconf 91' lang='lat' dir='ltr'><strong>non</strong></span> <span class='ocrx_word' id='word_1_447' title='bbox 2605 4155 2702 4209; x_wconf 90' lang='lat' dir='ltr'><strong>est</strong></span> <span class='ocrx_word' id='word_1_448' title='bbox 2743 4144 2955 4208; x_wconf 89' lang='lat' dir='ltr'><strong>inanis</strong></span> <span class='ocrx_word' id='word_1_449' title='bbox 2998 4146 3065 4208; x_wconf 90' lang='lat' dir='ltr'><strong>in</strong></span> <span class='ocrx_word' id='word_1_450' title='bbox 3115 4144 3404 4209; x_wconf 88' lang='lat' dir='ltr'><strong>Domino.</strong></span> <span class='ocrx_word' id='word_1_451' title='bbox 3448 4146 3524 4208; x_wconf 88' lang='lat' dir='ltr'><strong>Et</strong></span> <span class='ocrx_word' id='word_1_452' title='bbox 3561 4146 3716 4209; x_wconf 90' lang='lat' dir='ltr'><strong>alibi</strong></span> <span class='ocrx_word' id='word_1_453' title='bbox 3763 4147 3913 4210; x_wconf 88' lang='lat' dir='ltr'><strong>scri-</strong></span> 
     </span>
    </p>
   </div>
   <div class='ocr_carea' id='block_1_12' title="bbox 820 4240 4196 4327">
    <p class='ocr_par' dir='ltr' id='par_1_29' title="bbox 820 4240 4196 4327">
     <span class='ocr_line' id='line_1_72' title="bbox 820 4240 4196 4327; baseline -0.001 -19"><span class='ocrx_word' id='word_1_454' title='bbox 820 4254 957 4308; x_wconf 89' lang='lat' dir='ltr'><strong>tum</strong></span> <span class='ocrx_word' id='word_1_455' title='bbox 1006 4244 1072 4307; x_wconf 90' lang='lat' dir='ltr'><strong>in</strong></span> <span class='ocrx_word' id='word_1_456' title='bbox 1121 4244 1246 4320; x_wconf 87' lang='lat' dir='ltr'><strong>via,</strong></span> <span class='ocrx_word' id='word_1_457' title='bbox 1290 4251 1541 4309; x_wconf 79' lang='lat' dir='ltr'><strong>aeternae</strong></span> <span class='ocrx_word' id='word_1_458' title='bbox 1593 4264 1851 4327; x_wconf 83' lang='lat' dir='ltr'><strong>quoque</strong></span> <span class='ocrx_word' id='word_1_459' title='bbox 1900 4247 2314 4311; x_wconf 85' lang='lat' dir='ltr'><strong>beatitudinis</strong></span> <span class='ocrx_word' id='word_1_460' title='bbox 2346 4246 2395 4307; x_wconf 91' lang='lat' dir='ltr'>D</span> <span class='ocrx_word' id='word_1_461' title='bbox 2425 4250 2602 4325; x_wconf 90' lang='lat' dir='ltr'><strong>ptum</strong></span> <span class='ocrx_word' id='word_1_462' title='bbox 2635 4249 2731 4305; x_wconf 88' lang='lat' dir='ltr'><strong>est</strong></span> <span class='ocrx_word' id='word_1_463' title='bbox 2754 4262 2768 4307; x_wconf 72' lang='grc' dir='ltr'><strong>ε</strong></span> <span class='ocrx_word' id='word_1_464' title='bbox 2793 4242 2928 4305; x_wconf 91' lang='lat' dir='ltr'><strong>Non</strong></span> <span class='ocrx_word' id='word_1_465' title='bbox 2956 4240 3388 4305; x_wconf 88' lang='lat' dir='ltr'><strong>dissolvantur</strong></span> <span class='ocrx_word' id='word_1_466' title='bbox 3412 4260 3639 4304; x_wconf 88' lang='lat' dir='ltr'><strong>manus</strong></span> <span class='ocrx_word' id='word_1_467' title='bbox 3662 4250 3909 4322; x_wconf 81' lang='lat' dir='ltr'><strong>vestrae3</strong></span> <span class='ocrx_word' id='word_1_468' title='bbox 3968 4265 4196 4309; x_wconf 54' lang='lat' dir='ltr'><strong>uem-av.</strong></span> 
     </span>
    </p>
   </div>
   <div class='ocr_carea' id='block_1_13' title="bbox 537 4342 2315 5311">
    <p class='ocr_par' dir='ltr' id='par_1_30' title="bbox 537 4342 2315 5311">
     <span class='ocr_line' id='line_1_73' title="bbox 818 4342 2315 4425; baseline 0.001 -20"><span class='ocrx_word' id='word_1_469' title='bbox 818 4342 1399 4407; x_wconf 86' lang='lat' dir='ltr'><strong>remunerationem</strong></span> <span class='ocrx_word' id='word_1_470' title='bbox 1444 4343 1510 4405; x_wconf 91' lang='lat' dir='ltr'><strong>in</strong></span> <span class='ocrx_word' id='word_1_471' title='bbox 1556 4344 1781 4425; x_wconf 89' lang='lat' dir='ltr'><strong>patria,</strong></span> <span class='ocrx_word' id='word_1_472' title='bbox 1818 4346 1891 4405; x_wconf 83' lang='lat' dir='ltr'><strong>in</strong></span> <span class='ocrx_word' id='word_1_473' title='bbox 1928 4348 2315 4424; x_wconf 78' lang='lat' dir='ltr'><strong>respectione</strong></span> 
     </span>
     <span class='ocr_line' id='line_1_74' title="bbox 817 4442 2313 4511; baseline 0.003 -8"><span class='ocrx_word' id='word_1_474' title='bbox 817 4444 1199 4503; x_wconf 81' lang='lat' dir='ltr'><strong>animarum</strong></span> <span class='ocrx_word' id='word_1_475' title='bbox 1245 4450 1644 4511; x_wconf 83' lang='lat' dir='ltr'><strong>sanctarum,</strong></span> <span class='ocrx_word' id='word_1_476' title='bbox 1694 4442 1759 4505; x_wconf 89' lang='lat' dir='ltr'><strong>id</strong></span> <span class='ocrx_word' id='word_1_477' title='bbox 1808 4450 1905 4505; x_wconf 80' lang='lat' dir='ltr'><strong>est</strong></span> <span class='ocrx_word' id='word_1_478' title='bbox 1950 4461 2027 4505; x_wconf 87' lang='lat' dir='ltr'><strong>ex</strong></span> <span class='ocrx_word' id='word_1_479' title='bbox 2078 4444 2313 4508; x_wconf 79' lang='lat' dir='ltr'><strong>divinae</strong></span> 
     </span>
     <span class='ocr_line' id='line_1_75' title="bbox 820 4539 2314 4624; baseline 0.002 -21"><span class='ocrx_word' id='word_1_480' title='bbox 820 4540 1075 4624; x_wconf 87' lang='lat' dir='ltr'><strong>pietatis</strong></span> <span class='ocrx_word' id='word_1_481' title='bbox 1113 4548 1407 4622; x_wconf 87' lang='lat' dir='ltr'><strong>respectu</strong></span> <span class='ocrx_word' id='word_1_482' title='bbox 1434 4548 1495 4603; x_wconf 88' lang='lat' dir='ltr'><strong>et</strong></span> <span class='ocrx_word' id='word_1_483' title='bbox 1526 4539 1853 4605; x_wconf 90' lang='lat' dir='ltr'><strong>infusione</strong></span> <span class='ocrx_word' id='word_1_484' title='bbox 1887 4560 1901 4604; x_wconf 74' lang='grc' dir='ltr'><strong>ε</strong></span> <span class='ocrx_word' id='word_1_485' title='bbox 1936 4541 2173 4624; x_wconf 88' lang='lat' dir='ltr'><strong>quibus</strong></span> <span class='ocrx_word' id='word_1_486' title='bbox 2207 4544 2314 4606; x_wconf 89' lang='lat' dir='ltr'><strong>De·</strong></span> 
     </span>
     <span class='ocr_line' id='line_1_76' title="bbox 818 4638 2311 4724; baseline 0.001 -21"><span class='ocrx_word' id='word_1_487' title='bbox 818 4660 893 4703; x_wconf 90' lang='lat' dir='ltr'><strong>us</strong></span> <span class='ocrx_word' id='word_1_488' title='bbox 947 4638 1239 4722; x_wconf 89' lang='lat' dir='ltr'><strong>adspicit,</strong></span> <span class='ocrx_word' id='word_1_489' title='bbox 1296 4638 1731 4722; x_wconf 91' lang='lat' dir='ltr'><strong>intuendoque</strong></span> <span class='ocrx_word' id='word_1_490' title='bbox 1785 4640 2009 4724; x_wconf 89' lang='lat' dir='ltr'><strong>implet</strong></span> <span class='ocrx_word' id='word_1_491' title='bbox 2065 4642 2311 4704; x_wconf 88' lang='lat' dir='ltr'><strong>animas</strong></span> 
     </span>
     <span class='ocr_line' id='line_1_77' title="bbox 816 4737 2313 4821; baseline 0.001 -20"><span class='ocrx_word' id='word_1_492' title='bbox 816 4737 1155 4803; x_wconf 54' lang='lat' dir='ltr'><strong>virtuosam</strong></span> <span class='ocrx_word' id='word_1_493' title='bbox 1209 4738 1293 4801; x_wconf 88' lang='lat' dir='ltr'><strong>De</strong></span> <span class='ocrx_word' id='word_1_494' title='bbox 1349 4756 1478 4819; x_wconf 90' lang='lat' dir='ltr'><strong>quo</strong></span> <span class='ocrx_word' id='word_1_495' title='bbox 1527 4746 1819 4821; x_wconf 86' lang='lat' dir='ltr'><strong>respectu</strong></span> <span class='ocrx_word' id='word_1_496' title='bbox 1874 4739 2033 4801; x_wconf 84' lang='lat' dir='ltr'><strong>dixit</strong></span> <span class='ocrx_word' id='word_1_497' title='bbox 2081 4738 2313 4803; x_wconf 86' lang='lat' dir='ltr'><strong>beatis-</strong></span> 
     </span>
     <span class='ocr_line' id='line_1_78' title="bbox 537 4835 2308 4920; baseline 0.001 -20"><span class='ocrx_word' id='word_1_498' title='bbox 537 4857 775 4909; x_wconf 46' lang='grc' dir='ltr'><strong>[παφα.</strong></span> <span class='ocrx_word' id='word_1_499' title='bbox 818 4836 979 4900; x_wconf 91' lang='lat' dir='ltr'><strong>sima</strong></span> <span class='ocrx_word' id='word_1_500' title='bbox 1029 4835 1222 4917; x_wconf 87' lang='lat' dir='ltr'><strong>Virgo</strong></span> <span class='ocrx_word' id='word_1_501' title='bbox 1273 4856 1287 4901; x_wconf 75' lang='grc' dir='ltr'><strong>ε</strong></span> <span class='ocrx_word' id='word_1_502' title='bbox 1341 4835 1498 4910; x_wconf 88' lang='lat' dir='ltr'><strong>Quia</strong></span> <span class='ocrx_word' id='word_1_503' title='bbox 1552 4837 1829 4920; x_wconf 89' lang='lat' dir='ltr'><strong>respexit</strong></span> <span class='ocrx_word' id='word_1_504' title='bbox 1882 4837 2308 4902; x_wconf 88' lang='lat' dir='ltr'><strong>humilitatem</strong></span> 
     </span>
     <span class='ocr_line' id='line_1_79' title="bbox 538 4934 2311 5019; baseline -0.001 -19"><span class='ocrx_word' id='word_1_505' title='bbox 538 4934 1065 5008; x_wconf 67' lang='lat' dir='ltr'><strong>12.m1‚2.ancillae</strong></span> <span class='ocrx_word' id='word_1_506' title='bbox 1095 4953 1258 5014; x_wconf 83' lang='lat' dir='ltr'><strong>suae3</strong></span> <span class='ocrx_word' id='word_1_507' title='bbox 1293 4942 1354 4997; x_wconf 90' lang='lat' dir='ltr'><strong>et</strong></span> <span class='ocrx_word' id='word_1_508' title='bbox 1384 4934 1684 4998; x_wconf 88' lang='lat' dir='ltr'><strong>Dominus</strong></span> <span class='ocrx_word' id='word_1_509' title='bbox 1720 4954 1734 4999; x_wconf 90' lang='lat'><strong>:</strong></span> <span class='ocrx_word' id='word_1_510' title='bbox 1771 4936 1863 4998; x_wconf 87' lang='lat' dir='ltr'><strong>Ad</strong></span> <span class='ocrx_word' id='word_1_511' title='bbox 1892 4954 2079 5017; x_wconf 90' lang='lat' dir='ltr'><strong>quem</strong></span> <span class='ocrx_word' id='word_1_512' title='bbox 2112 4937 2311 5019; x_wconf 90' lang='lat' dir='ltr'><strong>respi-</strong></span> 
     </span>
     <span class='ocr_line' id='line_1_80' title="bbox 816 5032 2307 5115; baseline 0.001 -19"><span class='ocrx_word' id='word_1_513' title='bbox 816 5033 1004 5111; x_wconf 89' lang='lat' dir='ltr'><strong>ciam,</strong></span> <span class='ocrx_word' id='word_1_514' title='bbox 1038 5032 1163 5096; x_wconf 87' lang='lat' dir='ltr'><strong>nisi</strong></span> <span class='ocrx_word' id='word_1_515' title='bbox 1201 5033 1280 5096; x_wconf 91' lang='lat' dir='ltr'><strong>ad</strong></span> <span class='ocrx_word' id='word_1_516' title='bbox 1323 5032 1782 5115; x_wconf 89' lang='lat' dir='ltr'><strong>pauperculum</strong></span> <span class='ocrx_word' id='word_1_517' title='bbox 1823 5042 1887 5097; x_wconf 90' lang='lat' dir='ltr'><strong>et</strong></span> <span class='ocrx_word' id='word_1_518' title='bbox 1926 5033 2307 5098; x_wconf 65' lang='lat' dir='ltr'><strong>contritum?</strong></span> 
     </span>
     <span class='ocr_line' id='line_1_81' title="bbox 814 5129 2303 5213; baseline 0.001 -20"><span class='ocrx_word' id='word_1_519' title='bbox 814 5131 972 5195; x_wconf 84' lang='lat' dir='ltr'><strong>Hinc</strong></span> <span class='ocrx_word' id='word_1_520' title='bbox 1026 5140 1087 5194; x_wconf 89' lang='lat' dir='ltr'><strong>et</strong></span> <span class='ocrx_word' id='word_1_521' title='bbox 1145 5130 1432 5195; x_wconf 89' lang='lat' dir='ltr'><strong>Christus</strong></span> <span class='ocrx_word' id='word_1_522' title='bbox 1498 5130 1565 5191; x_wconf 92' lang='lat' dir='ltr'><strong>in</strong></span> <span class='ocrx_word' id='word_1_523' title='bbox 1623 5129 1969 5213; x_wconf 88' lang='lat' dir='ltr'><strong>Evangelio</strong></span> <span class='ocrx_word' id='word_1_524' title='bbox 2030 5132 2303 5195; x_wconf 88' lang='lat' dir='ltr'><strong>castitati</strong></span> 
     </span>
     <span class='ocr_line' id='line_1_82' title="bbox 811 5226 2299 5311; baseline -0.001 -18"><span class='ocrx_word' id='word_1_525' title='bbox 811 5228 1110 5310; x_wconf 84' lang='lat' dir='ltr'><strong>virginali</strong></span> <span class='ocrx_word' id='word_1_526' title='bbox 1161 5228 1477 5311; x_wconf 90' lang='lat' dir='ltr'><strong>promittit</strong></span> <span class='ocrx_word' id='word_1_527' title='bbox 1525 5226 1804 5291; x_wconf 90' lang='lat' dir='ltr'><strong>fructum</strong></span> <span class='ocrx_word' id='word_1_528' title='bbox 1856 5229 2299 5307; x_wconf 89' lang='lat' dir='ltr'><strong>centesimum,</strong></span> 
     </span>
    </p>
   </div>
   <div class='ocr_carea' id='block_1_14' title="bbox 2412 4333 4199 5312">
    <p class='ocr_par' dir='ltr' id='par_1_31' title="bbox 2421 4333 4199 4618">
     <span class='ocr_line' id='line_1_83' title="bbox 2423 4333 3982 4423; baseline -0.001 -19"><span class='ocrx_word' id='word_1_529' title='bbox 2423 4341 2544 4404; x_wconf 88' lang='lat' dir='ltr'><strong>erit</strong></span> <span class='ocrx_word' id='word_1_530' title='bbox 2581 4341 2754 4404; x_wconf 90' lang='lat' dir='ltr'><strong>enim</strong></span> <span class='ocrx_word' id='word_1_531' title='bbox 2800 4359 3042 4404; x_wconf 88' lang='lat' dir='ltr'><strong>merces</strong></span> <span class='ocrx_word' id='word_1_532' title='bbox 3077 4340 3255 4423; x_wconf 88' lang='lat' dir='ltr'><strong>operi</strong></span> <span class='ocrx_word' id='word_1_533' title='bbox 3297 4348 3527 4404; x_wconf 90' lang='lat' dir='ltr'><strong>vestro.</strong></span> <span class='ocrx_word' id='word_1_534' title='bbox 3562 4341 3640 4403; x_wconf 89' lang='lat' dir='ltr'><strong>Et</strong></span> <span class='ocrx_word' id='word_1_535' title='bbox 3682 4341 3911 4404; x_wconf 90' lang='lat' dir='ltr'><strong>Paulus</strong></span> <span class='ocrx_word' id='word_1_536' title='bbox 3941 4333 3982 4372; x_wconf 90' lang='lat'><strong>⁷·</strong></span> 
     </span>
     <span class='ocr_line' id='line_1_84' title="bbox 2421 4438 4199 4522; baseline -0.003 -21"><span class='ocrx_word' id='word_1_537' title='bbox 2421 4459 2638 4503; x_wconf 90' lang='lat' dir='ltr'><strong>rursus</strong></span> <span class='ocrx_word' id='word_1_538' title='bbox 2671 4440 2954 4522; x_wconf 89' lang='lat' dir='ltr'><strong>loquitur</strong></span> <span class='ocrx_word' id='word_1_539' title='bbox 2998 4456 3012 4501; x_wconf 89' lang='lat'><strong>:</strong></span> <span class='ocrx_word' id='word_1_540' title='bbox 3049 4439 3500 4521; x_wconf 89' lang='lat' dir='ltr'><strong>Unusquisque</strong></span> <span class='ocrx_word' id='word_1_541' title='bbox 3530 4438 3794 4521; x_wconf 89' lang='lat' dir='ltr'><strong>recipiet</strong></span> <span class='ocrx_word' id='word_1_542' title='bbox 3819 4459 3914 4503; x_wconf 91' lang='lat' dir='ltr'><strong>se-</strong></span> <span class='ocrx_word' id='word_1_543' title='bbox 3943 4456 4199 4503; x_wconf 49' lang='lat' dir='ltr'><strong>{conata</strong></span> 
     </span>
     <span class='ocr_line' id='line_1_85' title="bbox 2421 4537 3914 4618; baseline -0.002 -16"><span class='ocrx_word' id='word_1_544' title='bbox 2421 4540 2700 4603; x_wconf 89' lang='lat' dir='ltr'><strong>cundum</strong></span> <span class='ocrx_word' id='word_1_545' title='bbox 2744 4556 2932 4601; x_wconf 91' lang='lat' dir='ltr'><strong>suum</strong></span> <span class='ocrx_word' id='word_1_546' title='bbox 2979 4537 3279 4601; x_wconf 90' lang='lat' dir='ltr'><strong>laborem.</strong></span> <span class='ocrx_word' id='word_1_547' title='bbox 3312 4540 3399 4599; x_wconf 88' lang='lat' dir='ltr'><strong>Et</strong></span> <span class='ocrx_word' id='word_1_548' title='bbox 3440 4560 3584 4618; x_wconf 82' lang='lat' dir='ltr'><strong>quoe</strong></span> <span class='ocrx_word' id='word_1_549' title='bbox 3612 4558 3741 4599; x_wconf 80' lang='lat' dir='ltr'><strong>non</strong></span> <span class='ocrx_word' id='word_1_550' title='bbox 3767 4560 3914 4599; x_wconf 77' lang='lat' dir='ltr'><strong>con—</strong></span> 
     </span>
    </p>

    <p class='ocr_par' dir='ltr' id='par_1_32' title="bbox 2419 4636 3912 4715">
     <span class='ocr_line' id='line_1_86' title="bbox 2419 4636 3912 4715; baseline 0.001 -17"><span class='ocrx_word' id='word_1_551' title='bbox 2419 4639 2598 4698; x_wconf 80' lang='lat' dir='ltr'><strong>cidat</strong></span> <span class='ocrx_word' id='word_1_552' title='bbox 2625 4640 2825 4698; x_wconf 72' lang='lat' dir='ltr'><strong>radim</strong></span> <span class='ocrx_word' id='word_1_553' title='bbox 2867 4638 3228 4715; x_wconf 66' lang='lat' dir='ltr'><strong>sapienetm,</strong></span> <span class='ocrx_word' id='word_1_554' title='bbox 3261 4636 3324 4698; x_wconf 86' lang='lat' dir='ltr'><strong>id</strong></span> <span class='ocrx_word' id='word_1_555' title='bbox 3361 4644 3478 4714; x_wconf 85' lang='lat' dir='ltr'><strong>est,</strong></span> <span class='ocrx_word' id='word_1_556' title='bbox 3515 4636 3770 4699; x_wconf 84' lang='lat' dir='ltr'><strong>habitus</strong></span> <span class='ocrx_word' id='word_1_557' title='bbox 3800 4655 3912 4699; x_wconf 87' lang='lat' dir='ltr'><strong>seu</strong></span> 
     </span>
    </p>

    <p class='ocr_par' dir='ltr' id='par_1_33' title="bbox 2418 4733 3914 4817">
     <span class='ocr_line' id='line_1_87' title="bbox 2418 4733 3914 4817; baseline 0 -19"><span class='ocrx_word' id='word_1_558' title='bbox 2418 4737 2656 4799; x_wconf 91' lang='lat' dir='ltr'><strong>donum</strong></span> <span class='ocrx_word' id='word_1_559' title='bbox 2711 4735 3041 4817; x_wconf 82' lang='lat' dir='ltr'><strong>sapientiae</strong></span> <span class='ocrx_word' id='word_1_560' title='bbox 3089 4733 3358 4812; x_wconf 80' lang='lat' dir='ltr'><strong>stabilis,</strong></span> <span class='ocrx_word' id='word_1_561' title='bbox 3396 4753 3540 4816; x_wconf 83' lang='lat' dir='ltr'><strong>quae</strong></span> <span class='ocrx_word' id='word_1_562' title='bbox 3587 4743 3802 4798; x_wconf 87' lang='lat' dir='ltr'><strong>manet</strong></span> <span class='ocrx_word' id='word_1_563' title='bbox 3845 4736 3914 4797; x_wconf 89' lang='lat' dir='ltr'><strong>in</strong></span> 
     </span>
    </p>

    <p class='ocr_par' dir='ltr' id='par_1_34' title="bbox 2420 4833 3916 4919">
     <span class='ocr_line' id='line_1_88' title="bbox 2420 4833 3916 4919; baseline 0 -22"><span class='ocrx_word' id='word_1_564' title='bbox 2420 4835 2645 4919; x_wconf 88' lang='lat' dir='ltr'><strong>patria,</strong></span> <span class='ocrx_word' id='word_1_565' title='bbox 2682 4834 2949 4917; x_wconf 89' lang='lat' dir='ltr'><strong>spadoni</strong></span> <span class='ocrx_word' id='word_1_566' title='bbox 3003 4834 3112 4897; x_wconf 87' lang='lat' dir='ltr'><strong>tali</strong></span> <span class='ocrx_word' id='word_1_567' title='bbox 3155 4833 3580 4917; x_wconf 83' lang='lat' dir='ltr'><strong>praestabitur.</strong></span> <span class='ocrx_word' id='word_1_568' title='bbox 3614 4834 3783 4898; x_wconf 91' lang='lat' dir='ltr'><strong>Talis</strong></span> <span class='ocrx_word' id='word_1_569' title='bbox 3827 4844 3916 4897; x_wconf 89' lang='lat' dir='ltr'><strong>et—</strong></span> 
     </span>
    </p>

    <p class='ocr_par' dir='ltr' id='par_1_35' title="bbox 2418 4933 3913 5116">
     <span class='ocr_line' id='line_1_89' title="bbox 2418 4933 3913 5018; baseline -0.001 -20"><span class='ocrx_word' id='word_1_570' title='bbox 2418 4935 2613 5012; x_wconf 89' lang='lat' dir='ltr'><strong>enim,</strong></span> <span class='ocrx_word' id='word_1_571' title='bbox 2645 4955 2847 5018; x_wconf 92' lang='lat' dir='ltr'><strong>quum</strong></span> <span class='ocrx_word' id='word_1_572' title='bbox 2892 4943 3104 4998; x_wconf 88' lang='lat' dir='ltr'><strong>careat</strong></span> <span class='ocrx_word' id='word_1_573' title='bbox 3149 4933 3324 4997; x_wconf 87' lang='lat' dir='ltr'><strong>vitiis</strong></span> <span class='ocrx_word' id='word_1_574' title='bbox 3373 4934 3604 5010; x_wconf 85' lang='lat' dir='ltr'><strong>carniS,</strong></span> <span class='ocrx_word' id='word_1_575' title='bbox 3641 4954 3758 4998; x_wconf 88' lang='lat' dir='ltr'><strong>nec</strong></span> <span class='ocrx_word' id='word_1_576' title='bbox 3799 4936 3913 4997; x_wconf 88' lang='lat' dir='ltr'><strong>im-</strong></span> 
     </span>
     <span class='ocr_line' id='line_1_90' title="bbox 2418 5032 3912 5116; baseline 0 -20"><span class='ocrx_word' id='word_1_577' title='bbox 2418 5043 2732 5116; x_wconf 87' lang='lat' dir='ltr'><strong>pugnetur</strong></span> <span class='ocrx_word' id='word_1_578' title='bbox 2769 5034 2850 5096; x_wconf 88' lang='lat' dir='ltr'><strong>ab</strong></span> <span class='ocrx_word' id='word_1_579' title='bbox 2890 5033 3004 5111; x_wconf 72' lang='lat' dir='ltr'><strong>eia,</strong></span> <span class='ocrx_word' id='word_1_580' title='bbox 3048 5034 3126 5095; x_wconf 90' lang='lat' dir='ltr'><strong>ad</strong></span> <span class='ocrx_word' id='word_1_581' title='bbox 3171 5032 3774 5115; x_wconf 89' lang='lat' dir='ltr'><strong>contemplationem</strong></span> <span class='ocrx_word' id='word_1_582' title='bbox 3815 5042 3912 5097; x_wconf 88' lang='lat' dir='ltr'><strong>est</strong></span> 
     </span>
    </p>

    <p class='ocr_par' dir='ltr' id='par_1_36' title="bbox 2415 5130 3908 5214">
     <span class='ocr_line' id='line_1_91' title="bbox 2415 5130 3908 5214; baseline 0.001 -20"><span class='ocrx_word' id='word_1_583' title='bbox 2415 5142 2601 5214; x_wconf 90' lang='lat' dir='ltr'><strong>aptus</strong></span> <span class='ocrx_word' id='word_1_584' title='bbox 2636 5150 2649 5194; x_wconf 88' lang='lat'>:</span> <span class='ocrx_word' id='word_1_585' title='bbox 2684 5132 2869 5212; x_wconf 88' lang='lat' dir='ltr'><strong>cujus</strong></span> <span class='ocrx_word' id='word_1_586' title='bbox 2901 5131 3076 5193; x_wconf 88' lang='lat' dir='ltr'><strong>radix</strong></span> <span class='ocrx_word' id='word_1_587' title='bbox 3107 5140 3170 5193; x_wconf 90' lang='lat' dir='ltr'><strong>et</strong></span> <span class='ocrx_word' id='word_1_588' title='bbox 3211 5130 3410 5211; x_wconf 79' lang='lat' dir='ltr'><strong>origO,</strong></span> <span class='ocrx_word' id='word_1_589' title='bbox 3445 5138 3543 5193; x_wconf 92' lang='lat' dir='ltr'><strong>est</strong></span> <span class='ocrx_word' id='word_1_590' title='bbox 3581 5132 3908 5213; x_wconf 84' lang='lat' dir='ltr'><strong>sapientiae</strong></span> 
     </span>
    </p>

    <p class='ocr_par' dir='ltr' id='par_1_37' title="bbox 2412 5228 3900 5312">
     <span class='ocr_line' id='line_1_92' title="bbox 2412 5228 3900 5312; baseline 0 -20"><span class='ocrx_word' id='word_1_591' title='bbox 2412 5232 2650 5293; x_wconf 88' lang='lat' dir='ltr'><strong>donum</strong></span> <span class='ocrx_word' id='word_1_592' title='bbox 2667 5249 2684 5311; x_wconf 91' lang='lat'>;</span> <span class='ocrx_word' id='word_1_593' title='bbox 2707 5250 2784 5293; x_wconf 91' lang='lat' dir='ltr'><strong>cu</strong></span> <span class='ocrx_word' id='word_1_594' title='bbox 2788 5231 2893 5311; x_wconf 86' lang='lat' dir='ltr'><strong>jus</strong></span> <span class='ocrx_word' id='word_1_595' title='bbox 2921 5238 3113 5303; x_wconf 78' lang='lat' dir='ltr'><strong>actuS,</strong></span> <span class='ocrx_word' id='word_1_596' title='bbox 3137 5236 3234 5291; x_wconf 90' lang='lat' dir='ltr'><strong>est</strong></span> <span class='ocrx_word' id='word_1_597' title='bbox 3264 5228 3713 5311; x_wconf 89' lang='lat' dir='ltr'><strong>contemplatio</strong></span> <span class='ocrx_word' id='word_1_598' title='bbox 3741 5230 3900 5312; x_wconf 87' lang='lat' dir='ltr'><strong>ipsa.</strong></span> 
     </span>
    </p>
   </div>
   <div class='ocr_carea' id='block_1_15' title="bbox 810 5325 3901 5409">
    <p class='ocr_par' dir='ltr' id='par_1_38' title="bbox 810 5325 3901 5409">
     <span class='ocr_line' id='line_1_93' title="bbox 810 5325 3901 5409; baseline 0 -18"><span class='ocrx_word' id='word_1_599' title='bbox 810 5326 1083 5391; x_wconf 89' lang='lat' dir='ltr'><strong>castitati</strong></span> <span class='ocrx_word' id='word_1_600' title='bbox 1134 5325 1374 5391; x_wconf 87' lang='lat' dir='ltr'><strong>viduali</strong></span> <span class='ocrx_word' id='word_1_601' title='bbox 1438 5326 1921 5406; x_wconf 88' lang='lat' dir='ltr'><strong>sexagesimum,</strong></span> <span class='ocrx_word' id='word_1_602' title='bbox 1976 5328 2301 5408; x_wconf 86' lang='lat' dir='ltr'><strong>conjugali</strong></span> <span class='ocrx_word' id='word_1_603' title='bbox 2410 5329 2487 5391; x_wconf 88' lang='lat' dir='ltr'><strong>Et</strong></span> <span class='ocrx_word' id='word_1_604' title='bbox 2533 5328 2668 5392; x_wconf 83' lang='lat' dir='ltr'><strong>haec</strong></span> <span class='ocrx_word' id='word_1_605' title='bbox 2699 5326 2877 5391; x_wconf 88' lang='lat' dir='ltr'><strong>radix</strong></span> <span class='ocrx_word' id='word_1_606' title='bbox 2905 5327 3236 5409; x_wconf 80' lang='lat' dir='ltr'><strong>sapientiae</strong></span> <span class='ocrx_word' id='word_1_607' title='bbox 3265 5327 3500 5392; x_wconf 89' lang='lat' dir='ltr'><strong>dicitur</strong></span> <span class='ocrx_word' id='word_1_608' title='bbox 3539 5346 3664 5392; x_wconf 91' lang='lat' dir='ltr'><strong>non</strong></span> <span class='ocrx_word' id='word_1_609' title='bbox 3693 5328 3901 5393; x_wconf 89' lang='lat' dir='ltr'><strong>conci-</strong></span> 
     </span>
    </p>
   </div>
  </div>
 </body>
</html>
