4284 6267
92 1387 168 1431 Ιοὸ
185 1400 314 1440 xxm,

93 2872 252 2953 palat.
277 2888 319 2923 v,

99 2956 108 2975 ι
120 2968 130 2977 .

104 2998 254 3042 1Petr.
273 3013 316 3049 ιι,

81 3464 166 3506 Jer.
181 3478 236 3515 tx,
255 3466 321 3510 21.

95 3562 245 3606 Thu-en.
264 3576 324 3613 m,

979 514 1332 563 ENARRATIO
1375 515 1438 560 IN
1480 514 1618 561 GAP.
1665 512 1687 559 1
1727 510 1966 559 CANTIGI
2006 510 2409 560 cmconuu.
2454 533 2536 543 —
2574 513 2717 559 ΛΒΤ.
2762 513 2825 559 tv

3322 498 3438 564 317

335 684 694 750 formosam
733 690 758 749 3
811 688 1274 769 Respondetur,
1325 687 1498 767 quod
1557 684 1838 748 formosa
1869 684 1921 747 A
1950 684 2002 747 si
2029 685 2242 748 debite
2270 684 2706 764 gubernentur
2733 694 2796 749 et
2829 687 3222 765 excolantur,
3247 706 3440 771 opera

333 794 440 847 est
469 787 822 849 secundum
856 788 1117 851 modum
1150 787 1290 861 viae,
1327 804 1454 849 non
1491 785 1746 867 patriae3
1781 794 1844 846 et

337 902 460 965 per
498 885 934 948 exclusionem
974 885 1184 947 omnis
1225 884 1535 959 mortaliS,
1572 900 1700 945 non
1741 902 1845 946 ve-

339 982 561 1059 nialiS,
589 983 865 1064 peccati3
899 990 961 1045 et
998 984 1152 1065 quia
1189 983 1268 1045 de
1310 982 1442 1044 suis
1486 980 1844 1045 venialibus

339 1079 604 1143 assidue
636 1081 904 1162 poenitct
932 1100 1006 1143 ac
1037 1088 1366 1162 purgatur,
1387 1079 1475 1141 ita
1503 1080 1672 1160 quod
1701 1096 1848 1159 quo·

341 1179 506 1241 tidie
541 1179 823 1261 amplius
865 1178 1148 1261 proficit,
1173 1198 1364 1260 quam
1403 1178 1746 1240 decrescat.
1771 1176 1847 1237 Et

339 1278 529 1359 juxta
557 1277 732 1340 hunc
757 1296 1016 1339 sensum
1052 1285 1310 1339 sanctus
1338 1276 1455 1339 Job
1485 1274 1840 1337 fatebatur:

345 1376 565 1457 Neque
605 1375 1017 1458 reprehendit
1046 1394 1148 1439 me
1186 1394 1295 1439 cor
1327 1393 1542 1437 meum
1573 1373 1639 1434 in
1667 1372 1844 1436 omni

345 1475 485 1539 vita
527 1494 694 1537 mea.

427 1572 740 1647 Quoniam
797 1571 1012 1653 itaque
1062 1570 1538 1653 comparatione
1597 1569 1838 1651 sponsi,

345 1672 564 1734 anima
597 1679 815 1733 sancta
847 1669 1134 1733 affirmat
1163 1689 1230 1733 se
1263 1670 1530 1750 nigram,
1556 1668 1791 1751 adjecit
1823 1688 1838 1733 τ

347 1772 518 1839 Quia
565 1772 964 1830 decoloravit
1015 1790 1114 1830 me
1158 1773 1273 1841 sol,
1312 1768 1376 1831 id
1433 1776 1552 1845 cst,
1590 1786 1843 1849 compa-

1950 782 2287 865 proferunt
2324 783 2625 860 virtuosa,
2669 792 2779 846 aut
2826 785 3175 867 disponunt
3220 788 3300 850 ad
3340 807 3434 850 ea.

1970 884 2233 944 Vineam
2264 904 2465 943 meam
2498 903 2629 943 non
2656 887 2977 945 custodivi
3007 906 3031 945 .·
3062 885 3127 947 id
3152 894 3270 962 est,
3294 905 3443 950 con-

1952 980 2189 1061 geriem
2248 980 2577 1044 vinearum
2642 980 2905 1043 istarum
2965 1000 3091 1045 non
3153 984 3241 1047 ita
3296 985 3441 1047 dili-

1953 1086 2175 1158 genter
2214 1078 2485 1155 excolui,
2524 1080 2817 1161 purgavi,
2859 1089 2923 1143 et
2964 1080 3327 1161 fecundavi,
3372 1092 3443 1146 ut

1955 1175 2168 1237 debui.
2218 1176 2419 1239 Vinea
2467 1196 2726 1259 quoque
2775 1177 2967 1257 bona,
3020 1188 3117 1242 est
3173 1200 3319 1245 caro
3373 1182 3440 1244 in

1957 1274 2219 1355 spiritus
2258 1275 2631 1338 servitutem
2663 1278 2936 1355 redacta,
2972 1280 3124 1342 dum
3156 1281 3443 1344 membra

1956 1371 2097 1453 ejus
2145 1372 2528 1436 exhibentur
2574 1394 2751 1437 arma
2794 1376 3058 1457 justitiae
3116 1379 3261 1457 Deo,
3315 1400 3441 1444 non

1955 1490 2130 1533 arma
2180 1471 2539 1553 iniquitatis
2582 1483 2863 1555 peecat0.
2918 1476 3155 1539 Rursus
3206 1479 3443 1560 princi-

1955 1568 2118 1649 palis
2164 1568 2351 1631 vinea
2397 1570 2647 1647 animae,
2682 1580 2777 1633 est
2819 1591 2965 1654 pars
3014 1575 3153 1656 ejus
3201 1576 3444 1641 intelle-

1953 1665 2143 1744 ctiva,
2186 1666 2253 1729 in
2296 1686 2425 1749 qua
2466 1688 2731 1731 summae
2770 1670 3097 1733 Trinitatis
3147 1676 3441 1738 consistit

1955 1766 2163 1846 imago
2186 1785 2409 1848 :quam
2444 1766 2693 1830 vineam
2724 1776 3024 1850 tanquam
3056 1773 3441 1856 praecipuam

3516 1296 3531 1341 Ι
3550 1297 3655 1341 Cor.
3672 1308 3729 1345 ix,

3468 1362 3539 1407 27.

3468 1424 3596 1467 Rom.
3608 1423 3687 1474 vm
3696 1423 3733 1465 2.

342 1869 594 1931 ratione
641 1868 846 1949 ipsius
893 1866 1250 1930 deformem
1296 1886 1400 1927 mc
1447 1865 1675 1944 sentiO,
1727 1863 1841 1947 qui
1879 1864 2138 1927 Bdebet
2187 1865 2403 1927 anima
2454 1884 2567 1947 per
2626 1866 2828 1946 legem
2890 1868 2997 1932 Dei
3048 1888 3121 1932 ac
3170 1874 3437 1952 gratiam

341 1967 518 2031 solus
573 1964 1333 2047 incircumscriptibiliter
1392 1965 1584 2042 lucet,
1635 1971 1698 2027 et
1745 1964 1842 2025 in-

337 2064 866 2148 comparabiliter
908 2074 1167 2126 sanctus
1211 2073 1328 2127 est.

419 2164 730 2227 Praeterea
781 2163 1002 2224 anima
1058 2162 1555 2245 contemplativa
1604 2161 1838 2225 Christi

337 2281 588 2345 sponsa,
605 2280 682 2325 ex
707 2268 886 2343 parte
909 2280 1223 2343 supremae
1248 2280 1378 2323 suae
1405 2260 1718 2343 portionis
1749 2261 1842 2322 in-

339 2360 806 2441 tellectivaeque
835 2360 1054 2441 partiS,
1069 2359 1160 2421 ait
1183 2378 1196 2422 :
1221 2361 1387 2421 Filii
1407 2362 1640 2419 matris
1663 2378 1835 2431 meoe,

341 2460 404 2522 id
433 2466 530 2522 est
563 2457 866 2540 potentiae
895 2465 960 2519 et
987 2456 1370 2521 affectiones
1398 2466 1460 2520 et
1491 2465 1666 2520 actus
1705 2476 1843 2519 sen-

343 2558 552 2622 sitivae
584 2556 807 2639 partiS,
839 2556 1291 2637 appetitusque
1320 2556 1842 2638 concupiscibilis

347 2665 410 2721 et
448 2654 818 2733 irascibilis,
853 2662 916 2717 et
964 2654 1292 2736 passiones
1340 2673 1581 2731 earum,
1616 2674 1842 2718 sensus

347 2774 608 2837 quoque
647 2752 992 2817 exteriores
1035 2761 1098 2815 et
1136 2752 1491 2829 interioreS,
1512 2774 1846 2832 puqnave—

347 2862 504 2914 rant
522 2862 752 2913 contra
774 2872 891 2913 me.
907 2850 1065 2913 Caro
1095 2850 1268 2913 enim
1307 2852 1704 2934 concupiscit
1731 2853 1838 2915 ad·-

349 2969 576 3015 versus
613 2950 936 3032 spiritum,
956 2958 1018 3012 et
1056 2948 1337 3011 carnalia
1376 2950 1692 3013 desideria
1733 2952 1845 3013 mi-

1951 1963 2291 2041 custodire‚
2324 1964 2504 2045 juxta
2552 1963 2733 2041 illud,
2770 1964 2957 2029 Omni
3006 1970 3295 2033 custodia
3337 1990 3441 2034 cu·
3467 1998 3733 2047 mamas.

1951 2062 2116 2124 stodi
2156 2080 2265 2125 cor
2308 2070 2507 2124 tuum.
2544 2062 2777 2127 Verum
2816 2064 2981 2128 hanc
3012 2067 3263 2131 vineam
3311 2089 3437 2135 non

1950 2161 2249 2236 custodit,
2284 2161 2435 2223 dum
2478 2162 2999 2227 distractionibus
3047 2165 3437 2246 immoratur,

1951 2260 2102 2321 dum
2164 2258 2541 2323 inordinatas
2597 2261 2979 2342 appetitioni
3037 2265 3145 2328 dat
3202 2265 3437 2346 locum,

1949 2358 2102 2419 dum
2141 2358 2401 2439 januam
2446 2359 2681 2421 mentis
2727 2360 2932 2441 aperit
2969 2362 3159 2439 hosti,
3195 2374 3305 2427 aut
3350 2366 3443 2429 rei

1950 2456 2266 2520 consentit
2293 2457 2549 2534 illicitae,
2564 2464 2629 2520 et
2651 2477 2866 2522 coram
2890 2460 3015 2524 Deo
3046 2462 3445 2544 negligenter

1953 2574 2020 2617 se
2067 2554 2282 2632 habet,
2316 2555 2649 2637 ipsamque
2688 2555 3012 2620 dominam
3056 2559 3137 2622 ab
3185 2563 3439 2642 ancilla,

1955 2654 2015 2716 id
2067 2660 2164 2715 est
2212 2653 2669 2717 intellectivam
2712 2674 2747 2716 a
2796 2656 3122 2735 sensitiva,
3157 2663 3444 2741 superari

1954 2752 2304 2835 permittit:
2335 2751 2507 2833 quod
2547 2752 2761 2814 anima
2800 2772 3092 2818 amorosa
3134 2765 3196 2819 et
3227 2770 3445 2824 sancta

1955 2851 2276 2913 interdum
2305 2868 2373 2911 se
2403 2848 2634 2912 fecisse
2662 2869 2736 2913 ac
2766 2852 3151 2933 permisisse,
3170 2874 3298 2919 non
3332 2858 3445 2920 im-

1954 2949 2183 3012 merito
2227 2948 2629 3010 lamentatur.

350 3048 538 3111 litant
567 3056 790 3112 contra
820 3048 1114 3125 animam,
1133 3048 1196 3109 id
1227 3055 1324 3110 est
1352 3056 1574 3111 contra
1602 3058 1844 3130 partem
1880 3053 1924 3116 C
2035 3049 2268 3109 Indica
2300 3048 2486 3119 milei,
2520 3067 2707 3127 quem
2745 3050 2970 3127 diliyit
3010 3054 3235 3113 anima
3278 3075 3444 3128 mea,
3585 3068 3621 3123 6

349 3148 492 3229 ejus
534 3146 958 3229 superiorem.
995 3145 1302 3208 Similiter
1346 3164 1564 3209 sensus
1615 3147 1847 3209 exteri-

347 3263 491 3308 ores
541 3242 1212 3327 repraesentationibus
1260 3243 1658 3325 objectorum
1701 3263 1846 3308 suo-

349 3364 491 3406 rum
522 3351 588 3407 et
617 3342 979 3405 incustodia
1008 3361 1124 3404 sua
1154 3350 1430 3405 mentem
1461 3360 1590 3405 non
1621 3361 1844 3425 parum

350 3443 736 3525 impugnant
770 3461 785 3506 ε
819 3441 906 3504 ita
935 3441 1108 3523 quod
1148 3459 1316 3504 mors
1348 3441 1703 3522 ingreditur
1733 3462 1848 3525 per

355 3542 690 3619 fenestraS,
724 3549 788 3605 et
830 3540 1054 3604 oculus
1098 3540 1376 3602 animam
1420 3541 1844 3622 depraedatur.

349 3640 544 3705 Porro
601 3640 910 3704 sensitiva
964 3658 1132 3721 parS,
1187 3645 1387 3701 mater
1442 3638 1846 3704 intellectivae

352 3742 553 3822 partis
601 3746 885 3815 vocatur,
937 3737 1092 3818 quia
1138 3736 1418 3816 cognitio
1475 3746 1692 3801 nostra
1750 3738 1847 3800 in-

349 3837 674 3903 tellectiva
713 3835 1045 3900 exordium
1085 3836 1282 3897 sumit
1317 3855 1356 3897 a
1393 3836 1738 3917 sensitiva3
1784 3845 1847 3899 et

347 3936 640 4001 omnium
681 3932 1136 4017 potentiarum,
1167 3931 1590 3995 affectionum
1636 3942 1699 3997 et
1745 3954 1848 3998 ac-

347 4036 598 4098 tionum
637 4052 900 4095 suarum
937 4031 1077 4113 ipsa
1105 4032 1320 4093 anima
1351 4032 1586 4095 dieitur
1615 4044 1840 4110 mater,

348 4134 500 4216 quia
540 4132 759 4194 fluunt
796 4129 875 4192 ab
923 4148 1019 4206 ea,
1053 4139 1116 4191 et
1157 4130 1296 4211 ipsa
1337 4130 1590 4193 illarum
1632 4132 1845 4214 subje-

1958 3147 2020 3208 id
2070 3154 2167 3209 est
2212 3162 2328 3225 ego
2378 3145 2539 3226 ipsa,
2576 3164 2718 3226 quae
2768 3148 2895 3211 mei
2939 3168 3081 3212 sum
3124 3150 3286 3231 juris
3330 3173 3446 3235 per

1956 3243 2143 3307 liberi
2184 3262 2369 3305 usum
2417 3243 2707 3325 arbitrii3
2742 3246 2866 3323 vel,
2899 3247 3127 3311 Anima
3174 3270 3337 3329 mea,
3381 3252 3444 3315 id

1954 3351 2051 3406 est
2085 3342 2217 3405 vita
2256 3360 2397 3405 mea
2434 3342 2730 3405 animalis
2762 3363 2874 3407 seu
2914 3346 3299 3431 spiritualis3
3334 3352 3449 3411 ubi

1947 3462 2200 3519 pasca-3,
2251 3443 2366 3501 ubi
2410 3444 2594 3501 cubes
2634 3444 2701 3502 in
2756 3446 3049 3518 meridie,
3103 3446 3167 3509 id
3215 3456 3332 3526 est,
3379 3449 3446 3510 in

1955 3538 2193 3619 quibus
2225 3537 2545 3601 mentibus
2588 3546 2715 3601 tam
2754 3540 3211 3624 triumphantis
3250 3565 3445 3627 quam

1955 3636 2291 3699 militantis
2332 3635 2628 3700 Ecclesiae
2667 3642 3100 3720 commoreriS‚
3136 3662 3242 3705 eas
3276 3645 3447 3707 salu-

1954 3735 2155 3798 briter
2202 3735 2565 3812 nutriend0,
2598 3745 2789 3818 atque
2832 3738 2898 3799 in
2938 3739 3029 3801 eis
3076 3759 3190 3821 per
3228 3742 3445 3805 lumen

1955 3834 2535 3916 contemplationiS‚
2569 3842 2680 3897 aut
2727 3854 2841 3917 per
2880 3835 3150 3917 gloriam
3196 3840 3447 3903 beatifi-

1954 3952 2043 3996 cae
2075 3932 2401 3997 fruitionis
2431 3933 2943 4024 conquiescendo
2971 3955 2986 4000 :
3022 3946 3333 4018 quatenus
3364 3941 3446 4003 ad

1956 4040 2201 4095 mentes
2249 4050 2396 4095 vere
2443 4030 2661 4093 beatas
2722 4032 3035 4114 suspirem
3086 4053 3157 4099 ae
3207 4038 3448 4119 pertin-

1955 4149 2100 4212 gere
2145 4148 2505 4212 properem,
2546 4139 2791 4192 mentes
2840 4150 3097 4214 quoque
3145 4136 3445 4201 viatrices

350 4242 526 4295 ctum
556 4238 657 4293 est
687 4237 750 4292 et
774 4229 974 4308 origo.
1007 4228 1244 4291 Sensus
1275 4230 1466 4291 etiam
1507 4230 1845 4295 interiores
1881 4240 1930 4302 D
1959 4248 2107 4291 vere
2155 4229 2463 4291 virtuosas
2516 4238 2579 4290 et
2629 4231 3155 4311 contemplativas
3206 4244 3377 4298 secta
3392 4237 3446 4299 ri

352 4330 486 4393 suis
519 4326 1086 4410 imaginationibus
1116 4336 1308 4408 atque
1337 4329 1717 4392 tumultibus
1747 4350 1849 4395 va-

353 4430 449 4493 ria
477 4428 740 4511 pariunt
758 4426 1218 4508 impedimenta
1247 4426 1714 4491 recollectionis
1745 4432 1848 4495 de-

353 4526 762 4608 votionisque
819 4524 1044 4587 menti.
1095 4523 1355 4605 Propter
1401 4526 1573 4605 quod
1629 4528 1849 4593 anima

351 4646 467 4709 per
489 4623 852 4707 superiores
884 4641 1029 4685 suas
1053 4622 1220 4686 vires
1252 4641 1318 4684 se
1341 4623 1673 4700 custodire,
1694 4626 1852 4691 infe-

353 4726 686 4805 rioresque
715 4722 886 4786 vires
923 4738 1142 4801 regere
1177 4720 1535 4784 necessario
1572 4723 1842 4805 indiget.

398 4843 406 4851 ·
431 4823 772 4905 Propterea
807 4818 1027 4882 subdit
1058 4838 1072 4882 z
1107 4822 1478 4881 Posuerunt
1509 4842 1609 4881 me
1639 4834 1849 4885 custo-

349 4926 496 4983 dem
527 4924 602 4982 in
633 4922 844 4981 vineis
873 4940 896 4978 .·
929 4918 992 4980 id
1024 4924 1140 4995 est,
1172 4916 1421 5000 praefati
1455 4917 1582 4980 filii
1619 4921 1847 4983 matris

351 5039 510 5083 meae
552 5018 1003 5100 compulerunt
1040 5036 1142 5080 me
1184 5024 1248 5080 et
1288 5016 1686 5080 occasionem
1743 5021 1850 5083 de-

352 5122 606 5197 derunt,
641 5128 713 5182 ut
741 5118 865 5181 sim
893 5126 1108 5181 custos
1137 5116 1373 5181 virium
1406 5137 1716 5195 mearum,
1753 5121 1850 5183 in-

351 5218 789 5299 teriorumque
823 5236 1126 5279 sensuum
1162 5224 1224 5278 et
1257 5216 1658 5298 appetituum
1705 5238 1849 5281 sen-

353 5315 690 5380 sitivorum
725 5332 740 5379 :
788 5333 930 5395 quae
972 5313 1178 5378 vineae
1220 5313 1649 5396 appellantur,
1691 5316 1850 5399 quia

1959 4348 2088 4391 non
2126 4346 2393 4391 cessem.
2420 4330 2519 4391 Ne
2548 4332 2779 4406 vaqari
2803 4332 3119 4409 incipiam
3139 4346 3285 4411 post
3306 4356 3449 4414 yre.

1955 4448 2062 4505 9es
2079 4430 2405 4488 sodalium
2427 4436 2704 4495 tuorum,
2721 4427 2786 4489 id
2814 4436 2930 4504 est,
2947 4448 3028 4492 ne
3055 4431 3342 4515 decepta,
3356 4455 3449 4499 se-

1957 4545 2118 4607 quar
2145 4524 2625 4588 multitudinem
2662 4525 3017 4589 animarum
3050 4532 3399 4596 errantium
3427 4553 3443 4597 ε

1956 4643 2099 4705 quae
2126 4624 2441 4686 virtuosas
2472 4642 2539 4686 se
2569 4624 2893 4703 simulant,
2915 4645 3112 4707 quum
3142 4630 3448 4696 exsistant

1956 4722 2347 4805 hypocritae:
2392 4721 2561 4784 unde
2608 4721 2729 4784 sub
2778 4724 3175 4789 vestimentis
3223 4730 3441 4794 ovium
3482 4760 3733 4814 mmm„

1955 4831 2018 4885 et
2047 4821 2260 4903 specie
2290 4821 2592 4884 bonitatis
2622 4822 2953 4903 decipiunt
2982 4824 3331 4907 simplices.
3366 4832 3444 4894 Et
3474 4825 3540 4869 ¹³·

1955 4921 2111 4982 tales
2169 4919 2420 4997 animae,
2469 4935 2689 5000 greges
2748 4929 2897 4982 sunt
2952 4930 3205 4985 tuorum
3266 4930 3443 4992 soda-

1954 5019 2127 5093 lium,
2145 5018 2210 5080 id
2233 5026 2329 5080 est
2356 5020 2877 5097 congregationes
2905 5022 3257 5086 carnalium
3289 5046 3443 5109 prae-

1954 5119 2227 5181 latorum
2261 5116 2868 5199 praesidentiumque
2906 5138 3246 5201 pravorum
3282 5142 3295 5187 :
3328 5128 3443 5209 qui

1954 5218 2022 5279 in
2059 5216 2430 5298 praelatione
2473 5224 2677 5278 tecum
2720 5219 3217 5300 communicant,
3252 5232 3315 5287 et
3352 5227 3443 5290 vi-

1951 5314 2108 5379 carii
2137 5313 2231 5377 tui
2270 5313 2591 5391 dicuntur,
2620 5333 2815 5396 seque
2845 5315 2962 5379 tibi
2990 5318 3309 5387 cohaerere
3348 5324 3447 5388 af·
