4284 6267
627 1056 694 1112 13

617 2643 685 2699 14

610 4717 677 4773 15

826 475 945 540 320
1450 498 1803 545 amanum
1844 498 1908 545 m
1949 498 2088 544 cu.
2135 498 2158 543 ι
2200 496 2441 545 cmm!
2482 497 2887 547 CAN-ticonius.
2934 520 3015 529 —
3054 502 3195 548 Anr.
3242 501 3305 546 tv

825 683 964 728 rum
991 666 1401 749 dispositione
1427 667 1580 731 facit
1603 688 1742 731 eam
1774 676 2152 731 contentam.
2169 668 2321 730 Prae-
2349 666 2400 729 A
2431 668 2625 747 tione,
2672 690 2813 733 mea
2859 670 3154 734 consistit
3199 669 3547 747 beatitudo,
3601 677 3793 751 atque
3838 687 3917 731 ex

823 763 1010 844 cipue
1047 784 1304 847 quoque
1341 786 1477 829 eam
1522 765 1824 843 oblectat,
1864 768 2016 829 dum
2057 785 2321 830 conver·
2428 768 2923 848 pulchritudinis
2976 778 3097 833 tuae
3140 766 3647 832 consideratione
3698 767 3915 830 multi-

827 860 900 922 tit
929 862 1174 945 iniquos
1199 873 1261 928 et
1292 865 1844 946 mundanos,quos
1872 866 1947 927 ad
1972 864 2314 927 virtuosam
2427 866 2571 948 plex
2615 867 2773 929 mihi
2818 867 3023 932 oritur
3072 867 3338 942 fructuS,
3380 867 3683 949 gaudium
3732 867 3915 949 spiri-

822 978 896 1022 ac
929 960 1292 1043 religiosam
1323 963 1872 1026 conversationem
1905 964 2197 1045 perducit
2222 969 2322 1026 :et
2431 963 2596 1026 tuale
2644 964 2708 1026 in
2762 965 3049 1041 Domino,
3084 964 3548 1045 congratulatio
3596 983 3910 1027 amorosa.

825 1066 977 1122 tunc
1019 1079 1254 1142 sponsa
1293 1062 1504 1125 dicere
1547 1062 1738 1125 habet
1771 1082 1784 1126 :
1821 1066 2058 1124 Botrus
2091 1062 2312 1140 Cypri,
2426 1062 2675 1125 Etenim
2709 1070 2881 1126 tuam
2914 1063 3335 1137 sanctitatem,
3356 1062 3915 1145 sapientiam,per·

821 1160 1094 1218 dilectus
1127 1181 1303 1220 meus
1335 1163 1521 1221 mihi.
2426 1159 2768 1225 sectionem
2825 1162 3174 1245 pensand0,
3226 1181 3433 1225 meam
3492 1162 3557 1224 in
3614 1162 3913 1225 omnibus

899 1256 1160 1339 Insuper
1192 1259 1343 1321 dum
1375 1259 1676 1321 universa
1704 1277 1844 1339 quae
1877 1257 2167 1319 Christus
2199 1276 2315 1339 pro
2424 1260 2999 1341 imperfectionem,
3052 1259 3732 1342 defectuositatemque
3778 1280 3914 1324 cer-

819 1354 1005 1417 nobis
1048 1356 1372 1433 sustinuit,
1407 1356 1619 1419 anima
1660 1356 1946 1419 virtuosa
1995 1356 2058 1419 in
2113 1376 2312 1418 unum
2424 1376 2528 1435 no,
2560 1368 2625 1422 et
2656 1360 2746 1421 tui
2777 1358 3248 1441 comparatione
3286 1360 3525 1441 jugiter
3562 1359 3720 1421 mihi
3757 1359 3913 1423 vile—

821 1453 1154 1534 recolligit,
1207 1462 1273 1518 et
1318 1456 1810 1536 congregatione
1867 1455 2057 1517 unius
2119 1454 2311 1518 fascis
2422 1476 2549 1520 sco.
2594 1458 2751 1522 Hine
2800 1458 2958 1521 utile
3007 1467 3071 1521 et
3117 1457 3372 1521 salubre
3418 1467 3535 1535 est,
3586 1477 3654 1521 se
3698 1458 3909 1541 ipsum

817 1552 1131 1633 colligata,
1168 1573 1298 1617 suae
1347 1554 1478 1617 haec
1529 1555 1855 1617 memoriae
1904 1554 2312 1617 tenacissime
2420 1567 2711 1638 respectu
2762 1558 3150 1620 sanctiorum
3199 1575 3271 1619 ac
3322 1555 3771 1639 perfectiorum
3824 1566 3911 1619 at-

818 1649 1377 1734 indelebiliterque
1409 1652 1648 1733 infigit,
1673 1652 1885 1716 dicere
1917 1660 2124 1734 potest
2158 1669 2173 1713 :
2210 1652 2312 1715 Fa·
2423 1656 2677 1717 tendere
2708 1675 2722 1719 :
2760 1662 3073 1736 quatenus
3112 1654 3369 1717 illorum
3407 1654 3903 1737 comparatione,

817 1748 1093 1813 sciculus
1134 1752 1426 1833 myrrhae,
1461 1752 1734 1814 dilectus
1774 1770 1953 1813 meus
1995 1751 2177 1827 mihi,
2214 1751 2311 1813 in-
2420 1760 2591 1815 tanto
2621 1752 2755 1834 plus
2786 1772 2853 1815 se
2884 1752 3319 1834 unusquisque
3347 1751 3657 1829 humiliet,
3676 1762 3909 1834 quanto

818 1855 912 1910 ter
942 1849 1140 1911 ubera
1172 1868 1310 1912 mea
1341 1849 1862 1914 commorabitur.
1906 1849 2119 1924 Porro,
2154 1850 2305 1912 dum
2345 1851 2391 1914 B
2418 1870 2485 1913 se
2525 1850 2654 1913 illis
2692 1851 3231 1933 imperfectiorem
3268 1870 3341 1913 ac
3361 1849 3901 1916 defectuosiorem

813 1964 1066 2010 omnem
1101 1947 1472 2011 felicitatem
1505 1968 1577 2011 ac
1609 1948 1878 2029 gloriam
1913 1948 2136 2031 sponsi
2180 1949 2303 2026 sui,
2416 1950 2765 2029 cognoscit.

813 2054 942 2107 tam
989 2045 1333 2109 increatam
1373 2047 1723 2110 secundum
1765 2047 1936 2129 quod
1983 2047 2142 2109 Deus
2182 2055 2302 2124 est,
2499 2052 2796 2109 Lectulus
2828 2057 3037 2109 noster
3063 2050 3363 2125 florida-3.
3401 2046 3603 2122 Quare
3634 2067 3759 2112 non
3790 2049 3903 2125 ait,

809 2164 1003 2226 quam
1061 2153 1336 2221 creatam
1401 2147 1750 2208 secundum
1814 2154 2106 2208 naturam
2164 2146 2306 2227 ejus
2414 2146 2637 2208 Lectus
2680 2154 2915 2223 noster,
2949 2146 3058 2208 sed
3089 2145 3247 2208 tanti
3281 2147 3498 2229 sponsi
3546 2157 3909 2228 repausato-

810 2249 1223 2324 assumptam,
1258 2242 1659 2322 considerat3
1694 2250 1844 2304 tunc
1889 2242 1948 2303 ei
1993 2242 2163 2303 idem
2213 2242 2307 2304 di-
2413 2242 2603 2320 rium,
2654 2244 2943 2307 nominat
2999 2243 3342 2307 lectulum?
3396 2245 3471 2307 Et
3518 2246 3908 2327 responden-

811 2339 1011 2403 lectus
1040 2348 1136 2403 est
1174 2340 1395 2403 botrus
1433 2340 1622 2423 Cypri
1659 2360 1672 2404 :
1711 2347 1900 2421 prout
1941 2340 2047 2402 hic
2079 2360 2305 2403 sensus
2416 2344 2587 2418 dum,
2623 2344 2793 2425 quod
2838 2343 3055 2425 aliqua
3099 2351 3368 2425 possunt
3410 2346 3681 2425 exprimi
3722 2345 3908 2407 dimi-

810 2458 887 2501 ex
943 2439 1320 2521 praecedenti
1371 2438 1770 2521 expositione
1820 2438 2056 2501 clarius
2121 2440 2306 2502 inno·
2414 2442 2632 2506 nutive
2676 2442 2893 2504 multis
2937 2461 3013 2505 ex
3053 2443 3284 2519 causis,
3314 2442 3611 2506 videlicet.
3654 2444 3901 2507 ratione

812 2536 1017 2601 tescit.
2415 2539 2816 2618 urbanitatiS,
2850 2540 3093 2603 ratione
3132 2542 3469 2623 praecipuae
3512 2541 3901 2620 dilectioniS,

895 2639 1051 2698 Ecce
1081 2644 1153 2696 tu
1183 2638 1464 2713 pulchra
1493 2657 1578 2704 ee,
1610 2638 1822 2697 amica
1865 2657 2029 2705 mea,
2059 2658 2193 2697 ecce
2233 2645 2303 2697 tu
2416 2638 2660 2701 ratione
2689 2657 2935 2719 magnae
2974 2637 3473 2703 humiliationis:
3500 2647 3564 2701 et
3600 2639 3903 2702 omnibus

802 2734 1306 2813 pulchra.Quam
1340 2733 1766 2798 ineffabiliter
1793 2735 2303 2815 supernaturalia
2414 2736 2620 2798 modis
2668 2736 2789 2814 his,
2833 2736 3219 2799 diminutive
3271 2736 3376 2800 hic
3424 2736 3659 2800 dicitur
3707 2738 3905 2801 lectu-

805 2835 992 2911 dona,
1027 2834 1325 2898 videlicet
1377 2833 1578 2913 gratia
1625 2831 2026 2912 gratificanS,
2060 2842 2122 2895 et
2175 2834 2303 2898 vir—
2414 2835 2536 2897 lus,
2587 2834 2945 2916 Aliquando
2992 2835 3182 2898 etiam
3244 2835 3489 2898 ratione
3536 2834 3905 2901 vilificatio-

803 2940 969 2995 tutes
1000 2932 1246 3008 infusae,
1268 2951 1340 2995 ac
1372 2940 1617 3014 septem
1648 2932 1816 2995 dona
1845 2931 2121 3013 Spiritus
2152 2931 2301 2995 San·
2414 2935 2535 3011 nis,
2587 2934 2973 3015 quandoque
3019 2934 3097 2995 ad
3156 2933 3608 2996 insinuandum
3658 2934 3725 2997 in
3774 2936 3901 3000 alio

801 3032 885 3095 cti
932 3040 996 3095 et
1042 3040 1220 3095 actus
1266 3050 1510 3106 eorum,
1541 3038 1793 3106 ornent,
1837 3029 2299 3111 pulchrificent
2334 3032 2378 3096 C
2406 3034 2672 3113 gradum
2724 3052 2855 3095 suae
2896 3031 3227 3114 parvitatis
3277 3042 3385 3094 aut
3428 3031 3895 3097 inferioritatis,

798 3139 990 3213 atque
1020 3130 1362 3194 nobilitent
1391 3129 1712 3207 animam;
1749 3148 1943 3210 quam
1979 3129 2171 3191 etiam
2204 3129 2299 3191 in·
2407 3133 2645 3194 Rursus
2680 3132 2759 3193 ad
2796 3130 3257 3211 designandum
3298 3131 3517 3212 sponsi
3558 3131 3742 3194 istius
3784 3132 3901 3194 im-

797 3229 1146 3293 dicibiliter
1193 3228 1348 3291 vitia
1401 3246 1540 3290 eam
1591 3227 1920 3292 vilificent
1969 3246 2042 3289 ac
2081 3227 2297 3291 defor-
2404 3229 2828 3306 mensitatem,
2861 3228 3092 3292 dicitur
3138 3228 3409 3292 lectulus
3447 3249 3462 3294 :
3499 3230 3651 3312 quia
3692 3250 3901 3314 respe-

799 3338 975 3392 ment
1008 3348 1021 3392 :
1056 3327 1207 3391 hinc
1237 3327 1563 3403 elucescit,
1597 3327 1769 3408 quod
1806 3326 2028 3388 anima
2059 3326 2299 3389 virtuo-
2404 3336 2510 3393 ctu
2560 3328 2719 3391 tanti
2769 3327 3013 3410 sponsi,
3065 3346 3301 3409 parvus
3350 3336 3447 3390 est
3492 3329 3723 3407 omniS,
3766 3348 3896 3411 quo

801 3446 869 3490 sa
915 3434 1176 3491 vocatur
1224 3434 1288 3490 et
1344 3434 1441 3489 est
1478 3444 1738 3508 sponsa,
1777 3425 1918 3487 filia
1961 3434 2024 3489 et
2065 3425 2293 3503 amica,
2404 3428 2735 3509 quiescere
2781 3434 3010 3508 potest,
3049 3426 3227 3489 locus
3273 3426 3465 3489 etiam
3514 3428 3891 3510 spiritualiS.

801 3527 985 3589 heres
1034 3545 1108 3589 ae
1153 3544 1330 3588 soror
1382 3524 1488 3588 Dei
1529 3544 1603 3587 ac
1649 3524 1868 3607 sponsi
1914 3524 2157 3601 aeterni,
2191 3524 2297 3587 cui
2403 3526 2580 3588 Unde
2630 3534 2693 3589 et
2740 3525 2808 3587 in
2858 3524 3015 3587 lsaia
3064 3523 3296 3606 legitur
3341 3545 3354 3589 :
3397 3523 3891 3606 coangustatum
3962 3550 4199 3603 taxum.

803 3625 1176 3687 retribuitur
1216 3642 1330 3706 pro
1370 3624 1661 3686 mercede
1705 3622 1985 3685 felicitas
2026 3630 2299 3685 aeterna-
2406 3632 2503 3689 est
2529 3632 2818 3687 stratum.
2854 3623 3147 3685 Lectulus
3186 3623 3305 3686 iste
3335 3625 3479 3706 quis
3512 3624 3616 3703 sit,
3652 3626 3892 3689 dictum
3924 3613 3998 3657 ²⁰·

803 3724 915 3804 lis3
951 3724 1164 3786 anima
1205 3742 1356 3787 vero
1404 3723 1654 3798 vitiosa,
1703 3722 1967 3785 inimica
2017 3730 2114 3785 est
2162 3722 2295 3800 Dei,
2408 3732 2503 3786 est
2543 3724 2608 3784 in
2652 3722 3035 3803 praecedenti
3077 3721 3369 3785 articulo.

803 3832 995 3905 atque
1040 3822 1348 3899 adultera,
1405 3822 1566 3899 filia,
1620 3821 2005 3899 membrum,
2057 3822 2300 3885 ancilla
2494 3824 2702 3899 Tiqna
2720 3824 3059 3881 domorum
3088 3830 3461 3882 nostrarum
3489 3824 3780 3891 cedrina,
3807 3828 3895 3885 la·
4030 3842 4105 3897 16

804 3921 1065 3999 diaboli,
1098 3922 1202 3985 cui
1232 3929 1470 3985 aeterna
1495 3920 1822 3983 damnatio
1851 3921 2022 4001 juste
2053 3918 2301 4001 infligi-
2407 3922 2677 4001 quearia
2715 3921 3107 3997 cypressina.
3142 3919 3375 3981 Domus
3416 3918 3791 4001 spiritualiS,
3826 3922 3893 3984 in

805 4028 928 4082 tur.
952 4020 1231 4094 Qualiter
1259 4028 1469 4082 autem
1504 4019 1736 4081 habeat
1765 4018 1980 4081 anima
2019 4017 2302 4100 pulchri·
2407 4037 2535 4099 qua
2568 4036 2840 4099 sponsus
2884 4036 3199 4098 supernus
3238 4036 3383 4080 cum
3427 4018 3641 4080 anima
3683 4020 3899 4083 demo-

803 4120 1090 4182 tudinem
1133 4119 1508 4195 naturalem,
1540 4118 1606 4179 in
1645 4125 1956 4199 quantum
2001 4118 2080 4179 ad
2122 4118 2303 4179 Crea-
2412 4124 2603 4191 ratur,
2638 4123 2733 4177 est
2764 4115 3071 4177 virtutum
3106 4122 3446 4193 structura,
3478 4124 3541 4178 et
3570 4118 3901 4180 coordina-

803 4217 959 4281 toris
1005 4217 1105 4279 sui
1155 4216 1497 4297 imaginem
1549 4225 1647 4278 est
1695 4224 1927 4292 creata,
1983 4223 2047 4277 et
2096 4216 2298 4278 multo
2331 4219 2380 4281 D
2412 4214 2499 4277 tio
2524 4221 2715 4295 atque
2746 4212 3057 4275 connexio
3096 4214 3483 4276 earumdem.
3522 4214 3590 4277 ln
3634 4234 3763 4297 qua
3789 4217 3901 4279 do—

804 4315 1268 4398 praeclariorem
1329 4313 1873 4397 pulchritudinem
1932 4332 2046 4395 per
2093 4313 2300 4376 chari·
2409 4333 2513 4377 mo
2565 4313 2753 4391 fides,
2806 4332 2915 4375 seu
2964 4312 3156 4375 timor
3206 4313 3334 4389 Dei,
3389 4314 3525 4378 sive
3572 4314 3900 4378 humilitas

805 4424 1008 4477 smata
1051 4415 1268 4496 gratiae
1306 4433 1377 4477 ac
1427 4420 1823 4476 venustatem
1874 4412 1939 4473 in
1984 4412 2294 4488 moribuS,
2408 4420 2505 4474 est
2550 4411 3077 4491 fundamentum3
3114 4410 3551 4492 pavimentum
3595 4430 3768 4490 vero,
3802 4422 3899 4476 est

805 4534 882 4577 ex
927 4513 1306 4596 praecedenti
1357 4511 1756 4595 expositione
1805 4512 1884 4574 de
1938 4510 2116 4574 facili
2177 4518 2298 4573 tra·
2408 4510 2715 4574 virtutum
2748 4508 3087 4573 moralium
3131 4509 3423 4572 ordinata
3462 4510 3713 4585 locatio,
3746 4530 3898 4593 qua-

806 4612 1005 4676 hitur.
2408 4628 2546 4671 rum
2578 4616 2674 4671 est
2701 4607 3028 4690 passiones
3068 4608 3438 4689 reprimere.
3474 4608 3753 4671 Primum
3785 4627 3897 4671 au-

887 4716 1048 4774 Ecce
1090 4723 1160 4774 cu
1193 4714 1466 4791 pulcher
1495 4732 1582 4779 es,
1614 4712 1842 4771 dilecte
1872 4710 1990 4777 mi,
2019 4718 2080 4769 et
2115 4712 2295 4768 deco·
2406 4715 2533 4770 tem
2576 4706 2903 4781 solarium,
2947 4713 3044 4767 est
3089 4706 3395 4769 virtutum
3446 4706 3898 4769 intellectuali-

803 4833 933 4874 ruS.
969 4813 1057 4874 Tu
1089 4812 1353 4894 quippe,
1387 4828 1424 4873 ο
1456 4828 1710 4892 sponse,
1750 4806 2291 4889 pulchritudinem
2405 4825 2512 4867 um
2543 4803 2967 4885 superlocatio
2987 4821 3000 4865 ε
3020 4804 3255 4885 quibus
3288 4805 3452 4867 dona
3481 4824 3596 4887 pro
3629 4807 3897 4869 secundo

801 4928 1008 4973 meam
1045 4909 1487 4986 commendas3
1531 4907 1642 4969 sed
1677 4923 1793 4986 ego
1827 4905 1892 4966 in
1933 4911 2040 4965 tua
2079 4904 2293 4985 potius
2404 4912 2923 4986 superponuntur
2952 4903 3198 4966 solario.
3218 4903 3371 4985 Spes
3400 4912 3613 4967 autem
3647 4912 3713 4967 et
3740 4905 3894 4967 cari-

797 5027 990 5089 quam
1021 5008 1087 5069 in
1119 5026 1258 5070 mea
1289 5004 1767 5089 pulchritudine
1812 5002 2074 5084 glorior,
2111 5012 2291 5065 tuum
2404 5012 2498 5065 tas
2527 5002 2635 5064 Dei
2662 5022 2735 5065 ac
2763 5002 3058 5084 proximi,
3084 5021 3228 5064 cum
3259 5001 3509 5064 actibus
3541 5002 3695 5077 suiS‚
3715 5004 3891 5084 tigna

799 5107 1115 5183 decorem,
1151 5112 1338 5186 teque
1369 5102 1911 5185 speciosissimum
1945 5100 2290 5163 libentissi-
2402 5109 2572 5177 sunt,
2606 5108 2801 5163 totam
2849 5107 3209 5182 praetactam
3253 5100 3562 5162 virtutum
3620 5108 3893 5164 structu-

797 5224 900 5268 me
943 5222 1204 5287 prorsus
1239 5202 1491 5266 intueor
1521 5220 1535 5263 :
1577 5201 1730 5284 quia
1762 5208 1822 5264 te
1850 5200 2052 5280 magis
2095 5217 2287 5280 quam
2402 5220 2535 5263 ram
2568 5199 2987 5261 sustentantia
3020 5206 3083 5261 et
3112 5199 3619 5280 consolidantia;
3664 5199 3889 5282 laque-

796 5322 899 5368 me
938 5302 1157 5385 dilige,
1192 5310 1256 5365 et
1294 5302 1358 5363 in
1399 5310 1521 5365 tuae
1551 5299 2050 5382 pulchritudinis
2093 5298 2290 5361 intui·
2398 5298 2533 5361 aria
2586 5316 2737 5361 vero
2798 5317 2910 5362 seu
2970 5297 3352 5374 testudineS,
3408 5317 3552 5379 quae
3611 5298 3887 5381 implent
