4284 6267
992 536 1342 583 BNARRATIO
1385 538 1448 583 m
1490 538 1627 585 CAP.
1665 539 1748 584 vn
1790 537 2030 585 CANTICI
2070 537 2470 585 CANthontm.
2516 559 2598 568 —
2638 540 2777 598 ART.
2823 538 2952 583 XXI!

3393 520 3511 583 423

403 708 720 784 ostendit,
754 708 913 789 quid
943 716 1265 790 appetere,
1299 708 1464 771 velle
1496 716 1556 771 et
1587 726 1772 788 agere
1812 710 1917 771 de·
1946 706 1996 767 A
2031 709 2200 770 niam
2255 709 2567 771 desiderio
2605 727 2765 791 puro
2805 728 2877 770 ac
2918 707 3163 770 fervido
3199 706 3275 768 ad
3314 707 3511 769 Deum

405 806 564 869 beat
597 824 611 867 :
648 808 798 887 quia
837 808 1134 870 voluntas
1177 808 1253 870 de
1294 827 1360 869 se
1391 828 1556 870 caeca
1595 817 1910 883 censetur,

401 904 684 986 ejusque
715 905 1040 986 objectum
1073 915 1168 968 cst
1209 906 1448 968 bonum
1495 906 1911 981 intellectum,

401 1003 478 1065 id
525 1013 622 1065 est
662 1023 776 1085 per
806 1004 1265 1066 intellectivam
1305 1005 1653 1085 potentiam
1692 1024 1917 1086 appre-

403 1102 686 1165 hensum
733 1112 796 1165 et
848 1102 1368 1165 intellectualiter
1413 1104 1761 1181 cognitum.
1797 1104 1917 1165 Vo-

404 1200 624 1262 luntas
666 1220 928 1282 quoque
969 1201 1099 1281 jam
1147 1209 1420 1277 actuata,
1457 1210 1516 1263 et
1562 1204 1914 1283 praesertim

403 1318 528 1381 per
564 1299 895 1361 caritatem
938 1298 1234 1373 formata,
1269 1308 1482 1362 movet
1519 1299 1909 1362 intellectum

405 1406 474 1459 et
519 1399 754 1461 excitat
793 1398 872 1460 ad
913 1398 1228 1477 agendum
1276 1417 1389 1479 per
1423 1399 1678 1461 modum
1717 1398 1915 1480 impe-

405 1496 517 1572 rii,
551 1496 704 1577 quia
749 1515 862 1578 per
893 1496 1220 1559 caritatem
1266 1496 1553 1578 praecipit
1590 1496 1732 1558 aliis
1763 1497 1914 1560 viri-

403 1595 548 1657 huS.
568 1595 731 1656 Dum
761 1612 911 1674 ergo
942 1594 1306 1657 intellectus
1336 1595 1730 1659 voluntatem
1755 1596 1917 1658 ordi-

407 1701 562 1755 nate
591 1692 939 1768 illuminat,
974 1701 1038 1756 et
1065 1694 1146 1755 ab
1178 1694 1592 1757 immoderato
1636 1692 1916 1757 refrenat

403 1790 678 1867 affectu,
716 1791 1013 1856 voluntas
1052 1810 1311 1873 quoque
1349 1802 1561 1855 movet
1591 1801 1655 1855 ει
1683 1794 1914 1856 excitat

2028 808 2313 886 erigitur,
2376 816 2439 867 et
2485 807 2796 870 bonorum
2849 807 3320 889 propositorum
3370 824 3515 867 con—

2028 905 2431 988 ceptionibus
2470 906 2875 987 adimpletur,
2907 925 2979 968 ac
3010 905 3135 987 piis
3169 902 3513 967 affectibus

2028 1006 2465 1085 impinguatur
2501 1025 2513 1067 :
2553 1005 2635 1066 ita
2677 1014 2743 1065 ut
2782 1004 3073 1079 fateatur,
3108 1004 3155 1065 A
3190 1001 3350 1065 facie
3381 1010 3508 1077 tua,

2027 1104 2314 1178 Domine,
2363 1103 2793 1185 concepimus,
2835 1112 2897 1165 et
2946 1102 3128 1183 quasi
3175 1100 3515 1184 parturivi-

2027 1222 2190 1277 muS,
2218 1210 2279 1263 et
2311 1201 2675 1283 peperimus
2709 1201 3003 1283 spiritum
3036 1200 3280 1262 salutiS.
3304 1199 3517 1282 Speci-

2027 1299 2211 1362 aliter
2242 1319 2497 1380 quoque
2528 1299 2699 1362 zelus
2728 1300 3109 1375 animarum,
3146 1318 3258 1361 seu
3290 1300 3516 1378 ingens

2026 1397 2413 1460 desiderium
2446 1396 2743 1460 fraternae
2774 1397 3019 1474 salutiS,
3053 1405 3273 1461 venter
3304 1396 3519 1459 fecun—

2026 1498 2147 1559 dus
2197 1497 2426 1559 animae
2468 1515 2773 1559 amorosae
2824 1504 3031 1577 potest
3082 1495 3316 1572 vocari,
3366 1496 3517 1577 quia

2027 1616 2141 1678 per
2179 1596 2381 1658 zelum
2414 1596 2584 1657 hunc
2616 1614 2850 1677 sponso
2880 1595 3337 1675 gratissimum,
3373 1613 3518 1677 pro-

2026 1694 2199 1756 ducit
2236 1693 2439 1755 eidem
2486 1693 2771 1756 sobolem
2818 1692 3213 1775 spiritualem
3256 1710 3518 1773 genera-

2025 1794 2201 1856 tione
2232 1792 2605 1867 castissima,
2632 1800 2851 1873 utpote
2882 1793 3142 1869 orando,
3176 1792 3519 1873 praedican-

3596 1020 3658 1063 Ῑε.
3692 1034 3803 1071 xxvi,

3548 1086 3609 1133 17,
3634 1086 3699 1125 ¹8.

406 1890 813 1953 intellectum
850 1909 933 1952 ne
973 1898 1220 1972 torpeat
1254 1908 1267 1952 :
1303 1898 1455 1954 tunc
1494 1891 1708 1953 anima
1739 1891 1915 1953 Chri·
1951 1897 1997 1957 B
2025 1893 2129 1968 do,
2188 1891 2596 1965 exhortando,
2660 1900 2875 1953 sancte
2942 1899 3005 1953 et
3074 1890 3519 1973 exemplariter

407 1989 497 2050 sti
535 2006 772 2070 sponsa
809 1996 904 2051 εει
947 1987 1295 2066 fructuosa,
1331 1998 1394 2051 et
1430 1990 1739 2053 virtutum
1781 2009 1915 2071 ger-

409 2087 700 2151 minibus
734 2096 1040 2168 ·tanquam
1072 2084 1420 2151 monilibus
1456 2090 1810 2165 decoratur,
1831 2098 1918 2152 at-

409 2206 544 2269 que
601 2186 682 2249 ab
749 2186 1259 2249 immoderantiis
1316 2195 1379 2249 ει
1435 2186 1916 2251 defluxionibus

411 2284 800 2347 refrenatur.
854 2284 1114 2365 Propter
1163 2286 1333 2365 quod
1387 2285 1475 2346 ait
1523 2285 1912 2367 Apostolus:

100 2399 244 2443 near.
263 2414 312 2449 n.
333 2404 378 2443 ι.
411 2384 859 2446 Abundantius
892 2390 1136 2464 oporte-t
1171 2401 1284 2445 nos
1315 2382 1650 2445 observare
1681 2403 1752 2445 ea
1779 2404 1918 2465 quae

410 2483 803 2557 audivimus,
841 2500 920 2544 ne
953 2482 1119 2545 forte
1152 2480 1720 2563 supereffluamus,

215 2590 252 2642 2
509 2584 868 2643 Umbilicus
920 2592 1070 2641 tuus
1109 2591 1320 2641 crater
1363 2583 1714 2649 tornatilia,
1747 2602 1918 2641 nun-

411 2701 614 2758 quam
676 2681 976 2755 indz'yens
1035 2681 1303 2756 poculis.
1363 2678 1479 2740 Per
1539 2680 1912 2742 umbilicum

411 2776 748 2857 corporale
777 2777 1154 2838 alimentum
1191 2776 1477 2839 defertur
1507 2777 1572 2838 in
1604 2786 1912 2855 ventrem,

411 2883 473 2937 et
512 2876 886 2955 deportatur
915 2875 993 2935 ad
1032 2873 1255 2937 fetum.
1297 2875 1536 2937 Idcirco
1568 2894 1681 2956 per
1713 2876 1918 2937 umbi-

409 2972 635 3047 licum,
665 2980 876 3053 potest
920 2972 1189 3051 intelligi
1223 2972 1318 3033 vis
1350 2973 1690 3051 cogitativa
1725 2992 1738 3037 :
1772 2992 1914 3054 quae

2026 1989 2485 2053 conversando.
2531 1990 2673 2053 ldeo
2722 1989 2994 2053 vallatus
3036 1988 3191 2051 liliis
3230 1989 3520 2071 perhibe-

2026 2097 2129 2151 tur
2156 2109 2169 2153 :
2205 2107 2335 2151 non
2364 2088 2534 2151 enim
2570 2088 2946 2150 sensualiter
2975 2088 3144 2151 circa
3170 2088 3514 2170 proximos,

2029 2188 2138 2249 sed
2190 2206 2345 2269 pure
2396 2186 3046 2267 intellectualiterque
3080 2186 3389 2248 afficitur.

2109 2290 2252 2347 Duo
2284 2289 2479 2347 ubera
2520 2297 2659 2355 tua,
2690 2285 2933 2348 scilicet
2975 2284 3335 2348 intellectus
3380 2305 3520 2368 spe·
3662 2289 3697 2344 3

2029 2385 2345 2448 culativus
2378 2394 2439 2447 et.
2469 2385 2806 2466 practicuS,
2844 2403 2955 2447 seu
2986 2383 3422 2446 misericordia
3458 2392 3521 2447 ει

2028 2483 2286 2559 veritaS,
2340 2483 2653 2563 sapientia
2718 2491 2779 2545 et
2837 2482 3089 2558 caritaS‚
3155 2489 3304 2557 etc.,
3353 2485 3521 2543 sicut

2027 2586 2158 2643 duo
2190 2583 2462 2642 hinnuli
2495 2581 2697 2661 :quia
2734 2600 2847 2662 per
2890 2582 3022 2643 haec
3055 2579 3268 2641 anima
3306 2589 3523 2642 sancta

2029 2688 2342 2762 prompte,
2377 2679 2656 2760 copiose,
2691 2679 3013 2740 subtiliter
3058 2678 3171 2740 alit
3210 2698 3277 2741 se
3313 2678 3517 2758 ipsam

2026 2788 2090 2841 et
2122 2778 2466 2860 proximOS,
2502 2788 2690 2858 prout
2721 2778 2889 2839 istud
2927 2796 3118 2860 supra
3150 2775 3521 2857 frequenter
3554 2795 3815 2845 Cannis-‚a

2028 2876 2463 2955 diffusiusque
2492 2875 2847 2957 expositum
2880 2882 2995 2937 cst.
3030 2910 3106 2919 -
3142 2879 3389 2937 Collum
3424 2884 3522 2935 tu·
3664 2886 3701 2941 4

2025 2997 2137 3036 um
2168 2977 2337 3035 siout
2369 2977 2569 3034 turris
2606 2976 2885 3033 eburnea
2916 2995 2937 3033 .·
2970 2974 3135 3054 quod
3181 2972 3247 3033 in
3278 2972 3521 3053 exposi-
3588 2992 3768 3036 maa.

411 3079 678 3133 vocatur
728 3077 792 3131 et
849 3070 1214 3132 intellectus
1262 3070 1576 3151 passivuS,
1629 3080 1694 3132 et
1751 3072 1915 3133 inter
1947 3072 1990 3135 C
2026 3074 2201 3135 'tione
2236 3071 2447 3152 quarti
2488 3070 2753 3152 capituli
2792 3069 3181 3133 declaratum
3223 3069 3516 3133 habetur.

409 3170 584 3231 vires
615 3168 955 3232 sensitivas
997 3188 1070 3231 ac
1101 3168 1524 3230 intellectivas
1555 3178 1650 3229 est·
1680 3169 1908 3245 media,

411 3266 710 3347 quamvis
745 3266 824 3327 sit
853 3266 1155 3329 sensitiva
1188 3274 1378 3346 atque
1407 3267 1726 3346 organica,
1761 3267 1914 3347 quia

409 3384 558 3427 cum
623 3364 1033 3427 intellectivis
1101 3364 1404 3445 potentiis
1476 3366 1775 3427 convenit
1845 3366 1910 3427 in

411 3463 658 3537 multis,
693 3469 753 3524 et
795 3481 908 3544 per
937 3480 1076 3523 cam
1109 3462 1354 3543 species
1395 3481 1604 3524 rerum
1635 3462 1716 3523 ab
1746 3472 1913 3526 exte-

412 3559 696 3623 rioribus
753 3578 828 3622 ac
878 3559 1291 3621 interioribus
1340 3559 1632 3622 sensibus
1680 3562 1756 3621 ad
1817 3560 1912 3622 in-

414 3660 744 3722 tellectum
809 3657 1212 3739 perveniunt,
1267 3676 1342 3720 eo
1402 3660 1573 3738 quod
1632 3660 1910 3738 cognitio

415 3766 635 3821 nostra
681 3755 1074 3819 intellectiva
1102 3757 1428 3819 exordium
1465 3766 1674 3818 sumat
1713 3778 1748 3819 a
1779 3777 1912 3819 sen-

411 3857 628 3921 sitiva.
661 3856 803 3918 Haec
853 3856 1068 3935 itaque
1107 3856 1442 3933 cogitativa
1475 3856 1782 3935 potentia,
1815 3865 1909 3918 cst

412 3964 714 4035 tanquam
750 3962 955 4016 crater
1000 3954 1313 4015 tornatilis
1348 3972 1361 4013 :
1397 3953 1548 4033 quia
1593 3954 1911 4016 medianto.

409 4052 720 4114 sensitiva
746 4050 1052 4113 memoria
1081 4050 1203 4111 sibi
1230 4050 1681 4125 subserviente,
1709 4070 1914 4133 prom-

410 4160 517 4233 pte
568 4160 765 4231 atque
807 4149 1140 4211 celerrime
1189 4148 1384 4211 offert
1428 4158 1488 4210 et
1533 4150 1771 4230 praehet
1819 4150 1912 4211 in-

2125 3172 2314 3233 Oculi
2372 3171 2470 3230 tui
2525 3172 2691 3229 sicut
2744 3171 3018 3247 piscinae
3075 3170 3144 3228 in
3210 3170 3515 3229 Hesebon.

2024 3268 2565 3343 Quemadmodum
2595 3266 2761 3329 inter
2785 3285 3012 3328 sensus
3036 3268 3379 3329 exteriores
3404 3266 3524 3329 cla-

2025 3369 2175 3442 rior,
2238 3366 2652 3448 spiritualior,
2705 3373 2896 3445 atque
2956 3364 3231 3428 nobilior
3287 3364 3523 3427 dicitur

2023 3467 2239 3543 visus;
2294 3464 2385 3527 sic
2438 3463 2603 3525 inter
2650 3462 2821 3525 vires
2873 3461 3104 3525 animae
3159 3462 3517 3539 interioreS,

2023 3564 2463 3627 nobilissimus
2492 3561 2750 3643 ponitur
2783 3560 3155 3635 intelle-ctus,
3179 3560 3245 3621 in
3276 3580 3405 3641 quo
3430 3580 3521 3623 se-

2022 3663 2303 3726 cundum
2334 3659 2751 3742 philosophos
2782 3668 2973 3739 atque
3006 3659 3332 3737 theologos
3364 3678 3521 3739 prae-

2023 3762 2268 3842 cipum,
2298 3760 2588 3823 consistit
2624 3757 2895 3821 felicitas
2929 3777 2943 3821 ε
2979 3776 3119 3837 quae
3150 3766 3247 3820 est
3274 3757 3521 3838 sapien-

2027 3859 2126 3920 tiae
2158 3866 2357 3931 actuS,
2381 3876 2577 3937 quum
2610 3864 2671 3918 et
2704 3856 2842 3936 ipsa
2860 3855 3105 3918 Veritas
3137 3863 3519 3937 protestetur

2022 3958 2098 4019 ad
2129 3958 2396 4030 Patrem,
2434 3956 2572 4017 Haec
2612 3964 2705 4016 est
2736 3955 2868 4018 vita
2898 3962 3153 4031 aeterna,
3187 3962 3255 4015 ut
3285 3972 3518 4033 cogno·
3544 3971 3809 4025 ananam,

2024 4063 2199 4117 scant
2254 4062 2311 4116 te
2359 4072 2581 4115 verum
2631 4053 2844 4114 Deum.
2897 4051 3073 4113 Unde
3119 4061 3183 4113 et
3231 4071 3517 4114 summus
3546 4038 3587 4078 ³·

2023 4152 2132 4215 ille
2162 4151 2583 4231 Philosophus
2611 4169 2623 4211 :
2660 4149 2974 4224 Felicitas,
3001 4149 3231 4229 inquit,
3253 4157 3348 4211 est
3378 4168 3519 4231 spe-

413 4247 698 4311 tellectui
744 4247 1054 4325 imagines
1100 4266 1333 4307 rerum.
1366 4247 1544 4308 Unde
1584 4256 1646 4309 et
1684 4248 1907 4309 crateri
1942 4257 1991 4318 D
2021 4251 2257 4314 culatio
2287 4249 2511 4329 optimi
2545 4247 2977 4329 speculabilis‚
3015 4247 3077 4310 id
3117 4255 3211 4309 est
3242 4256 3549 4319 contem—⁸

409 4346 648 4428 jugiter
705 4344 895 4425 pleno
939 4344 1328 4406 assimilatur
1382 4362 1394 4407 :
1449 4345 1600 4425 quia
1655 4346 1912 4426 copiose

411 4466 484 4508 ac
549 4443 823 4507 fecunde
881 4443 1163 4505 abundat
1226 4443 1758 4506 similitudinibus
1818 4464 1912 4508 re-

413 4563 582 4619 rum,
609 4562 754 4623 quae
784 4562 818 4604 a
849 4541 1142 4604 sensibus
1174 4541 1594 4604 exterioribus
1628 4560 1740 4624 per
1771 4562 1912 4605 sen-

411 4661 554 4703 sum
605 4658 1007 4702 communem
1062 4648 1122 4700 et
1168 4638 1566 4719 phantasiam
1619 4659 1730 4701 seu
1781 4640 1908 4702 vim

415 4737 896 4817 imaginativam
942 4738 1313 4799 derivantur
1356 4738 1433 4799 ad
1481 4738 1708 4818 ipsam.

515 4839 741 4899 Venter
772 4846 921 4897 lacus
951 4839 1119 4896 sicut
1150 4856 1415 4896 acervus
1447 4837 1679 4907 tritici,
1711 4839 1913 4897 valla-

415 4946 519 4997 tus
567 4935 758 4995 liciis.
794 4933 1029 4996 Venter
1077 4933 1326 5009 animae,
1381 4942 1474 4996 est
1523 4953 1704 4996 mens
1747 4934 1908 5015 ejuS,

415 5052 527 5096 scu
577 5032 968 5095 intellectiva
1008 5031 1339 5107 memoria,
1385 5031 1674 5094 omnium
1717 5051 1915 5113 capax

415 5140 480 5194 ει
531 5139 770 5194 tenax:
810 5147 952 5210 quae
999 5128 1275 5191 coelestis
1314 5129 1492 5193 verbi
1537 5130 1781 5192 semine
1826 5130 1915 5192 fe-

151 5248 316 5291 εαιαε.
341 5261 385 5296 v.
416 5230 751 5304 cundatur,
775 5238 838 5291 ει
871 5226 1204 5290 duodecim
1235 5225 1479 5290 fructus
1511 5227 1783 5309 Spiritus
1815 5248 1917 5310 pa-

107 5312 270 5361 22,23.
419 5327 504 5389 rit
557 5344 572 5389 x
625 5344 984 5408 acervoque
1038 5324 1232 5389 'tritici
1284 5333 1707 5408 comparatur,
1761 5346 1915 5409 quo-

2021 4350 2219 4433 platio
2261 4347 2590 4410 altissimae
2635 4346 2944 4409 veritatiS.

2101 4445 2553 4509 Assimilantur
2585 4444 2779 4524 igitur
2810 4443 3145 4507 interiores
3181 4444 3351 4509 oculi
3382 4443 3518 4506 ani-

2021 4566 2140 4607 mae
2170 4562 2475 4607 amorosae
2508 4542 2771 4625 piscinis
2805 4541 2868 4604 in
2912 4542 3198 4605 Hesebon
3236 4559 3249 4603 ε
3282 4543 3511 4624 prim0,

2023 4651 2282 4725 propter
2330 4641 2789 4723 pretiositatem
2834 4650 2897 4703 ει
2929 4641 3301 4723 dignitatem
3348 4641 3515 4722 ipso-

2023 4762 2161 4803 rum
2191 4759 2207 4819 3
2259 4740 2562 4812 secundo,
2607 4738 2688 4801 ob
2741 4738 3189 4801 intellectualis
3248 4738 3512 4803 luminis

2021 4838 2391 4913 claritatem,
2413 4838 2491 4900 de
2520 4856 2648 4919 quo
2677 4837 2761 4899 ait
2793 4837 3121 4899 Psalmista
3146 4854 3159 4897 :
3186 4837 3513 4917 Signatum
3560 4857 3781 4907 Pam-1.

2023 4944 2118 4999 εει
2181 4955 2372 5018 super
2424 4954 2540 4999 nos
2600 4935 2815 4999 lumen
2871 4934 3084 4997 vultus
3143 4934 3256 5011 tui,
3306 4935 3514 4997 Domi-

2024 5054 2127 5097 nc.
2173 5034 2361 5097 Porro
2394 5033 2823 5097 intellectuale
2852 5032 3267 5114 naturaleque
3298 5032 3515 5095 lumen

2024 5133 2275 5209 animae,
2311 5152 2425 5214 per
2453 5132 2734 5194 studium
2768 5141 2830 5193 et
2859 5130 3254 5205 exercitium,
3280 5150 3393 5213 per
3422 5131 3515 5193 in-

2029 5230 2473 5293 formationem
2508 5238 2567 5291 et
2602 5230 2935 5291 lectionem
2968 5228 3239 5305 acuitur,
3268 5248 3380 5311 per
3412 5227 3516 5291 ha-

2023 5328 2195 5390 bitus
2226 5325 2571 5408 acquisitos
2598 5326 2963 5408 perficitur3
2987 5327 3097 5388 sed
3122 5344 3235 5408 ρει·
3260 5325 3515 5389 habitus
