4284 6267
90 2318 230 2360 Beer.
251 2332 340 2369 xm,

105 2443 179 2485 1³⁸.
197 2457 341 2494 cxxvt,

85 4870 167 4912 1²⁸.
189 4883 250 4921 tv,
271 4871 320 4913 9.

993 544 1347 591 ΕΝΑΒΒΑΤῙΟ
1390 544 1452 591 IN
1494 544 1633 591 CAP.
1680 544 1723 589 11
1765 542 2006 591 GANtht
2047 545 2451 593 CANTICORUM.
2498 567 2579 577 —-
2618 548 2759 593 ΛΒΤ.
2798 546 2881 592 vn

3364 524 3475 591 341

371 713 736 795 sapientiai,
767 724 831 779 et
870 714 1368 795 theologicarum
1408 715 1739 791 virtutum,
1774 732 1887 795 per
1915 713 1966 774 A
2086 718 2345 793 Adjuro
2405 737 2532 787 voa,
2591 720 2751 795 filice
2804 720 3181 787 Jerusalem,
3239 716 3303 779 id
3362 724 3478 793 est,

371 830 538 891 quas
571 812 942 877 immediate
983 816 1151 877 circa
1184 814 1379 876 Deum
1422 821 1730 876 versatur.
1765 812 1884 873 Ma-

371 910 436 971 la
471 929 620 973 vero
660 932 773 975 seu
806 932 996 994 poma
1035 913 1126 974 sic
1167 912 1516 987 nominata,
1550 920 1699 973 sunt
1737 930 1884 992 ope-

369 1028 448 1071 ra
499 1012 817 1074 exteriora
868 1011 974 1093 pia
1023 1031 1096 1075 ac
1143 1012 1446 1075 virtuosa.
1491 1010 1652 1071 Petit
1690 1009 1884 1089 igitur

367 1108 593 1171 anima
624 1110 890 1173 caritate
923 1111 1362 1190 languescenS‚
1399 1107 1670 1172 floribus
1705 1107 1884 1170 fulci-

369 1206 454 1283 ri,
503 1207 569 1269 id
619 1218 738 1285 est,
786 1209 1180 1272 incremento
1223 1208 1458 1271 divinae
1498 1206 1882 1288 cognitionis

371 1304 653 1368 inte-rius
683 1306 936 1389 perfici,
971 1326 1236 1369 summae
1267 1303 1569 1369 bonitatis
1598 1304 1883 1368 dilectio-

371 1422 459 1466 ne
505 1404 777 1467 calidius
828 1404 1244 1480 inflammari,
1299 1404 1363 1467 in
1415 1403 1882 1485 exspectatione

370 1503 740 1566 futurorum
811 1503 1124 1566 bonorum
1195 1522 1308 1585 per
1375 1502 1880 1584 praelibationem

371 1620 638 1665 suavem
692 1602 1055 1678 exhilarari,
1111 1602 1176 1663 in
1223 1600 1575 1663 rationibus
1624 1601 1882 1663 creden-

371 1702 606 1763 dorum
659 1700 1262 1783 illuminationeque
1323 1699 1476 1762 fidei
1529 1718 1810 1761 crescere
1863 1718 1874 1759 :

371 1808 696 1882 quatenus
745 1799 942 1861 tantis
989 1818 1062 1861 ac
1113 1797 1346 1861 talibus
1394 1797 1686 1860 roborata
1734 1798 1880 1859 cha-

1993 831 2031 875 o
2075 814 2304 876 animae
2348 814 2597 896 pusillae
2639 816 3037 878 subditorum
3082 835 3153 877 ac
3202 834 3485 878 eommu-

1994 912 2233 987 nitatis,
2261 934 2381 991 per
2427 934 2689 991 capreas
2736 934 3069 993 cervosque
3110 934 3483 991 camporum

1990 1012 2195 1092 (juxta
2226 1012 2686 1093 expositionem
2726 1012 3095 1091 inductam),
3128 1033 3209 1072 ne
3235 1014 3487 1072 suscite-

1993 1112 2074 1168 tis
2103 1130 2305 1188 neque
2332 1112 2645 1187 eviqz'lare
2672 1111 2935 1187 faciatis
2962 1112 3284 1180 dilectam,
3306 1128 3488 1191 spon-

1991 1226 2124 1269 sam
2171 1225 2375 1269 meam
2420 1207 2891 1289 particularem,
2941 1227 2978 1269 a
3020 1226 3149 1270 suae
3204 1216 3487 1271 contem-

1991 1305 2294 1388 plationis
2339 1308 2576 1387 quiete,
2624 1310 3038 1386 quoadusque
3078 1308 3220 1384 ipsa
3264 1309 3417 1366 velit
3462 1328 3485 1367 .·

1990 1422 2132 1485 quae
2192 1404 2410 1485 utique
2469 1404 2782 1486 permittit
2841 1405 2959 1468 hoc
3008 1403 3151 1467 fieri
3202 1422 3484 1485 congruo

1992 1510 2298 1583 tempore,
2352 1510 2612 1585 propte-r
2660 1501 3005 1565 fraternam
3055 1502 3345 1580 salutem,
3378 1510 3486 1565 aut

1993 1602 2134 1665 vitae
2164 1602 2355 1683 hujus
2387 1602 2839 1684 provisionem.
2867 1603 3206 1666 Innotescit
3236 1623 3312 1666 ex
3338 1603 3480 1679 hoc,

1991 1720 2184 1781 quam
2222 1700 2647 1782 periculosum
2688 1720 2761 1763 ac
2808 1701 3167 1783 improbum
3214 1702 3317 1778 sit,
3351 1701 3485 1763 ani-

1991 1819 2159 1861 mam
2191 1800 2715 1881 contemplationi
2750 1800 3057 1862 intentam
3099 1799 3478 1881 inquietare.

373 1898 776 1975 rismatibuS,
840 1905 1033 1978 queat
1098 1896 1465 1960 diuturnius
1523 1895 1589 1957 in
1657 1896 1875 1977 sponsi
1915 1898 1961 1962 B
1992 1898 2053 1961 Si
2101 1898 2272 1960 enim
2319 1918 2569 1978 magma
2610 1908 2774 1961 esset
2803 1897 3253 1979 improbitatiS,
3302 1896 3485 1959 fami-

374 1996 782 2079 amplexibus
814 1996 1150 2067 demorari,
1181 2014 1298 2058 nec
1328 2012 1504 2056 more
1533 1994 1733 2070 solito,
1767 1995 1879 2056 hu-

371 2115 566 2158 mana
616 2093 962 2175 fragilitate
1014 2092 1418 2174 naturalique
1463 2092 1878 2155 instabilitate

372 2194 737 2257 retrahatur
779 2212 853 2256 ac
898 2192 1147 2255 labatur
1187 2193 1506 2254 deorsum.
1551 2190 1875 2272 Siquidem

372 2293 696 2375 optimum
739 2300 836 2355 est
876 2291 1112 2354 talibus
1155 2290 1377 2371 gratiis
1425 2288 1698 2351 stabiliri
1737 2308 1876 2370 cor3

373 2398 441 2453 et
480 2389 676 2471 plane
717 2389 939 2451 beatus
983 2387 1104 2466 vir,
1151 2387 1262 2469 qui
1309 2387 1604 2469 implevit
1641 2386 1880 2451 deside-

373 2490 544 2552 rium
593 2508 780 2551 suum
825 2508 902 2552 ex
945 2487 1125 2571 ipsis.
1172 2488 1315 2550 Haec
1359 2486 1554 2567 igitur
1600 2485 1880 2567 postulat

371 2589 588 2652 anima
650 2589 922 2665 radiosa,
976 2587 1278 2669 quoniam
1335 2586 1591 2665 languet
1636 2604 1872 2659 amore,

373 2687 516 2751 ideo
562 2688 696 2769 pati
739 2706 866 2750 non
908 2687 1077 2751 valet
1114 2685 1578 2767 separationem
1618 2704 1655 2745 a
1693 2702 1880 2766 spon-

369 2805 478 2867 s03
515 2788 626 2851 sed
661 2794 972 2867 quantum
1015 2783 1161 2847 fieri
1192 2791 1421 2867 potest,
1468 2782 1710 2865 appetit
1751 2790 1876 2843 tam

370 2883 863 2966 incomparabili
920 2903 994 2946 ac
1052 2880 1651 2963 supernobilissimo
1708 2879 1878 2943 bono

369 2981 692 3045 stabiliter
731 2990 924 3063 atque
965 2980 1223 3043 assidue
1267 2978 1399 3040 frui
1435 2996 1450 3039 τ
1495 2997 1637 3059 quae
1677 2996 1875 3059 quum

1990 1996 2231 2059 liariter
2272 1996 2636 2077 loquentem
2678 2015 2821 2058 cum
2866 2014 3011 2076 rege
3053 2004 3305 2059 terreno
3346 1996 3485 2058 sine

1988 2096 2155 2175 regis
2186 2113 2499 2158 consensu
2530 2094 2827 2171 avellere,
2860 2095 3220 2171 molestare,
3251 2102 3361 2156 aut-
3387 2096 3487 2157 de-

1988 2194 2199 2257 ridere
2234 2212 2247 2256 :
2284 2202 2522 2276 quanto
2561 2193 2947 2274 culpabilius
2988 2201 3106 2270 est,
3158 2192 3483 2256 hominem

1987 2292 2411 2374 omnipotenti
2462 2292 2905 2355 universorum
2954 2291 3317 2373 Imperatori
3372 2310 3486 2373 per

1985 2390 2607 2471 contemplationem,
2640 2399 2905 2472 raptum,
2942 2390 3315 2453 ecstasimve
3344 2408 3488 2454 eon-

1987 2490 2301 2569 junctum,
2345 2488 2732 2565 abstrahere,
2768 2489 3161 2551 subsannare
3198 2496 3305 2550 aut
3340 2506 3487 2551 con-

1990 2588 2281 2650 turbare?
2312 2587 2465 2649 Nam
2497 2587 2615 2650 etsi
2648 2586 2767 2649 hoc
2801 2587 3130 2648 vitandum
3163 2604 3289 2649 non
3321 2596 3487 2651 esset

1988 2694 2247 2770 propter
2306 2685 2652 2762 hominem,
2704 2685 2913 2767 ipsum
2977 2693 3187 2748 tamen
3249 2686 3485 2750 intuitu

1989 2784 2122 2860 Dei,
2158 2793 2219 2847 et
2250 2791 2509 2866 propter
2540 2784 2961 2846 reverentiam
2994 2784 3134 2865 ejus
3163 2791 3330 2846 esset
3356 2803 3487 2848 om-

1988 2884 2142 2946 nino
2175 2883 2551 2947 cavendum.
2588 2882 2710 2944 Nec
2743 2883 2821 2944 de
2859 2882 2969 2943 tali
3002 2881 3261 2945 homine
3298 2901 3486 2965 expe-

1986 2982 2081 3044 dit
2113 2990 2347 3044 temere
2376 2979 2661 3061 judicare
2696 2996 2711 3040 :
2743 2978 2895 3060 quia
2925 2978 3043 3042 hoc
3072 2988 3240 3043 esset
3270 2981 3485 3044 incon-

368 3082 797 3145 desiderasset
837 3099 873 3142 a
914 3077 1368 3163 paranymphis
1413 3086 1604 3159 atque
1649 3076 1879 3140 sodali·-
1911 3082 1956 3146 C
1985 3079 2272 3143 venienti
2302 3078 2745 3141 inconveniens
2776 3077 3012 3154 addere,
3039 3097 3112 3141 ac
3142 3078 3482 3142 discrimen

371 3181 492 3243 bus
543 3178 768 3262 sponsi
818 3178 942 3242 sibi
1002 3176 1510 3240 ministerialiter
1566 3175 1873 3251 exhiberi,

369 3297 520 3342 mox
541 3298 578 3341 a
608 3296 845 3360 sponso
869 3274 972 3340 ’est
999 3275 1306 3350 exaudita,
1332 3275 1496 3338 sicut
1527 3274 1870 3355 subjungit.

453 3382 650 3439 Laeva
683 3379 826 3454 ejus
868 3378 986 3437 sub
1027 3378 1235 3452 capite
1279 3394 1413 3434 meo
1445 3373 1558 3435 :id
1603 3381 1722 3450 est,
1771 3373 1876 3454 pia

369 3485 438 3539 et
477 3475 756 3555 gratiosa
797 3474 1081 3539 visitatio
1124 3492 1197 3535 ac
1241 3471 1590 3535 consolatio
1631 3472 1871 3553 sponsi,

371 3581 687 3635 sustentat
728 3592 802 3635 ac
847 3570 1091 3634 stabilit
1135 3569 1634 3633 imbecillitatem
1679 3588 1750 3632 ac
1790 3569 1876 3631 la-

371 3672 570 3734 bilem
623 3670 872 3733 fluxum
931 3669 1166 3732 mentis
1226 3687 1424 3749 meae,
1458 3686 1538 3731 ne
1597 3667 1876 3749 pondere

367 3770 658 3853 corporis
687 3776 796 3832 aut
827 3768 1088 3851 propria
1117 3764 1597 3848 imperfectione
1624 3767 1703 3829 ab
1732 3785 1874 3829 arce

366 3867 849 3950 contemplativi
889 3866 1163 3929 intuitus
1193 3873 1355 3928 ruat.
1393 3868 1476 3927 E't
1504 3868 1768 3927 deoetera
1799 3868 1876 3925 il-

370 3970 500 4029 lius
528 3967 1015 4044 amplexabitur
1043 3986 1165 4035 me,
1199 3965 1265 4025 in
1296 3964 1501 4045 patria
1529 3980 1543 4025 :
1580 3960 1744 4025 sieut
1772 3982 1876 4026 ex-

365 4065 649 4148 positum
693 4071 791 4126 est
834 4063 900 4124 in
950 4061 1334 4144 praecedenti
1377 4060 1666 4124 articulo.
1702 4060 1874 4122 Felix

366 4183 548 4227 mens
598 4181 742 4244 quae
790 4160 881 4224 sic
936 4160 998 4222 in
1047 4159 1280 4222 Christi
1334 4166 1585 4241 pectore
1633 4159 1873 4239 requic-

1986 3196 2239 3259 augere.
2286 3178 2734 3241 Verumtamen
2777 3177 3067 3240 subditus
3109 3177 3478 3240 exercitium

1986 3298 2116 3342 suoe
2147 3276 2702 3359 contemplationis
2732 3295 2857 3339 non
2889 3274 3077 3339 debet
3106 3275 3484 3339 obedientiae

1984 3377 2326 3452 anteferre,
2363 3394 2480 3437 nec
2508 3374 2754 3437 caritati
2795 3373 3066 3455 proximi
3100 3372 3164 3434 in
3205 3374 3345 3456 ejus
3378 3391 3485 3436 ne-

1985 3475 2279 3539 cessitate
2316 3492 2329 3535 :
2366 3473 2508 3535 ideo
2553 3473 2611 3534 si
2655 3493 2692 3535 a
2740 3472 3067 3555 superiore
3114 3472 3477 3549 suscitetur,

1984 3581 2094 3635 aut
2139 3592 2177 3634 a
2226 3571 2513 3654 proximo
2564 3570 2889 3650 indigente
2938 3577 3213 3650 rogetur,
3246 3568 3483 3633 obtem-

1984 3679 2163 3754 peret
2206 3677 2513 3752 quantum
2557 3668 2745 3732 valet.

2084 3768 2215 3827 νοω
2260 3765 2481 3825 dilecti
2530 3765 2678 3833 mei,
2728 3771 2824 3824 est
2871 3761 3237 3826 commissio
3285 3780 3475 3843 quam

1985 3863 2225 3939 audivi,
2258 3881 2385 3943 qua
2416 3860 2737 3924 commisit
2769 3879 2849 3923 ne
2882 3861 3172 3937 susciter,
3204 3879 3279 3924 eo
3309 3862 3477 3941 quod

1986 3964 2123 4046 ipse
2150 3960 2357 4024 adhuc
2396 3959 2550 4023 velit
2590 3978 2692 4021 me
2730 3958 2864 4020 suis
2894 3958 3333 4021 mundissimis
3374 3977 3483 4041 ap-

1988 4062 2226 4144 plicare
2264 4057 2691 4139 amplexibuS,
2725 4056 3175 4140 praeveniendo
3214 4075 3317 4120 me
3347 4074 3485 4136 gra-

1985 4159 2144 4221 tiose
2183 4176 2255 4220 ac
2294 4176 2423 4239 prae
2468 4156 2658 4220 solito
2699 4157 2976 4238 copiose.
3011 4156 3164 4219 Nam
3203 4176 3336 4216 ecce
3366 4158 3484 4217 iste

367 4263 510 4338 scit,
556 4269 748 4342 atque
780 4256 1014 4323 aeterni‘
1033 4257 1225 4321 Verbi
1255 4257 1654 4339 amplexibus
1688 4258 1872 4319 strin—
1905 4267 1955 4330 D
1983 4276 2256 4339 sponsus
2288 4258 2465 4317 venit
2492 4258 2733 4315 saliens
2764 4258 2835 4315 in
2867 4257 3213 4326 montibu-3,
3246 4258 3480 4315 transi-

367 4360 562 4439 gitur.
604 4358 756 4431 Quis
797 4358 961 4420 hanc
999 4356 1276 4419 coelestis
1316 4356 1870 4437 superdignissimi

369 4457 587 4539 sponsi
662 4454 1012 4531 caritatem,
1077 4453 1532 4535 dignationem,
1597 4453 1873 4517 affluen-

375 4554 526 4617 tiam
572 4562 767 4636 queat
807 4554 1183 4635 exprimere,
1217 4551 1328 4633 qui
1370 4552 1645 4615 animam
1683 4552 1748 4615 in
1790 4552 1872 4613 si-

375 4673 485 4731 nu,
522 4653 654 4715 imo
693 4651 763 4714 in
801 4652 990 4714 corde
1029 4668 1144 4713 suo
1188 4650 1279 4713 sic
1328 4649 1476 4712 facit
1519 4651 1868 4732 quiescere,

376 4752 440 4814 in
490 4768 620 4833 quo
669 4769 851 4813 meus
907 4749 1120 4811 taliter
1176 4748 1649 4830 tranquillatur,
1701 4750 1870 4829 quod

371 4869 522 4913 vere
571 4849 785 4912 dicere.
831 4855 1061 4931 potest,
1106 4847 1172 4909 In
1220 4866 1378 4929 pace
1428 4847 1492 4908 in
1544 4846 1608 4909 id
1659 4846 1871 4929 ipsum

372 4947 688 5012 dormiam
731 4954 797 5009 et
842 4946 1278 5028 requiescam?
1320 4944 1612 5008 Animam
1662 4955 1871 5009 autem

370 5046 466 5109 sic
505 5045 630 5108 sibi
671 5045 1081 5127 conjunctam
1120 5062 1246 5107 non
1279 5044 1418 5106 vult
1451 5064 1724 5127 sponsus
1759 5045 1874 5106 im-

373 5152 648 5227 portune
679 5144 746 5205 in
789 5141 1210 5207 exterioribus
1242 5144 1561 5225 occupari,
1598 5144 1697 5206 vel
1727 5152 1872 5207 ante

374 5253 632 5324 tempus
677 5263 713 5306 a
761 5259 876 5303 sua
918 5241 1204 5305 revocari
1256 5242 1492 5324 quiete.
1541 5242 1682 5304 ldco
1730 5242 1877 5303 sub-

373 5341 550 5405 ditur
582 5360 598 5405 ε

1981 4359 2144 4416 lions
2174 4358 2359 4415 colles
2381 4375 2402 4413 .·
2435 4354 2497 4416 id
2528 4362 2645 4429 est,
2680 4373 2823 4416 cum
2856 4361 3029 4415 tanta
3058 4352 3379 4416 celeritate
3409 4372 3482 4415 ac

1983 4452 2353 4517 festinantia
2401 4452 2575 4514 venit
2623 4453 2701 4515 ad
2752 4469 2874 4527 me,
2928 4459 2998 4513 ut
3046 4450 3235 4512 salire
3276 4450 3478 4531 magis

1979 4573 2169 4635 quam
2218 4570 2481 4633 pergere
2526 4551 2847 4625 videatur3
2880 4558 2943 4611 et
2979 4557 3104 4611 tam
3154 4548 3479 4611 familiari-

1979 4661 2074 4714 ter
2105 4650 2399 4733 adjungit
2427 4668 2494 4712 se
2524 4649 2704 4726 mihi,
2738 4648 2921 4730 quasi
2964 4648 3123 4710 mihi
3163 4647 3282 4710 soli
3320 4647 3478 4710 velit

1980 4750 2173 4827 uniri,
2210 4750 2523 4814 cohaerere
2553 4767 2625 4811 ac
2657 4748 2854 4829 loqui.
2891 4748 3034 4811 Ideo
3062 4768 3307 4825 capreoe
3336 4750 3475 4809 hin-

1979 4853 2261 4929 nuloque
2302 4866 2635 4907 cervorum
2680 4845 2964 4909 assimilo
3015 4865 3184 4921 eum,
3221 4844 3373 4927 quia
3413 4851 3477 4909 et

1980 4949 2120 5031 ipse
2164 4947 2256 5010 sic
2299 4946 2566 5009 visitans
2615 4964 2739 5022 me,
2778 4944 2983 5009 reddit
3034 4964 3136 5008 me
3186 4944 3473 5009 interiori

1981 5048 2124 5123 visu
2174 5054 2455 5121 acutum,
2500 5052 2563 5106 et
2621 5042 2819 5105 instar
2871 5044 3126 5106 hinnuli
3182 5047 3257 5108 ad
3308 5044 3476 5110 bona

1984 5146 2293 5209 velocem.
2317 5144 2767 5207 Verumtamen
2799 5161 2925 5205 non
2962 5162 3029 5205 se
3062 5144 3343 5207 ostendit
3370 5144 3480 5207 mi-

1987 5244 2052 5305 hi
2108 5243 2173 5304 in
2237 5242 2494 5324 propria
2543 5240 2849 5316 claritate,
2905 5241 3096 5303 sicuti
3143 5250 3240 5303 est
3285 5242 3351 5303 in
3411 5262 3479 5306 se

1993 5340 2155 5423 ipso,
2192 5338 2335 5413 ideo
2375 5338 2538 5401 addo
2572 5354 2586 5399 :
2619 5339 2727 5399 En
2766 5340 2901 5417 ipse
2937 5348 3063 5400 stat
3091 5350 3236 5418 post
3265 5342 3481 5419 parie-
