4284 6267
842 465 923 530 64
1560 487 1913 534 manuario
1956 485 2021 532 n«
2058 485 2200 530 mr.
2245 485 2286 530 x
2329 481 2814 529 marmioun.
2861 499 2944 509 —
2983 480 3126 526 Λιιτ.
3171 480 3214 524 x

844 657 1249 736 praevaleant.
1272 659 1379 722 flae
1413 667 1625 722 autem
1656 659 1963 722 doctrinae
1992 666 2140 720 sunt
2177 656 2334 719 mul·
2357 655 2410 717 A
2443 654 2659 734 tigisse
2691 651 2924 716 fatetur
2951 652 3032 714 de
3059 650 3402 734 paxemade
3424 648 3472 722 ¹,
3504 665 3692 729 quam
3719 662 3920 710 come·

842 752 925 814 tis
990 763 1165 820 tanto
1220 756 1750 834 delectabilioreS,
1814 765 2057 838 quanto
2112 755 2331 818 minus

842 855 1300 916 transcendunt
1337 856 1751 938 capacitatem
1794 865 1859 919 et
1902 854 2332 918 ratiocinatio-

840 967 987 1012 nem
1020 951 1381 1017 intellectus
1413 954 1899 1037 humani‚quem
1928 952 2204 1017 difficile
2235 961 2332 1014 est

840 1046 905 1108 in
936 1051 1369 1131 captivitatem
1408 1053 1695 1134 redigere
1724 1052 1803 1116 ad
1834 1053 2224 1116 credendum
2260 1070 2332 1115 ea

836 1163 981 1226 quae
1036 1165 1292 1212 omnem
1354 1151 1688 1226 rationem,
1749 1150 2212 1232 experientiam
2266 1157 2330 1212 et

838 1264 1095 1309 sensum
1144 1250 1457 1312 excedunt
1500 1267 1517 1311 ε
1562 1250 1728 1313 sicut
1769 1250 1941 1331 quod
1985 1248 2176 1310 Arius
2219 1248 2330 1311 do-

836 1344 991 1420 cuit,
1026 1347 1221 1410 Deum
1260 1366 1391 1410 non
1429 1366 1569 1411 esse
1608 1347 1847 1410 trinum
1890 1347 1957 1409 in
1988 1347 2326 1426 Personis3

836 1453 899 1506 et
944 1443 1271 1523 PhotinuS,
1303 1447 1475 1527 quod
1521 1446 1807 1509 Christus
1856 1446 1937 1508 sit
1983 1465 2182 1528 purus
2220 1445 2330 1508 ho-

836 1561 983 1622 mo;
1016 1551 1081 1606 et
1125 1543 1235 1606 alii
1276 1545 1564 1626 quidam,
1596 1546 1771 1627 quod
1810 1545 1877 1607 in
1920 1544 2328 1607 Sacramento

835 1660 963 1706 non
1014 1643 1093 1704 sit
1140 1643 1452 1721 ChristuS,
1496 1644 1619 1706 nisi
1668 1651 1739 1706 ut
1788 1644 1853 1706 in
1902 1643 2109 1724 signo,
2144 1642 2328 1706 Tales

834 1759 1093 1822 quoque
1138 1742 1444 1805 doctrinm
1502 1742 1809 1806 recedunt
1860 1741 1945 1804 ab
2000 1751 2177 1805 arcta
2222 1741 2328 1805 via

2437 753 2534 815 dit
2573 751 2864 835 quotidie
2905 752 2972 813 in
3017 759 3284 814 secreto.
3315 748 3437 811 Sed
3479 747 3646 810 istud
3693 747 3761 808 in
3803 745 3922 806 vir·

2441 849 2642 913 tuosis
2689 849 2900 914 locum
2945 867 3074 912 non
3121 846 3334 909 habet.
3377 843 3795 908 conformiter
3839 841 3922 904 de

2439 947 2884 1031 spiritualibus
2925 946 3112 1029 aquis
3159 944 3414 1008 furtivis
3457 963 3530 1006 ac
3581 961 3740 1025 pane
3780 939 3924 1004 abs-

2437 1047 2720 1122 condito,
2753 1047 2820 1109 in
2857 1045 3178 1129 perversis
3217 1042 3613 1127 perfidisque
3649 1038 3924 1104 homini-

2435 1145 2561 1209 bus
2601 1146 2858 1209 accidit.

2551 1248 2630 1306 Ec
2685 1247 3014 1322 t'ynoravit
3066 1240 3436 1324 insipientia
3490 1259 3600 1303 seu
3658 1237 3916 1301 haeresis

2435 1345 2831 1421 detestanda,
2861 1347 3034 1424 quod
3059 1345 3355 1421 yiqantes
3383 1343 3476 1400 ibi
3509 1341 3667 1410 sint,
3696 1337 3760 1400 id
3793 1345 3912 1412 est,

2436 1449 2702 1531 spiritus
2759 1446 3024 1527 maligni
3071 1453 3136 1507 et
3181 1442 3620 1527 superbissimi
3670 1440 3924 1504 haeresi-

2435 1549 2666 1622 archae,
2721 1548 2787 1610 in
2845 1546 2980 1608 suis
3030 1544 3340 1608 doctrinis
3389 1543 3795 1606 dominentur
3846 1558 3921 1601 ac

2437 1655 2726 1727 regnent,
2783 1664 2912 1708 non
2959 1644 3122 1707 Deus
3169 1662 3288 1706 nec
3329 1640 3640 1724 sapientia
3693 1639 3926 1703 saluta-

2437 1746 2548 1807 ris.
2581 1746 2750 1809 Istud
2795 1745 2968 1808 enim
3008 1743 3280 1826 despicit
3327 1741 3602 1816 credere,
3636 1749 3700 1803 et
3743 1747 3922 1822 putat

836 1838 1081 1914 salutis,
1114 1848 1179 1902 et
1220 1839 1622 1904 delectabilia
1658 1839 1863 1904 multa
1901 1841 2256 1916 licentiant,
2289 1859 2327 1902 a
2363 1847 2410 1908 B
2439 1844 2743 1926 pertinaci
2777 1844 2993 1907 animo
3029 1862 3100 1906 se
3142 1843 3306 1904 bene
3345 1840 3582 1904 sentire
3617 1859 3632 1904 :
3667 1841 3795 1903 imo
3829 1839 3926 1900 in-

833 1937 1071 2019 quibus
1111 1939 1424 2020 sapientia
1464 1959 1614 2005 vera
1651 1938 1931 2003 refrenat
1966 1959 1979 2003 :
2016 1938 2162 2001 ideo
2189 1939 2328 2000 dul-

833 2036 1037 2100 ciores
1072 2037 1389 2101 videntur.
1421 2039 1606 2101 Panis
1637 2048 1849 2102 autem
1880 2037 2324 2114 abscondituS,

2435 1942 2887 2023 corrigibiliter
2909 1943 3042 2005 suis
3067 1941 3344 2004 adhaeret
3371 1938 3690 2003 erroribus
3720 1955 3923 2018 usque

2435 2042 2516 2104 ad
2557 2042 2794 2121 ignem.
2823 2045 2906 2105 Ec
2934 2044 3008 2103 in
3037 2042 3395 2120 profundis
3423 2040 3684 2116 inferni
3707 2038 3922 2098 convi-

4053 1242 4117 1296 18

2435 2162 2529 2201 voe
2565 2143 2734 2218 ejus,
2767 2140 2828 2202 id
2869 2147 2988 2214 est,
3032 2139 3206 2221 qnod
3245 2137 3314 2200 hi
3351 2137 3463 2220 qui
3503 2135 3918 2219 participant,

2431 2247 2493 2301 et
2539 2239 2864 2302 adhaerent
2911 2239 3046 2301 suis
3091 2237 3418 2310 doctriniS,
3475 2236 3541 2298 in
3595 2233 3914 2317 profundo

2431 2336 2666 2400 inferni
2705 2338 3179 2420 demergantur,
3221 2336 3390 2399 sicut
3429 2334 3734 2416 scriptum
3767 2341 3910 2397 est:

2429 2435 2545 2510 Qui
2597 2455 2725 2500 non
2775 2436 2996 2512 credit,
3047 2437 3177 2517 jam
3221 2434 3544 2517 judicatus
3587 2441 3704 2510 est,
3758 2432 3910 2514 quia
3981 2452 4202 2494 lma„

2431 2554 2558 2599 non
2595 2535 2798 2599 credit
2835 2536 2902 2598 in
2943 2535 3204 2598 nomine
3243 2532 3557 2613 unigeniti
3599 2531 3738 2593 Filii
3777 2531 3910 2595 Dei.
3946 2521 4016 2560 ¹⁸·

2427 2634 2605 2697 Unde
2663 2654 2884 2698 rursus
2937 2633 3004 2696 in
3063 2633 3271 2716 prima
3325 2651 3438 2694 sua
3494 2630 3762 2713 epistola
3823 2631 3910 2692 ait

2427 2732 2594 2796 idem
2643 2733 3088 2815 Evangelista:
3117 2730 3234 2806 Qui
3284 2749 3410 2795 non
3457 2729 3660 2793 credit
3709 2729 3775 2791 in
3819 2729 3916 2789 Fi·
3962 2739 4200 2786 nomm.

2425 2830 2606 2908 lium,
2650 2831 3020 2895 mendacem
3071 2829 3226 2893 facit
3271 2829 3539 2905 Patrem,
3579 2827 3730 2909 quia
3779 2845 3906 2890 non
3947 2807 4011 2847 ¹⁰·

832 2145 925 2200 est
958 2137 1351 2200 sacrificium
1383 2138 1899 2220 superstitiosum
1932 2138 2154 2202 talium
2184 2156 2328 2220 per-

832 2255 1184 2311 versorum,
1218 2237 1321 2300 vel
1354 2235 1421 2298 in
1461 2256 1551 2312 se,
1584 2236 1685 2300 vel
1716 2245 2029 2318 quantum
2070 2237 2150 2299 ad
2191 2255 2326 2300 mo-

830 2335 983 2398 dum
1028 2334 1429 2416 sacrilegum,
1461 2353 1592 2416 quo
1638 2335 1795 2397 illud
1844 2335 2216 2398 sacrificant
2259 2342 2323 2397 et

830 2433 1262 2516 frequentant.
1316 2434 1451 2508 Vel,
1501 2433 1689 2497 Panis
1734 2434 2170 2512 absconditus,
2223 2441 2322 2496 est

827 2551 1005 2596 error
1034 2533 1343 2608 occultnS,
1362 2533 1567 2595 latens
1596 2531 1893 2615 perfidia,
1919 2533 2019 2596 lex
2050 2532 2314 2614 iniqua:

826 2631 1063 2713 quibus
1102 2630 1395 2695 reficitur
1422 2632 1613 2694 homo
1647 2650 1865 2696 vecors
1892 2650 1968 2694 ac
2000 2630 2314 2714 perfidus,

826 2729 1134 2812 Denique,
1167 2731 1248 2793 ad
1285 2730 1584 2808 litteram,
1618 2730 1836 2793 multis
1870 2731 2121 2794 dulcius
2152 2730 2320 2812 sapi-

828 2837 945 2891 unt
971 2828 1155 2892 cibus
1184 2837 1247 2892 et
1278 2838 1489 2912 potus,
1521 2848 1711 2911 quem
1752 2830 2001 2893 occulte
2040 2838 2104 2893 et
2132 2829 2320 2891 furti-

826 2945 903 2990 ve
931 2927 1355 3010 accipiunt,in
1383 2935 1695 3011 quantum
1730 2927 1795 2990 in
1827 2928 1937 2991 tali
1968 2927 2317 2992 refectione
2423 2931 2626 2993 eredit
2655 2929 2721 2994 in
2763 2930 3200 2993 testimonium
3239 2947 3366 3010 quo
3409 2925 3788 2990 testificatus
3819 2935 3916 2989 est

824 3026 1084 3108 propria
1130 3027 1391 3090 libertas
1450 3028 1596 3109 plus
1644 3026 1890 3109 aliquid
1941 3027 2154 3102 habet,
2212 3028 2314 3090 vel
2350 3032 2394 3096 C
2424 3028 2603 3092 Pater
2651 3029 2731 3091 de
2789 3029 2946 3092 filio
2995 3046 3134 3091 suo.
3189 3027 3332 3090 Ideo
3391 3024 3684 3088 subditur
3733 3045 3750 3090 ε
3794 3027 3914 3105 qui

824 3125 1154 3206 proprium
1202 3135 1689 3208 separatumque
1732 3126 2136 3189 commodum
2185 3145 2318 3188 ma·
2422 3131 2598 3189 enim
2626 3131 3066 3208 applicabitur
3094 3129 3224 3191 illi.
3267 3125 3331 3188 id
3367 3134 3484 3200 est,
3519 3123 3900 3206 insipientiae

822 3221 921 3304 gis
968 3222 1261 3301 sentitur,
1295 3222 1395 3287 vel
1441 3223 1730 3287 diabolus
1776 3225 1977 3305 magis
2028 3225 2311 3307 instigat,
2423 3235 2534 3288 aut
2563 3227 2876 3291 haereticae
2902 3225 3200 3309 pravitati
3231 3223 3570 3300 consentit,
3585 3227 3914 3285 descendet

824 3329 1013 3403 prout
1044 3322 1110 3384 in
1141 3322 1307 3385 libro
1334 3320 1821 3386 confessionum
1851 3322 1919 3385 in
1950 3324 2147 3386 simili
2181 3333 2317 3387 tan·
2425 3329 2514 3386 ad
2559 3328 2804 3406 inferos
2847 3347 2870 3386 .·
2919 3346 3074 3387 nam
3114 3327 3234 3404 qui
3275 3325 3637 3385 abscesserit
3685 3324 3764 3383 ab
3809 3343 3912 3392 ea,

822 3420 914 3498 git
943 3419 1355 3500 AugustinuS,
1378 3429 1442 3483 et
1474 3420 1541 3482 in
1571 3420 2031 3484 collationibus
2058 3422 2314 3486 Patrum
2422 3425 2806 3495 salvabitur,
2831 3423 2956 3485 nisi
2984 3422 3244 3485 aliunde
3283 3420 3366 3482 sit
3395 3439 3562 3483 rcuS.
3591 3420 3918 3483 Verumta-

824 3518 1019 3582 abbas
1058 3518 1363 3601 Serapion
1396 3518 1521 3582 sibi
1555 3519 1621 3581 in
1658 3539 1773 3582 sua
1800 3520 2137 3600 juventute
2171 3541 2318 3586 con·
2425 3541 2574 3585 men
2613 3541 2837 3586 versus
2878 3523 2994 3585 iste
3035 3541 3164 3586 non
3203 3529 3298 3583 est
3343 3520 3424 3583 de
3463 3528 3658 3582 textu.

1982 3949 2638 4039 ARTICULUS
2717 3951 2790 4037 X

970 4223 1323 4272 ssLthmA'rto
1367 4225 1639 4272 camum
1683 4224 1887 4272 nncnn
1939 4227 1953 4271 :
2000 4226 2336 4272 PARABOLAE
2380 4226 2717 4273 satouoms
2763 4226 2904 4272 FILII
2948 4227 3136 4272 DAVID
3178 4227 3354 4274 REGIS
3397 4229 3765 4276 :unusual-

828 4502 1531 4705 QUEMADMODUM
1560 4505 1627 4566 in
1656 4505 1911 4569 exordio
1936 4506 2178 4570 dictum
2203 4513 2315 4582 est,
2352 4506 2402 4568 D
2429 4506 2582 4568 tutis
2642 4504 3011 4589 frequenter
3068 4507 3482 4590 conjungitur
3527 4509 3915 4593 vituperium

985 4604 1088 4667 hic
1120 4603 1459 4666 inchoatur
1488 4604 1770 4667 secunda
1796 4624 1943 4688 pars
1970 4613 2166 4686 atque
2195 4604 2319 4668 col·
2429 4604 2670 4688 peccati
2723 4606 3051 4668 contrarii.
3103 4605 3319 4688 ltaque
3365 4626 3480 4689 pro
3527 4609 3712 4672 titulo
3768 4628 3922 4693 prae-

823 4703 1010 4768 lectio
1047 4702 1491 4766 Parabolarum
1532 4703 1889 4768 Salomonis
1924 4725 1939 4768 :
1974 4705 2039 4766 in
2078 4703 2315 4785 quibus
2430 4703 2703 4766 mittitur
2731 4721 2744 4764 ε
2773 4707 3114 4766 Parabolae
3145 4709 3513 4768 Salomonis
3537 4709 3673 4785 filii
3699 4711 3920 4770 David

823 4823 949 4868 non
978 4811 1075 4867 est
1102 4803 1291 4883 longa
1317 4802 1630 4866 connexio
1659 4804 1738 4866 de
1766 4804 1985 4867 eadem
2022 4803 2309 4879 materia,

820 4904 931 4967 sed
961 4901 1235 4985 quilibet
1262 4921 1481 4967 versus
1520 4902 1945 4965 communiter
1985 4901 2177 4965 habet
2207 4921 2314 4963 su-

819 5021 919 5064 am
960 5001 1290 5065 materiam
1328 5001 1827 5083 compendiose3
1868 5009 1931 5063 et
1968 4999 2141 5062 laudi
2188 4998 2314 5061 vir-

898 5240 917 5278 ¹
952 5237 1229 5286 Paxemas
1264 5232 1442 5284 tertiae
1477 5233 1884 5292 declinationis,
1917 5245 2018 5283 seu
2060 5231 2434 5296 paxemadion
2475 5232 2757 5292 secundia,
2787 5233 3070 5296 significat
3099 5247 3303 5299 panem
3335 5234 3422 5285 bis
3465 5239 3712 5288 coctum.
3745 5237 3916 5300 (Nota

2425 4804 2594 4880 reyis
2637 4803 3240 4878 Jerusalem.Quem
3289 4804 3542 4868 titulum
3595 4806 3920 4888 praemise-

2427 4909 2596 4975 runt,
2627 4900 2740 4982 qui
2787 4919 2860 4962 ex
2900 4918 3011 4964 ore
3049 4901 3403 4966 Salomonis
3451 4903 3603 4966 istas
3651 4904 3920 4986 college-

2426 5007 2574 5061 runt
2619 4999 2976 5081 parabolas,

814 5310 873 5358 4·
899 5307 1158 5360 editionis
1186 5305 1583 5369 Coloniensia.)
1612 5333 1679 5344 --
1706 5306 1788 5355 Cf.
1821 5304 2017 5368 Cangii
2050 5303 2298 5354 Glossar.
2333 5303 2400 5352 V·
2429 5303 2831 5355 paximatium.
