4284 6267
1088 523 1441 569 manuario
1482 522 1545 568 m
1586 522 1725 569 mr.
1773 522 1816 568 n
1856 521 2290 570 scansus-res.
2335 544 2418 553 —
2457 526 2598 573 Am.
2645 526 2689 572 11
3311 510 3432 573 2225

327 689 589 772 sapiens
634 692 719 754 sit
762 702 823 757 et
866 694 1114 770 doctuS,
1156 706 1217 757 et
1258 696 1723 762 sollicitudine,
1769 694 1831 757 id
1861 693 1912 756 A
1946 702 2042 757 cst
2079 695 2270 758 rebus
2309 696 2626 760 concessis
2664 697 2744 759 ad
2777 698 3268 780 competentiam
3309 698 3424 773 uti,

323 796 421 849 est
450 789 518 851 in
551 809 707 854 cura
737 810 852 873 pro
880 793 1341 875 temporalibus
1372 793 1563 856 rebus
1579 811 1596 871 ;
1628 794 1835 853 homi·
1940 804 2000 854 et
2023 798 2345 855 ostendere
2374 798 2612 857 animoe
2642 817 2776 857 sua»
2807 799 2970 857 bona
2999 800 3080 857 de
3109 798 3430 857 laboribus

324 888 399 947 ni
424 890 627 949 otioso
657 893 926 969 quoesita
958 894 1262 960 dimittit,
1298 893 1360 955 id
1406 900 1525 968 est,
1570 910 1645 953 ea
1685 910 1831 971 quae
1940 894 2101 961 suis,
2132 892 2194 953 id
2226 900 2320 955 est
2352 892 2546 955 vitam
2586 912 2762 956 suam
2804 892 3095 968 reficere,
3137 902 3199 957 et
3239 912 3304 957 se
3335 894 3428 976 ip-

325 986 463 1067 ipse
502 988 783 1053 sollicite
825 990 1190 1071 acquisivit,
1226 990 1535 1072 relinquit
1582 989 1826 1051 homini
1942 1008 2081 1051 sum
2131 990 2447 1053 consolari
2492 1010 2569 1055 ex
2615 991 2799 1055 bonis
2849 992 2972 1055 sibi
3022 991 3292 1071 collatiS‚
3336 992 3424 1053 ita

322 1086 677 1167 negligenti
703 1107 777 1151 ac
805 1088 1135 1171 pigro,qui
1159 1108 1231 1151 ea
1258 1088 1673 1171 prodigaliter
1704 1106 1831 1151 car-
1940 1095 2011 1149 ut
2038 1088 2282 1151 habens
2311 1090 2572 1165 victum,
2607 1097 2668 1152 et
2703 1091 2940 1173 quibus
2971 1099 3235 1171 tegatur,
3275 1110 3424 1154 con·
3450 1106 3718 1159 trimme.

324 1183 689 1267 naliterque
726 1188 1070 1249 consumit.
1112 1190 1198 1250 Et
1234 1190 1348 1249 hoc
1384 1208 1531 1265 erqo
1570 1188 1830 1248 vanitas
1944 1194 2156 1248 tentus
2206 1186 2310 1263 sit,
2358 1195 2420 1249 et
2469 1189 2683 1269 quiete
2730 1193 3068 1252 vescatur?
3115 1196 3306 1272 prout
3354 1189 3424 1251 in

323 1292 411 1343 est
451 1294 513 1345 et
556 1306 873 1363 maynum
914 1289 1185 1348 malum.
1218 1285 1477 1349 Vanitas
1519 1295 1638 1363 est,
1677 1303 1833 1367 quo·
1941 1283 2299 1348 Proverbiis
2330 1285 2568 1348 dictum
2601 1293 2696 1349 est
2731 1304 2744 1347 :
2781 1287 3041 1350 Divitias
3069 1296 3134 1351 et
3163 1305 3426 1369 pauper·
3471 1307 3718 1361 Promxxx.

326 1382 496 1444 niam
530 1392 708 1447 caret
738 1382 874 1448 line
905 1384 1151 1448 intento
1182 1404 1219 1447 a
1246 1394 1691 1466 congregante,
1716 1383 1827 1466 qui
1942 1390 2131 1445 tatem
2167 1401 2245 1446 ne
2284 1384 2532 1447 dederis
2572 1383 2754 1462 mihi,
2789 1386 2898 1447 sed
2939 1385 3147 1450 tribue
3181 1393 3422 1449 tantum
3455 1372 3494 1413 ⁸·

328 1480 705 1545 intendebat
733 1501 809 1546 ea
838 1482 1201 1565 relinquere
1240 1484 1433 1564 digno
1463 1492 1527 1546 et
1555 1482 1829 1565 sapienti
1942 1482 2139 1546 victui
2174 1500 2316 1546 meo
2348 1483 2724 1547 necessaria.
2758 1483 2934 1547 Unde
2963 1485 3374 1567 subjungitur
3407 1502 3421 1547 ε

328 1581 707 1658 successori,
750 1600 823 1644 ac
864 1600 977 1665 pro
1018 1589 1185 1645 statu
1224 1582 1492 1646 honesto
1532 1600 1644 1664 per
1682 1599 1825 1643 eum
1940 1583 2028 1642 Et
2056 1584 2268 1642 hocde
2301 1603 2502 1643 manu
2520 1585 2645 1644 Dei
2658 1592 2746 1643 est
2763 1604 2786 1642 .·
2805 1582 2867 1645 id
2900 1593 3014 1660 est,
3037 1583 3126 1647 ita
3155 1582 3428 1648 reficiet

108 3964 247 4009 Hectit.

90 4031 131 4069 2}

118 4063 281 4139 imm.

96 4712 149 4753 ¹9.

164 3470 227 3525 23

169 5326 230 5383 2⁴

261 3982 313 4021 n.
340 3949 407 4011 in
455 3958 763 4031 tempore,
816 3948 981 4011 sicut
1030 3948 1118 4009 ait
1162 3947 1449 4011 Salvator
1500 3966 1514 4011 ε

328 1677 641 1742 ducendo.
676 1678 787 1741 Est
816 1679 1008 1742 etiam
1048 1698 1345 1759 magnum
1378 1678 1642 1755 malum,
1677 1677 1831 1759 quia

329 1778 603 1841 multum
650 1778 905 1860 poenale
948 1778 1221 1860 parenti,
1256 1778 1309 1841 si
1354 1796 1428 1841 eo
1472 1778 1725 1841 vivente
1768 1782 1831 1838 et

1942 1680 2318 1755 contentari,
2356 1688 2452 1743 est
2481 1680 2869 1744 beneficium
2903 1682 3034 1758 Dei,
3071 1682 3198 1745 imo
3227 1690 3289 1747 et
3319 1684 3429 1747 do-

1942 1796 2093 1838 num
2136 1778 2349 1859 gratias
2389 1780 2548 1861 ejus,
2593 1798 2666 1843 ac
2714 1779 3081 1843 meritorius
3125 1790 3322 1858 actuS,
3371 1783 3425 1844 si

326 1877 587 1953 sciente,
622 1876 809 1939 heres
844 1895 997 1939 suus
1028 1877 1121 1939 sic
1150 1877 1411 1940 devoret
1439 1874 1606 1938 bona
1640 1873 1761 1937 sibi
1793 1892 1831 1935 a
1865 1878 1913 1942 Β
1944 1874 2059 1938 fiat
2106 1896 2183 1939 ex
2230 1877 2514 1939 caritate.
2551 1880 2710 1948 Quis
2745 1880 2839 1939 ita
2891 1880 3164 1949 vorabit,
3199 1878 3261 1941 id
3303 1890 3421 1959 est,

211 2011 224 2022 ·
324 1982 497 2057 patre
526 1975 783 2039 collata.
817 1975 993 2049 Quod
1028 1975 1081 2037 si
1111 1983 1291 2057 pater
1331 1975 1455 2037 ista
1485 1992 1612 2037 non
1642 1972 1826 2049 sciat,

326 2092 437 2137 nec
468 2073 647 2137 vivat
676 2073 830 2136 dum
864 2073 1056 2151 fiunt,
1088 2082 1302 2136 tamen
1341 2072 1547 2136 adhuc
1579 2071 1827 2147 vivens,

324 2172 612 2235 timendo
654 2172 735 2235 de
782 2172 926 2247 hoc,
978 2170 1421 2253 affligebatur.
1469 2168 1831 2233 Successori

328 2289 476 2335 vero
506 2270 724 2333 taliter
760 2270 1165 2335 consumenti
1208 2270 1377 2334 bona
1420 2268 1545 2332 sibi
1583 2268 1827 2345 relicta,

332 2370 501 2432 istud
531 2378 631 2433 est
655 2387 961 2450 magnum
990 2369 1234 2433 malum
1265 2367 1612 2451 culpabile.

410 2470 592 2539 Quid
616 2470 796 2530 enim
812 2470 1111 2547 proderit
1139 2470 1395 2530 homini
1422 2467 1826 2546 cuicumque,

335 2567 397 2629 id
428 2576 547 2643 est,
582 2585 777 2648 quam
810 2567 1153 2630 utilitatem
1192 2565 1605 2647 consequitur
1637 2564 1828 2627 homo

334 2665 729 2749 quicumque
774 2684 1005 2728 avarus
1054 2673 1118 2727 et
1159 2672 1366 2739 tenax,
1409 2668 1490 2725 de
1526 2665 1826 2725 universo

336 2769 547 2827 labore
574 2786 712 2838 suo,
745 2783 875 2847 quo
916 2784 1033 2847 pro
1071 2764 1313 2827 divitiis
1352 2763 1686 2840 laboravit,
1724 2762 1825 2827 vel

333 2864 410 2927 de
439 2862 601 2945 ipsis
628 2863 873 2927 divitiis
903 2862 1215 2926 laboriose
1244 2862 1551 2935 collectis,
1574 2872 1633 2923 et
1661 2864 1827 2938 affli-

334 2966 563 3034 ctione,
616 2961 683 3024 id
740 2970 839 3025 est
894 2961 1326 3025 sollicitudine
1375 2970 1441 3025 et
1485 2962 1823 3034 anxietate,

1942 1983 2065 2037 tam
2097 1975 2528 2039 abundantem
2568 1976 3094 2058 praeparationem
3137 1977 3426 2042 ciborum

1939 2072 2222 2152 habebit,
2255 2085 2315 2137 et
2346 2076 2600 2136 deliciis
2635 2081 2851 2153 affluet
2891 2076 2958 2138 in
3003 2096 3121 2139 usu
3167 2076 3428 2140 femina-

1940 2190 2081 2234 rum
2138 2181 2201 2236 et
2261 2172 2604 2252 virginum,
2661 2182 2733 2235 ut
2778 2196 2888 2252 eqo
2937 2173 3292 2239 Salomon?
3343 2177 3428 2238 De

1939 2270 2122 2352 cujus
2171 2270 2564 2351 quotidianis
2603 2270 2862 2334 cibariis
2909 2279 2972 2335 et
3017 2273 3316 2337 uxoribus
3367 2282 3430 2336 et
3479 2292 3721 2347 uincam,

3456 2358 3720 2471 {fatti

1939 2367 2336 2446 concubiniS,
2372 2370 2557 2433 tertio
2606 2369 2843 2451 Regum
2887 2380 2950 2433 et
2999 2373 3277 2436 secundo
3325 2372 3429 2436 Pa-

1942 2467 2382 2550 ralipomenon
2425 2467 2579 2530 satis
2618 2469 3050 2551 conscriptum
3089 2478 3206 2533 est.
3231 2470 3308 2533 Et
3343 2480 3430 2535 ta·

1941 2585 2088 2629 men
2116 2584 2234 2647 ego
2264 2567 2331 2629 in
2361 2566 2597 2629 talibus
2630 2566 2716 2629 ita
2745 2568 3325 2650 expertuS,det'inio
3357 2589 3430 2634 ac

1943 2674 2278 2747 protestor,
2309 2666 2479 2748 quod
2521 2666 2587 2727 in
2633 2665 2790 2748 ipsis
2829 2684 2955 2729 non
2989 2666 3282 2746 felicitaS,
3319 2670 3428 2732 sed

1943 2763 2189 2826 vanitas
2229 2764 2348 2827 sita
2390 2772 2506 2827 est.
2541 2764 2729 2837 Quasi
2768 2764 2940 2827 dicat
2975 2785 2989 2829 :
3024 2765 3171 2827 Mihi
3209 2766 3276 2828 in
3328 2767 3428 2830 his

1939 2862 2378 2944 expertissimo
2408 2862 2795 2925 credendum
2837 2872 2955 2926 est.

2019 2961 2162 3024 Ideo
2191 2962 2628 3025 concludendo
2657 2960 2991 3044 subjungit
3011 2965 3317 3025 :Homini
3337 2967 3427 3025 bo·

331 3064 627 3141 spiritus,
662 3060 725 3123 id
776 3069 873 3123 est
922 3061 1151 3123 animae
1198 3080 1351 3139 suae,
1384 3083 1515 3141 qua
1546 3062 1663 3121 sub
1702 3062 1829 3119 sole
1863 3060 1909 3125 C
1942 3080 2022 3121 no
2063 3062 2135 3121 in
2173 3071 2502 3138 conspectu
2541 3081 2681 3131 suo,
2724 3060 2787 3123 id
2837 3069 2933 3124 est
2983 3060 3228 3124 homini
3277 3081 3424 3125 vere

334 3163 669 3222 cruciatus
713 3169 804 3220 est
862 3168 1125 3242 propter
1183 3160 1305 3223 ista
1361 3168 1631 3234 terrena,
1682 3177 1827 3241 quae

334 3280 479 3323 cum
512 3258 736 3321 labore
766 3258 1206 3341 acquiruntur,
1241 3279 1385 3322 cum
1421 3258 1647 3321 timore
1685 3276 1831 3340 pos-

336 3359 648 3433 sidentur,
674 3377 821 3420 cum
863 3357 1083 3421 dolore
1126 3366 1189 3421 et
1232 3358 1489 3420 tristitia
1527 3358 1833 3419 amittun-

336 3460 476 3518 tur'l
509 3458 748 3519 Cuncti
782 3458 921 3517 dies
956 3458 1096 3535 ejus
1137 3458 1462 3517 doloribus
1499 3466 1559 3517 et
1594 3476 1833 3518 ‹erum-

334 3557 463 3624 πίε,
496 3555 563 3617 id
606 3565 706 3619 est
748 3554 1001 3618 miseris
1044 3554 1237 3632 curis,
1271 3554 1587 3635 malisque
1620 3572 1827 3637 poenae

336 3661 399 3715 et
426 3654 659 3736 culpae,
686 3656 875 3731 pleni
901 3664 1056 3715 sunt
1083 3674 1107 3713 .·
1136 3653 1257 3717 hoc
1294 3661 1412 3730 est,
1458 3652 1725 3735 ipsemet
1758 3652 1827 3715 in

336 3752 567 3815 diebus
603 3752 737 3814 suis
778 3752 877 3813 his
907 3752 1373 3815 calamitatibus
1414 3750 1823 3833 adimpletur.

338 3850 637 3933 Tempori
665 3850 837 3913 enim
868 3848 1319 3912 adscribuntur
1349 3868 1445 3926 ea,
1483 3868 1627 3931 quae
1658 3848 1830 3911 fiunt

1572 3946 1832 4011 Sufficit

342 4046 469 4111 diei
502 4045 749 4109 malitia
778 4064 926 4127 sua;
958 4054 1041 4123 et,
1074 4044 1399 4109 Crastinus
1428 4045 1565 4109 dies
1600 4046 1833 4110 sollici-

1943 3160 2246 3237 virtuos0,
2289 3162 2468 3220 dedit
2519 3162 2690 3221 Deus
2737 3161 3154 3236 sapientiam,
3207 3160 3271 3223 id
3331 3170 3427 3224 est

1941 3259 2224 3341 sapidam
2271 3257 2636 3321 divinorum
2677 3256 2993 3332 notitiam,
3026 3266 3214 3340 prout
3263 3259 3430 3339 sapi-

1940 3356 2112 3417 entia
2138 3362 2234 3417 est
2264 3355 2526 3429 donum,
2561 3364 2620 3414 et
2649 3357 3008 3423 scientiam,
3046 3354 3111 3416 id
3141 3365 3237 3419 est
3266 3354 3432 3418 infu-

1941 3472 2073 3515 sam
2106 3451 2397 3515 notitiam
2424 3452 2504 3515 de
2537 3452 2727 3514 rebus
2759 3452 3009 3527 creatiS,
3033 3453 3206 3534 quod
3237 3454 3305 3516 in
3337 3454 3428 3518 eis

1941 3569 2069 3614 non
2100 3551 2185 3613 sit
2223 3549 2378 3613 finis
2410 3550 2676 3613 ultimus
2708 3551 3191 3614 constituendus
3233 3569 3248 3614 :
3286 3572 3429 3635 quae

1940 3649 2205 3713 scientia
2231 3650 2422 3712 etiam
2463 3648 2703 3712 donum
2745 3655 2862 3725 est,
2895 3655 2959 3710 et
2988 3650 3288 3713 omnibus
3320 3650 3430 3713 ha-

1939 3747 2238 3810 bentibus
2285 3747 2613 3810 caritatem
2658 3746 2845 3822 inest,
2898 3744 3064 3809 sicut
3109 3756 3172 3810 et
3220 3757 3429 3811 cetera

1939 3846 2137 3925 dona3
2171 3856 2230 3906 et
2264 3846 2587 3915 laetitiam,
2617 3844 2682 3906 id
2719 3852 2816 3907 est
2854 3845 3252 3927 spiritualem
3283 3865 3430 3910 con·

1943 3944 2340 4019 solationem,
2375 3951 2438 4006 et
2466 3942 2768 4024 gaudium
2801 3942 2868 4005 in
2899 3942 3139 4025 Spiritu
3171 3944 3425 4023 Sancto,

1943 4044 2031 4105 ita
2082 4044 2256 4125 quod
2315 4040 2601 4104 hilariter
2651 4030 2846 4104 servit
2901 4042 3049 4105 Deo.
3097 4046 3430 4105 Peccatori

346 4155 443 4209 tus
486 4145 610 4209 erit
652 4144 777 4207 sibi
822 4144 967 4226 ipsi.
1006 4147 1139 4206 Nec
1179 4166 1292 4223 per
1334 4154 1579 4206 noctem
1622 4155 1831 4206 mente
1940 4152 2158 4204 autem
2194 4143 2374 4202 dedit
2407 4142 2844 4218 afflictionem,
2885 4140 2952 4202 id
2996 4149 3094 4204 est
3140 4142 3428 4224 poenales

342 4245 683 4325 requiescit
712 4264 736 4302 .·
766 4243 920 4323 quia
956 4241 1025 4304 in
1073 4241 1237 4306 lecto
1278 4241 1693 4325 corporaliter
1738 4262 1833 4307 re-
1863 4246 1913 4308 1)
1943 4240 2340 4317 affectioneS,
2377 4248 2446 4301 ut
2474 4248 2642 4317 sunt,
2679 4239 2890 4315 timor,
2913 4240 3118 4319 dolor,
3146 4242 3424 4321 tristitia,

341 4340 907 4423 quiescens,corde
936 4339 1333 4417 sollicitatur,
1354 4359 1435 4404 ne
1464 4339 1639 4403 furto
1670 4341 1829 4422 quid
1941 4340 2350 4404 conscientiae
2391 4356 2648 4419 quoque
2695 4356 3052 4418 remorsus3
3101 4350 3160 4401 et
3197 4361 3428 4403 curam

342 4440 587 4522 perdat,
622 4445 686 4502 et
731 4436 1005 4519 qualiter
1046 4437 1232 4519 plura
1273 4438 1685 4520 adipiscatur,
1722 4446 1832 4501 aut

342 4536 731 4620 pertinentia
759 4534 883 4598 sibi
912 4535 1229 4617 disponat.
1253 4536 1429 4598 Unde
1456 4536 1684 4601 asserit
1716 4538 1833 4601 Do-

302 4685 317 4703 .
342 4636 557 4699 minus
599 4655 613 4698 :
656 4634 975 4698 AErumnae
1014 4634 1250 4712 saeculi,
1294 4642 1357 4699 et
1404 4635 1695 4719 deceptio
1737 4637 1833 4700 di-

344 4734 669 4811 vitiarum,
702 4742 768 4797 et
794 4734 964 4796 circa
1009 4732 1255 4814 reliqua
1290 4734 1829 4815 concupiscentiae

341 4832 751 4907 introeuntes
769 4830 1095 4895 suffocant
1127 4831 1391 4895 verbum
1423 4832 1555 4895 Dei.
1576 4834 1661 4894 Et
1690 4837 1829 4907 hoc,

342 4930 585 4994 scilicet
614 4950 728 5013 per
761 4938 1013 4993 noctem
1053 4946 1181 4991 non
1224 4930 1551 5011 quiescere
1590 4940 1824 5011 mente,

340 5038 405 5092 et
433 5028 645 5092 taliter
674 5037 935 5111 propter
962 5027 1339 5109 temporalia
1369 5029 1831 5108 cruciari,non-

342 5149 423 5189 ne
470 5131 729 5190 vanitas
768 5128 911 5203 est?
948 5125 1107 5208 quia
1155 5145 1193 5188 a
1241 5146 1389 5191 vera
1438 5126 1833 5191 beatitudine

342 5226 609 5309 impedit
650 5225 999 5289 hominem.

426 5326 655 5391 Nonne
680 5326 915 5386 melius
940 5334 1033 5385 est
1060 5327 1381 5385 comedere
1413 5333 1471 5385 et
1501 5327 1738 5397 bibere,
1766 5326 1830 5389 id

587 5458 656 5510 T.
689 5458 740 5508 7.

1939 4442 2340 4517 superfluam
2370 4436 2539 4498 circa
2567 4435 2946 4517 spiritualia,
2979 4445 3042 4499 et
3069 4444 3337 4515 terrena,
3363 4446 3427 4502 et

1940 4539 2019 4601 de
2046 4536 2322 4601 vitandis
2355 4533 2678 4616 periculiS,
2695 4553 2808 4597 seu
2834 4535 2968 4599 vita
2994 4537 3382 4617 productiori
3407 4554 3424 4618 ;

1942 4646 2015 4699 ut
2044 4638 2245 4697 addat
2279 4642 2531 4696 terrena
2569 4633 2862 4708 terrenis,
2906 4643 2966 4694 et
2994 4644 3323 4711 conqreqet
3352 4653 3429 4697 ea

1943 4735 2009 4797 in
2041 4730 2435 4815 repositoriis
2461 4729 2618 4808 suiS,
2636 4742 2694 4793 et
2716 4735 2933 4793 tradat
2955 4734 3018 4791 ei
3039 4733 3157 4811 qui
3175 4735 3429 4809 placuit

1939 4836 2096 4903 Deo,
2138 4832 2202 4893 id
2250 4839 2368 4907 est,
2417 4830 2738 4911 relinquat
2785 4848 2860 4893 ea
2907 4829 3014 4907 ita,
3060 4829 3230 4911 quod
3267 4830 3429 4910 (Deo

1942 4932 2034 4995 sic
2062 4930 2427 5010 ordinante)
2452 4928 2870 4993 devolvantur
2900 4927 2967 4990 in
2996 4946 3180 4990 usum
3222 4927 3432 4991 homi·-

1941 5029 2041 5092 nis
2081 5029 2261 5111 justi,
2299 5027 2394 5090 eis
2435 5026 2756 5105 condigni,
2791 5026 3085 5107 quamvis
3135 5026 3258 5089 hoc
3315 5024 3433 5089 fiat

1942 5134 2168 5210 praeter
2199 5144 2310 5190 seu
2349 5134 2572 5189 contra
2603 5124 2990 5189 voluntatem
3029 5132 3092 5187 et
3133 5124 3435 5188 intentio-

1942 5244 2085 5289 nem
2117 5226 2398 5289 hominis
2427 5223 2796 5306 cupidi‚qui
2825 5241 2899 5285 ea
2927 5222 3204 5305 reliquit,
3238 5232 3432 5306 atque

1941 5324 2020 5389 ad
2051 5342 2238 5387 usum
2274 5323 2473 5386 alium
2506 5320 2847 5386 ordinavit.
2888 5320 3431 5394 Quemadmodum

3125 5457 3188 5507 15

3551 1884 3624 1939 25

3554 2974 3626 3028 26
