4284 6267
139 684 207 740 23

76 1776 184 1819 Gen.
205 1790 237 1825 ι,
254 1777 338 1818 2⁶.

76 2376 203 2421 loia.
219 2390 285 2429 ιιι,
300 2378 343 2418 ¹-

60 2442 101 2491 7,
124 2444 195 2483 ¹3.

72 3853 259 3896 locun.
272 3864 359 3901 nu,

184 4524 266 4579 12

1055 507 1406 556 nummulo
1450 508 1513 555 m
1554 508 1691 556 cn.
1738 510 1783 555 11
1824 509 1983 556 unm
2024 509 2384 557 summm.
2429 530 2510 541 —
2551 510 2692 558 ΛΒΤ.
2739 510 2782 557 11

3343 492 3461 557 467

446 677 771 744 Quoniam
810 681 985 741 Deus
1021 682 1267 741 creavit
1308 682 1658 751 hominem,
1690 679 1861 743 scili·
1889 677 1941 740 A
1970 679 2316 761 cultorem3
2349 684 2658 761 quoniam
2706 683 3076 744 contrariu-3
3123 690 3214 742 est
3254 682 3462 760 operi-

354 781 463 835 cet
492 774 774 855 primum
816 785 1106 840 nostrum
1145 786 1473 859 parentem
1502 779 1723 855 Adam,
1758 781 1860 839 in-

354 876 947 945 exterminabilem,
1006 876 1072 939 id
1128 884 1225 939 est
1279 876 1739 959 impassibilem
1798 886 1861 940 et

360 969 816 1048 immortalem,
861 973 987 1037 nisi
1038 983 1350 1057 peccaret.
1384 975 1533 1038 Nam
1581 976 1859 1038 animam

359 1070 505 1151 ejus
552 1071 843 1134 condidit
896 1072 1345 1151 immortalem,
1396 1081 1461 1137 et
1512 1093 1626 1156 per
1671 1073 1863 1154 origi—

361 1169 575 1232 nalem
622 1169 938 1251 Justitiam
980 1171 1320 1235 mansisset
1360 1191 1591 1255 corpus
1634 1173 1863 1236 animae

362 1266 653 1349 perfecte
695 1268 1079 1351 subjectum,
1112 1278 1175 1333 et
1212 1289 1249 1333 a
1289 1269 1659 1334 laesionibus
1708 1271 1863 1334 libe-

364 1385 533 1428 rum.
565 1369 655 1429 Et
696 1371 787 1429 ad
822 1370 1186 1446 imminent
1224 1370 1692 1431 similitudinis
1732 1390 1865 1432 suoe

363 1465 522 1541 fecit
552 1464 857 1536 illum,id
886 1474 985 1529 est
1011 1466 1095 1528 ad
1130 1465 1551 1531 imitationem
1582 1467 1682 1529 sui
1712 1466 1867 1550 ipsi-

366 1583 467 1639 us,
488 1572 561 1627 ut
590 1582 706 1647 per
736 1564 1147 1641 intellectum,
1170 1566 1563 1644 memoriam,
1584 1567 1869 1632 volunta-

370 1669 499 1724 tem
532 1671 703 1725 esset
738 1682 938 1746 capax
967 1663 1099 1736 Dei,
1120 1664 1635 1747 contemplando,
1659 1684 1869 1729 aman-

367 1760 473 1835 do,
507 1779 582 1824 ac
626 1760 999 1825 inhaerendo
1044 1779 1057 1825 :
1097 1762 1278 1843 juxta
1322 1762 1504 1840 illud,
1537 1762 1867 1827 Faciamus

368 1857 700 1923 hominem
746 1860 827 1922 ad
862 1860 1220 1942 imaginem
1266 1869 1329 1923 et
1377 1860 1863 1926 similitudinem
1905 1865 1953 1927 B
1980 1863 2408 1944 adoptionem.
2433 1864 2668 1923 Factus
2693 1870 2784 1921 est
2811 1862 2992 1921 nobis
3021 1861 3094 1923 in
3127 1861 3470 1921 traductio-

370 1966 679 2021 nostram.
716 1960 991 2021 Invidia
1026 1970 1243 2021 autem
1283 1962 1531 2021 diaboli
1568 1980 1737 2021 mors
1768 1962 1871 2022 in-

372 2058 601 2117 troivit
630 2058 703 2117 in
736 2060 949 2119 orbem
986 2068 1311 2119 terrarum
1342 2077 1367 2119 .·
1398 2058 1462 2119 id
1502 2065 1623 2135 est,
1656 2058 1872 2123 diabo-

370 2154 471 2217 lus
513 2173 594 2218 ex
632 2154 898 2234 invidia,
932 2174 1061 2237 qua
1100 2155 1333 2219 invidit
1372 2156 1581 2237 primo
1623 2156 1873 2239 parenti

370 2272 444 2316 ac
476 2254 620 2336 ejus
652 2254 1006 2335 posteritati
1040 2254 1523 2330 beatitudinem,
1558 2273 1752 2337 quam
1784 2257 1875 2338 ip-

372 2370 443 2415 se
471 2351 797 2429 amiserat,
817 2352 1070 2435 decepit
1099 2360 1165 2415 et
1198 2352 1276 2415 ad
1309 2352 1874 2433 transgressionem

372 2449 632 2512 induxit
659 2450 901 2533 primos
930 2450 1375 2533 parenteS.Qui
1406 2470 1553 2514 mox
1580 2451 1666 2515 ob
1696 2470 1874 2515 suam

373 2549 947 2628 transgressionem
978 2548 1274 2629 originali
1304 2550 1552 2631 justitia
1583 2558 1730 2613 sunt
1758 2550 1881 2633 pri-

372 2646 509 2711 vati
544 2665 557 2709 :
595 2647 817 2730 sicque
855 2656 1070 2711 mente
1110 2665 1327 2711 eorum
1371 2668 1485 2732 per
1514 2648 1881 2713 inobedien-

374 2748 531 2809 tiam
564 2765 603 2807 a
626 2746 753 2809 Deo
781 2764 1021 2821 aversa,
1041 2746 1254 2809 statim
1284 2747 1479 2828 coepit
1508 2748 1879 2811 sensualitas

376 2844 614 2909 rationi
656 2844 873 2919 reniti,
927 2852 991 2907 et
1030 2862 1263 2927 corpus
1313 2845 1611 2927 spiritui3
1658 2846 1879 2929 sicque

374 2961 613 3024 corpus
643 2941 1004 3005 necessitati
1034 2942 1344 3005 moriendi
1374 2942 1734 3025 subjectum
1764 2954 1875 3009 est.

1970 786 2085 843 bus
2114 782 2375 852 nostris,
2406 780 2558 862 quia
2599 779 3023 844 idololatriam
3062 779 3224 842 vitat
3260 798 3334 841 ac
3365 798 3462 841 re-

1971 879 2218 964 probat,
2253 888 2312 940 ec
2343 882 2738 956 improperat
2774 880 2954 939 nobis
2983 888 3246 957 peccata
3281 880 3462 955 legis,

1973 978 2035 1041 id
2065 986 2164 1041 est
2191 976 2347 1041 vitia
2375 995 2518 1059 quae
2555 983 2777 1040 contra
2805 976 3158 1039 naturalem
3192 974 3462 1040 facimus

1973 1078 2200 1158 legem.
2232 1077 2573 1139 promittit
2601 1096 2664 1135 se
2689 1076 3026 1137 scientiam
3053 1077 3178 1137 Dei
3207 1077 3460 1144 habere,

1972 1175 2218 1240 scilicet
2246 1174 2449 1255 legem
2480 1174 2756 1256 desuper
2782 1173 3016 1250 datam,
3034 1175 3320 1252 etlilium
3340 1174 3466 1233 Dei

1972 1296 2035 1336 se
2063 1276 2360 1335 nominat
2389 1293 2413 1332 .·
2436 1272 2618 1353 juxta
2649 1270 2809 1333 illud
2839 1270 3332 1347 Deuteronomii,
3367 1270 3410 1331 1³·
3416 1268 3466 1332 i-
3519 1291 3649 1337 Dent.
3671 1304 3754 1343 m.

1974 1373 2045 1435 lii
2078 1379 2286 1436 estote
2307 1369 2557 1434 Domini
2590 1369 2699 1432 Dei
2729 1368 2946 1432 vestri.
2964 1368 3141 1432 Unde
3167 1376 3233 1432 et
3262 1368 3328 1430 in
3354 1368 3468 1431 Ex·
3496 1356 3536 1398 ¹·

1975 1472 2097 1535 odo
2143 1469 2452 1534 Dominus
2494 1467 2778 1550 loquitur
2813 1467 3061 1530 :Filius
3109 1485 3290 1530 meus
3339 1465 3468 1548 pri·
3531 1488 3759 1543 umam,

1977 1568 2334 1650 mogenitus
2365 1566 2592 1647 Israel;
2625 1574 2691 1629 et
2721 1564 2787 1627 in
2816 1563 2973 1629 Osee
3007 1582 3022 1627 ε
3055 1564 3214 1627 Puer
3251 1564 3462 1641 lsrael,
3496 1554 3564 1595 ²²·

3593 1086 3659 1143 13

1976 1676 2037 1731 et
2067 1666 2262 1729 dilexi
2291 1682 2471 1745 eum3
2509 1672 2572 1727 et
2601 1683 2678 1727 ex
2707 1664 2972 1747 AEgypto
3001 1662 3225 1728 vocavi
3256 1662 3466 1726 filium
3515 1615 3626 1659 ⁰⁸³⁶
3640 1630 3696 1668 ἰ’
3716 1618 3752 1661 ¹⁰

1978 1783 2214 1828 meum.
2245 1762 2408 1826 Justi
2448 1770 2661 1826 autem
2704 1762 3006 1825 dicuntur
3040 1760 3166 1824 filii
3207 1761 3315 1825 Dei
3357 1780 3470 1845 per

3599 1868 3667 1925 u

1980 1982 2127 2023 nem
2165 1961 2628 2038 cogitationum
2671 1968 3044 2020 nostrarum
3073 1980 3097 2019 .·
3128 1956 3280 2040 quia
3326 1957 3472 2021 Pro-

1982 2059 2204 2143 phetae,
2225 2059 2351 2121 Deo
2381 2055 2726 2133 revelante,
2757 2054 3129 2137 frequenter
3163 2064 3474 2121 noverunt

1983 2166 2047 2221 et
2083 2156 2631 2240 reprehenderunt
2667 2154 3086 2234 cogitationes
3129 2152 3474 2237 impiorum

1982 2254 2344 2336 gentilium.
2384 2254 2620 2315 Gravis
2660 2261 2751 2313 est
2793 2252 2972 2313 nobis
3012 2253 3212 2314 etiam
3255 2256 3344 2314 ad
3383 2254 3478 2313 vi·
3605 2256 3673 2312 15

1985 2357 2274 2417 ciendum
2305 2374 2326 2413 .·
2359 2351 2633 2414 multum
2674 2349 2844 2413 enim
2888 2350 3148 2413 oderant
3191 2350 3366 2415 filios
3400 2350 3480 2413 ls-

1990 2451 2118 2516 rael
2158 2470 2174 2532 ;
2226 2453 2536 2531 quoniam
2589 2450 2935 2510 dissimili-s·
2989 2458 3079 2510 esc
3135 2449 3290 2509 aliis
3343 2450 3480 2510 vica

1990 2553 2174 2613 illius
2205 2572 2226 2609 .·
2255 2548 2408 2632 quia
2439 2548 2788 2612 secundum
2823 2546 2980 2629 legis
3011 2554 3347 2630 praecepta‚
3373 2546 3486 2609 ha-

1990 2651 2266 2713 buerunt
2295 2648 2552 2711 modum
2581 2644 2840 2710 vivendi
2869 2644 3132 2708 omnino
3158 2645 3483 2709 diversum

1990 2769 2029 2812 a
2083 2748 2211 2810 ritu
2257 2744 2618 2827 gentilium.
2672 2743 2749 2805 Et
2793 2743 2974 2824 juxta
3017 2742 3480 2825 expositionem

1991 2844 2430 2929 praehabitam,
2465 2849 2674 2924 potest
2703 2841 2913 2905 littera
2941 2858 3214 2923 sequens
3243 2840 3487 2923 aliqua·

1993 2945 2137 3007 liter
2179 2939 2488 3025 applicari
2527 2940 2604 3001 ad
2651 2938 2842 3001 istum
2885 2956 3182 3019 sensum3
3217 2957 3343 3003 non
3397 2947 3487 3004 ta-

378 3042 601 3123 ltaque
628 3060 801 3104 mors
832 3040 1061 3122 culpae,
1095 3060 1211 3122 per
1238 3042 1712 3124 suggestionem
1752 3043 1885 3106 dia·
1917 3045 1961 3109 C
1994 3060 2140 3105 men
2177 3038 2456 3123 proprie,
2491 3045 2562 3100 ut
2600 3036 2875 3100 videtur.

380 3139 513 3203 boli
565 3138 830 3202 intravit
878 3138 945 3201 in
1003 3138 1241 3221 primos
1290 3146 1606 3223 parenteS,
1659 3149 1723 3204 et
1770 3161 1884 3224 per

380 3238 563 3301 illam
604 3255 776 3301 mors
817 3237 1168 3319 corporalis
1204 3255 1220 3299 τ
1253 3256 1329 3301 ac
1369 3237 1454 3300 ita
1493 3238 1560 3301 in
1596 3248 1882 3322 posteros

383 3336 779 3411 eorumdem,
809 3334 925 3418 qui
966 3335 1265 3417 originali
1308 3336 1559 3417 justitia
1595 3338 1883 3400 destituti

384 3442 761 3498 nascuntur.
796 3435 1163 3495 Imitantur
1187 3444 1401 3495 autem
1442 3436 1664 3506 illum,
1695 3435 1760 3498 id
1789 3444 1887 3500 est

384 3532 742 3608 diabolum,
794 3540 859 3595 et
913 3532 1053 3613 ejus
1102 3530 1411 3596 invidiam
1467 3540 1658 3615 atque
1705 3534 1887 3597 mali-

386 3630 567 3706 tiam,
601 3632 721 3710 qui
756 3640 912 3692 sunt
948 3650 1033 3691 ea>
1062 3639 1255 3708 parce
1284 3632 1501 3702 illius,
1532 3631 1596 3695 id
1646 3640 1745 3695 est
1792 3652 1887 3696 re-

387 3729 575 3812 probi
617 3736 683 3792 et
723 3727 955 3810 iniqui,
992 3726 1500 3810 perditionisque
1540 3728 1662 3792 filii
1698 3748 1713 3793 z
1747 3732 1888 3812 qui-

388 3827 510 3890 bus
559 3826 796 3890 dicitur
839 3827 1008 3909 apud
1051 3826 1378 3903 loannem,
1422 3827 1546 3891 Vos
1591 3847 1668 3891 ex
1710 3836 1887 3911 patre

389 3924 651 3989 diabolo
696 3923 873 3987 estis,

469 4023 758 4105 Insuper,
804 4021 887 4085 ab
934 4022 1049 4085 illo
1095 4022 1257 4100 loco,
1301 4024 1889 4090 circumveniamus

389 4139 543 4203 ergo
569 4121 837 4203 justum,
874 4120 1134 4201 quidam
1173 4131 1501 4203 exponunt
1528 4124 1607 4186 de
1645 4124 1886 4206 impiiS‚

2098 3140 2310 3216 Porro,
2372 3134 2793 3219 spiritualiter
2849 3140 3058 3216 potest
3115 3134 3342 3218 exponi
3407 3135 3488 3199 de

1992 3236 2308 3301 haereticis
2361 3253 2436 3299 ac
2485 3233 2630 3296 aliis
2681 3231 2974 3316 perfidis,
3027 3234 3335 3315 populum
3385 3252 3488 3298 ca·

1996 3335 2305 3400 tholicum
2343 3341 2653 3415 tanquam
2694 3330 2804 3395 Dei
2851 3330 3067 3394 filium
3113 3331 3486 3415 adoptivum

1996 3431 2547 3519 persequentibus,
2597 3429 2714 3504 Qui
2764 3430 3040 3513 populus
3093 3448 3242 3496 vere
3297 3429 3489 3496 habet

1995 3532 2328 3597 scientiam
2359 3529 2490 3607 Dei,
2525 3536 2590 3591 et
2629 3528 2940 3609 gloriatur
2982 3548 3050 3593 se
3094 3528 3305 3593 dicere
3335 3529 3482 3608 Deo,

1995 3632 2175 3695 Pater
2211 3637 2426 3692 noster
2456 3626 2568 3708 qui
2609 3645 2677 3689 es
2719 3626 2784 3688 in
2824 3627 3043 3709 coelis3
3084 3646 3158 3691 ac
3188 3625 3487 3690 infideles
3541 3644 3775 3696 uanam,

1996 3736 2250 3812 reputat
2279 3744 2538 3810 prorsus
2575 3742 2897 3788 erroneoS.
2929 3724 3125 3799 Quem
3163 3724 3314 3787 dum
3347 3742 3490 3807 per·
3515 3711 3557 3752 ⁹·

1999 3827 2113 3890 fidi
2158 3834 2221 3890 et
2265 3824 2472 3907 iniqui
2520 3831 2993 3906 persequuntur
3039 3842 3112 3887 ac
3159 3830 3484 3905 superant,

1997 3931 2394 4008 praesumunt
2450 3921 2759 4005 populum
2808 3920 3231 3985 christianum
3277 3939 3314 3983 a
3365 3922 3491 3985 Deo

1997 4024 2297 4087 relictum
2351 4040 2422 4085 ac
2483 4019 2849 4103 reprobum,
2905 4020 3271 4101 ignorantes
3321 4018 3492 4102 quod

1999 4122 2163 4185 Deus
2192 4138 2341 4184 suos
2369 4120 2601 4183 electos
2633 4118 2700 4180 in
2731 4117 2848 4181 hac
2881 4116 3014 4181 vita
3041 4123 3313 4193 exercet,
3348 4132 3498 4197 pur-

389 4228 455 4282 et
494 4220 575 4283 de
624 4218 865 4301 populo
908 4217 1270 4282 Judaeorum
1322 4220 1478 4283 olim
1522 4222 1696 4302 justo
1748 4239 1761 4283 :
1813 4222 1893 4284 de
1920 4222 1971 4284 D
1999 4228 2105 4301 gat
2133 4237 2209 4282 ac
2239 4218 2467 4301 probat
2495 4236 2611 4299 per
2639 4214 2944 4298 reprobos
2984 4223 3050 4278 et
3085 4213 3381 4295 injustos.
3417 4210 3501 4273 ls-

389 4336 523 4400 quo
582 4316 911 4398 Scriptura
963 4315 1309 4398 aliquando
1366 4318 1651 4401 loquitur
1708 4318 1893 4402 quasi
2004 4327 2098 4381 tas
2140 4316 2590 4399 expositiones,
2637 4313 2935 4378 brevitati
2984 4313 3272 4389 studens,
3311 4319 3500 4391 tango

391 4417 474 4480 de
518 4416 783 4479 homine
827 4433 976 4478 uno.
1012 4412 1102 4476 lta
1140 4416 1313 4497 quod
1355 4418 1629 4497 gentiles
1677 4418 1896 4481 adver·

2004 4416 2236 4491 solum,
2268 4433 2396 4478 non
2427 4430 2775 4497 prosequor
2801 4429 2815 4475 ε
2841 4410 3000 4493 quia
3027 4428 3105 4473 ex
3133 4409 3340 4492 prima
3366 4407 3500 4489 jam

392 4524 612 4577 santes
659 4512 899 4595 populo
955 4512 1073 4588 illi,
1124 4513 1426 4578 dixerunt
1472 4533 1487 4578 :
1533 4518 1897 4577 Circumve—
2005 4513 2368 4578 introducta
2411 4509 2808 4593 expositione
2867 4514 3138 4592 possunt
3189 4504 3502 4570 facillime

393 4612 959 4688 niamusjustum,
992 4609 1057 4673 id
1086 4619 1185 4673 est
1212 4613 1522 4695 populum
1563 4614 1754 4676 istum
1786 4612 1897 4677 Dei
2006 4611 2154 4675 elici
2190 4630 2264 4675 ac
2305 4616 2545 4693 patere.
