4284 6267
856 473 975 536 146
1486 487 1838 536 suamne
1880 487 1945 534 m
1986 487 2127 534 car.
2176 486 2308 533 xxn
2351 486 2836 535 rnovaamonnu.
2883 508 2964 517 —
3003 489 3147 536 aar.
3195 491 3326 538 xm

852 659 957 722 hic
1002 661 1178 743 loqui
1223 661 1288 722 in
1329 679 1599 742 persona
1647 661 1777 738 Dei,
1811 662 1923 744 qui
1968 661 2346 745 sapientiam
2377 659 2522 720 Ain
2563 659 3052 724 Deuteronomio
3091 663 3396 725 Dominus
3433 662 3617 746 jubet
3652 681 3666 725 :
3699 662 3954 726 Judices
4013 682 4215 731 naam.

850 759 1191 842 descripsit
1228 778 1342 842 per
1372 759 1631 822 Sanctos
1672 779 1823 824 suos
1863 761 2222 843 tripliciter,
2258 779 2350 822 se-
2457 757 2802 821 constitues
2833 758 2900 821 in
2931 760 3233 822 omnibus
3263 761 3464 842 portis
3497 761 3636 824 tuis.
3658 761 3816 824 Hinc
3836 760 3952 825 Job
3986 749 4046 787 ¹⁸·

849 860 1131 921 cundum
1180 867 1307 922 tres
1352 867 1561 941 partes
1612 859 1953 942 Scripturae
1991 859 2194 941 :quia
2241 859 2350 921 de-
2455 855 2612 918 dicit
2653 874 2668 918 :
2711 857 2772 919 Si
2827 857 3032 922 levavi
3085 877 3277 941 super
3329 858 3642 942 pupillum
3689 878 3951 922 manum
4029 881 4104 923 101,
4121 896 4216 932 ιω,

850 957 1109 1039 scripsit
1148 977 1289 1021 eam
1330 957 1397 1019 in
1443 958 1603 1038 lege,
1650 957 1713 1019 in
1763 958 2115 1041 Prophetis,
2158 967 2347 1038 atque
2457 973 2684 1030 meam,
2721 956 2913 1018 etiam
2955 975 3152 1038 quum
3201 957 3480 1022 viderem
3522 977 3626 1021 me
3662 958 3726 1020 in
3769 967 3953 1040 porta
3979 945 4044 986 ²¹·

851 1053 917 1116 in
949 1055 1129 1118 libris
1170 1056 1644 1138 hagiographis
1678 1057 1888 1134 Porr0,
1924 1058 2094 1138 quod
2134 1055 2348 1117 subdi·
2456 1054 2871 1135 superiorem.
2925 1056 3000 1118 Et
3057 1075 3171 1138 per
3217 1056 3592 1138 Prophetam
3645 1058 3950 1120 Dominus

850 1160 974 1230 tur,
1016 1156 1091 1214 in
1137 1157 1635 1232 coyitationibus
1677 1166 1737 1216 et
1776 1157 2072 1223 scientia,
2119 1153 2348 1216 intelli·
2456 1151 2739 1233 loquitur
2773 1171 2787 1215 ε
2821 1153 3023 1228 Quare
3051 1155 3320 1218 atteritis
3361 1156 3668 1238 populum
3707 1175 3944 1233 meum,
3999 1177 4196 1224 lautis.

844 1253 1123 1332 gendum
1164 1262 1260 1316 est
1299 1256 1469 1336 quod
1508 1255 1823 1338 sapientia
1869 1273 1979 1317 seu
2020 1273 2198 1317 sacra
2237 1254 2346 1316 do·
2454 1260 2515 1313 et
2547 1249 2742 1314 facies
2776 1272 3129 1334 pauperum
3171 1253 3590 1316 commolitis?
3625 1256 3794 1323 Quia
3825 1257 3948 1316 Do-
4069 1271 4135 1324 23

848 1350 1052 1413 ctrina
1088 1352 1384 1415 consistit
1424 1353 1489 1414 in
1532 1353 1765 1416 actuali
1808 1352 2340 1427 consideratione,
2455 1351 2672 1410 minus
2695 1352 3032 1428 judicabit
3070 1371 3333 1413 causam
3369 1355 3508 1429 ejus
3539 1373 3562 1412 .·
3591 1351 3742 1433 quia
3781 1353 3946 1415 male

848 1456 910 1510 et
959 1449 1023 1510 in
1075 1450 1389 1513 habituali
1446 1451 1671 1514 notitia
1722 1469 1737 1512 2
1788 1458 1850 1513 et
1898 1458 2210 1532 quantum
2264 1450 2342 1512 ad
2450 1447 2733 1527 judicata
2771 1449 3074 1512 Dominus
3113 1449 3514 1532 rejudicabit,
3547 1451 3784 1532 etipse
3814 1469 3948 1514 om·
4003 1473 4216 1524 flebam,

850 1547 1076 1610 horum
1110 1559 1473 1632 utrumque,
1498 1550 1835 1633 tripliciter
1865 1558 1961 1612 est
1989 1549 2340 1631 descripta3
2454 1545 2632 1607 nium
2661 1547 2854 1628 judex
2883 1547 3385 1629 est.Specialiter
3416 1566 3564 1611 vero
3591 1566 3944 1631 pauperum
3973 1537 4042 1579 ²³·

851 1665 999 1707 nam
1056 1657 1119 1711 et
1171 1649 1515 1712 habitualis
1581 1649 1832 1725 notitia,
1892 1649 1972 1710 ad
2028 1647 2342 1711 actualem
2451 1652 2548 1704 est
2605 1653 2946 1725 protector,
2993 1663 3266 1726 quorum
3331 1645 3632 1726 injuriam
3689 1646 3945 1728 gravius

850 1743 1135 1809 finaliter
1170 1748 1523 1810 ordinatur,
2451 1741 2772 1822 vindicat3
2824 1743 2927 1806 cui
2982 1743 3050 1805 in
3098 1743 3350 1807 Psalmo
3402 1753 3691 1806 cantatur
3733 1762 3747 1806 ε
3800 1745 3943 1808 Tibi
3999 1762 4076 1804 1³2,
4098 1776 4137 1810 ι,
4161 1765 4214 1811 ιι,

650 1847 716 1902 21
942 1845 1019 1902 Ut
1046 1847 1433 1906 ostenderem
1466 1845 1584 1904 tibi
1611 1841 2079 1920 firmitatem‚id
2110 1849 2206 1904 est
2237 1841 2345 1903 fir·
2379 1840 2426 1904 B
2453 1839 2794 1904 derelictus
2834 1850 2930 1905 est
2961 1860 3235 1925 pauper;
3269 1851 3332 1905 et
3369 1842 3600 1920 denuo,
3635 1842 3806 1905 Facit
3843 1845 3944 1924 ju-
3971 1825 4213 1938 ffissff'ffi

845 1959 1013 2003 mam
1036 1942 1378 2024 Scripturae
1400 1941 1901 2022 intelligentiam,
1919 1960 2061 2021 quae
2088 1948 2182 2002 tot
2213 1960 2343 2003 mo·
2449 1938 2688 2001 dicium
2730 1940 3030 2022 injuriam
3071 1940 3484 2021 patientibus.
3524 1939 3762 2014 Quibus
3802 1941 3941 2024 ipse

840 2037 939 2100 dis
979 2039 1339 2120 exponitur,
1384 2039 1693 2101 virtutum
1736 2056 1994 2119 quoque
2032 2036 2340 2099 stabilita·
2449 2037 2697 2100 locutus
2735 2048 2831 2102 est
2879 2058 2992 2120 per
3035 2038 3398 2102 Zachariam
3442 2055 3456 2100 :
3497 2038 3614 2113 Qui
3663 2039 3941 2120 tetigerit
3967 2057 4213 2109 Zama.

836 2143 987 2211 tem,
1036 2138 1115 2199 ad
1165 2155 1359 2218 quam
1405 2137 1697 2200 doctrina
1749 2135 2009 2200 moralis
2061 2136 2337 2199 refertur
2447 2155 2580 2211 VOS,
2617 2145 2829 2217 tanget
2867 2137 3182 2220 pupillam
3223 2137 3396 2200 oculi
3439 2137 3586 2199 mei.
3623 2141 3708 2200 Ec
3741 2143 3940 2217 confi-

832 2253 907 2298 ac
936 2235 1161 2313 tendit,
1197 2243 1260 2298 et
1287 2236 1563 2317 qualiter
1594 2243 1811 2298 mente
1842 2234 2105 2298 robusta
2135 2235 2336 2297 inhae-
2440 2245 2544 2312 yet
2572 2257 2671 2296 eos
2694 2236 3028 2319 puncturis
3058 2243 3310 2298 aeternae
3336 2236 3786 2314 damnationiS,
3819 2240 3940 2317 qui

830 2334 1101 2396 rendum
1142 2333 1226 2395 sit
1267 2352 1515 2397 summo
1554 2332 1749 2410 bono,
1782 2342 1842 2393 et
1876 2336 2133 2414 eloquia
2167 2336 2334 2394 veri-
2441 2341 2850 2412 confixerunt
2879 2337 3175 2395 animam
3204 2336 3370 2411 eju-3,
3402 2333 3466 2396 id
3505 2343 3621 2410 est,
3652 2335 3934 2398 animam

833 2434 1010 2502 εαείε,
1042 2431 1105 2500 id
1154 2441 1249 2494 est
1298 2450 1623 2496 sermones
1674 2431 1909 2494 divinae
1958 2433 2326 2515 Scripturae,
2441 2432 2737 2514 pauperis
2766 2431 3146 2496 afflixerunt
3175 2431 3436 2512 injuste.

828 2548 942 2611 per
986 2548 1147 2611 quos
1193 2540 1251 2594 te
1305 2530 1371 2592 in
1423 2530 1720 2594 omnibus
1770 2530 1975 2613 possis
2016 2531 2292 2611 dirigere
2307 2549 2324 2610 ;
2523 2533 2677 2590 Noli
2711 2551 2838 2591 esse
2873 2533 3150 2600 amicust,
3181 2529 3245 2592 id
3289 2537 3386 2593 est
3429 2528 3930 2594 familiaritatem
4059 2541 4128 2595 2⁴

828 2632 1210 2706 respondere
1244 2649 1325 2688 ece
1360 2631 1462 2690 his
1492 2631 1627 2688 illis
1656 2631 1775 2707 qui
1806 2631 2119 2690 miserunt
2151 2640 2227 2702 te,
2265 2629 2344 2692 id·
2438 2637 2547 2690 aut
2577 2629 2942 2692 societatem
2973 2627 3238 2704 habenS,
3275 2629 3529 2689 homini
3558 2631 3876 2690 iracundo
3907 2651 3932 2690 .·

826 2735 923 2790 est
950 2728 1029 2790 ad
1064 2727 1575 2809 respondendum
1608 2746 1683 2790 ex
1714 2726 1943 2790 horum
1974 2728 2200 2790 notitia
2232 2748 2328 2790 sa·
2436 2745 2626 2807 quem
2655 2736 2867 2790 tamen
2891 2726 3088 2789 debes
3119 2745 3196 2789 ex
3226 2726 3487 2788 caritate
3516 2725 3814 2808 diligere3
3833 2748 3935 2788 ne·

825 2823 1077 2908 pienter
1116 2825 1467 2906 maj0ribus
1516 2825 1662 2902 tuis,
1709 2825 2040 2908 potissime
2082 2827 2209 2890 Deo
2259 2827 2324 2889 in
2435 2846 2558 2904 que
2587 2828 2871 2886 ambules
2901 2824 3198 2901 libenter,
3234 2832 3344 2886 aut
3373 2823 3567 2901 soluS,
3595 2832 3706 2886 aut
3735 2843 3926 2906 saepe,

824 2941 941 2986 suo
979 2923 1244 3005 judicio,
1279 2933 1345 2986 et
1380 2924 1624 3004 angelis
1664 2943 1737 2987 ac
1778 2925 2076 3006 praelatis,
2112 2944 2150 2986 a
2189 2926 2326 3007 qui·
2433 2943 2582 2984 cum
2623 2930 2762 2985 viro
2801 2925 3078 3000 furioso,
3107 2944 3189 2983 ne
3217 2925 3385 2999 sbrte
3419 2924 3633 2983 discas
3667 2926 3930 2984 semitas
4057 2937 4125 2990 25

826 3023 945 3084 bus
976 3024 1057 3086 ad
1088 3023 1337 3086 diversa
1366 3024 1610 3102 agenda
1640 3022 1948 3104 dirigeris
1965 3023 2031 3084 In
2064 3023 2323 3087 Hebraeo
2360 3027 2405 3090 C
2433 3024 2599 3099 ejus,
2645 3023 2709 3085 id
2751 3030 2868 3099 cst,
2914 3040 2994 3085 ne
3036 3021 3405 3104 provoceris
3449 3040 3524 3084 ex
3568 3021 3661 3084 ira
3701 3030 3765 3084 et
3806 3023 3930 3084 im-

576 3432 591 3478 l
604 3435 723 3481 Patr.
736 3450 797 3491 m,

534 3499 599 3541 15.

620 4211 692 4268 22

825 3129 1038 3184 tamen
1070 3120 1271 3185 fertur
1301 3120 1959 3203 haberi,Respondere
1990 3140 2065 3184 ex
2096 3122 2196 3183 his
2233 3123 2325 3185 in-

826 3222 1294 3302 terrogantibus
1326 3229 1387 3284 te
1421 3239 1435 3284 ε
1469 3229 1532 3284 et
1560 3221 1651 3284 sic
1679 3228 1887 3284 textus
1917 3229 2013 3285 est
2044 3222 2316 3304 planior.

825 3320 981 3383 Nam
1010 3329 1072 3382 ct
1103 3319 1507 3383 beatissimus
1545 3319 2065 3402 Archiapostolus
2107 3321 2175 3383 in
2207 3341 2320 3384 sua

826 3418 1031 3500 prima
1077 3419 1361 3482 hortatur
1403 3418 1721 3482 Canonica
1763 3437 1776 3480 ε
1821 3418 2025 3480 Parati
2068 3438 2320 3500 semper

824 3517 902 3579 ad
934 3516 1433 3581 satisfactionem
1466 3517 1641 3580 omni
1674 3517 1961 3599 poscenti
1991 3536 2103 3581 vos
2136 3517 2320 3581 ratio-

826 3633 971 3677 nem
1010 3615 1089 3677 de
1126 3634 1201 3678 ea
1240 3633 1391 3695 quae.
1420 3613 1485 3677 in
1527 3615 1706 3679 vobis
1746 3624 1865 3692 est,
1904 3614 2036 3678 fide
2075 3623 2138 3677 ct
2177 3634 2312 3698 spe.

822 3714 1034 3791 Porro,
1088 3714 1198 3795 qui
1252 3714 1597 3796 interrogat
1645 3713 1867 3791 alium,
1914 3713 2112 3776 mittit
2169 3734 2314 3779 eum

820 3814 1290 3895 quodammodo
1319 3814 1397 3876 ad
1429 3813 1733 3876 interiora
1762 3833 1899 3890 sua,
1922 3815 1999 3877 ad
2034 3814 2316 3894 cogitan-

820 3912 973 3975 dum
1022 3921 1085 3974 et
1134 3911 1615 3975 deliberandum
1676 3912 1755 3974 dc
1812 3911 1934 3974 sibi
1984 3912 2314 3995 proposita

820 4011 1171 4092 quaestione
1218 4029 1231 4072 :
1278 4019 1341 4073 et
1382 4011 1474 4073 sic
1520 4009 1847 4073 translatio
1892 4019 2106 4074 nostra
2151 4012 2314 4074 redit

820 4109 889 4171 in
933 4110 1125 4172 idem.

2435 3121 2741 3202 patientia
2780 3141 2852 3184 ac
2883 3120 3099 3184 furore
3143 3121 3306 3200 ejuS,
3341 3119 3562 3202 sicque
3600 3139 3930 3185 assuescas

2435 3218 2708 3282 faciliter
2736 3220 2813 3282 ad
2845 3219 3002 3281 iram
3037 3217 3632 3300 impatientiamque
3659 3219 3925 3298 moveri,

2429 3319 2836 3395 contendere,
2898 3316 3259 3400 perturbari
3314 3333 3328 3378 z
3386 3318 3924 3398 quemadmodum

2430 3418 2737 3500 scriptum
2787 3426 2904 3495 est,
2952 3417 3110 3479 Cum
3159 3433 3457 3498 perverso
3504 3418 3920 3498 perverteri83
3955 3443 4204 3494 Pus-1137.

2427 3525 2490 3580 et
2519 3517 2674 3579 alibi
2717 3535 2958 3594 rursuS‚
2992 3516 3250 3578 Amicus
3291 3515 3630 3578 stult-orum
3667 3515 3923 3580 efficie-
3977 3543 4204 3592 mm,

2430 3623 2530 3677 tur
2574 3615 2825 3678 similis.
2862 3618 2947 3676 Ει
2991 3634 3208 3676 sumas
3252 3616 3658 3686 scandalum,
3711 3614 3775 3677 id
3823 3625 3922 3679 est
3951 3607 4021 3651 ²⁰·

2423 3713 2821 3777 occasionem
2864 3712 3088 3790 ruinae,
3121 3713 3361 3772 animoe
3393 3721 3543 3781 tuoe,
3575 3730 3650 3774 cx
3679 3713 3791 3775 tali
3821 3733 3922 3776 so—

2422 3813 2650 3874 cietate
2682 3822 2742 3874 et
2773 3810 3247 3874 communione.
3265 3807 3612 3882 Quaercnda
3641 3819 3736 3874 est
3765 3829 3920 3893 ergo

2421 3911 2723 3988 amicitia,
2777 3909 3181 4000 familiaritas
3241 3919 3436 3994 atque
3493 3910 3758 3974 societas
3805 3911 3920 3974 ho-

2423 4011 2614 4072 minis
2646 4011 2983 4086 mansueti,
3017 4011 3307 4088 virtuosi,
3343 4008 3578 4073 fidelis.
3613 4009 3733 4072 Sed
3765 4029 3918 4092 pen-

2421 4109 2686 4171 sandum
2739 4108 2911 4189 quod
2957 4108 3022 4169 in
3079 4108 3434 4171 Proverbiis
3493 4107 3627 4171 suis
3679 4107 3916 4171 Seneca

899 4210 1050 4272 Non
1106 4209 1317 4286 facias
1365 4209 1742 4269 violentiam
1791 4212 2099 4287 pauperi,
2151 4211 2310 4290 quia
2341 4213 2392 4275 D
2419 4206 2506 4269 ait
2543 4224 2556 4268 :
2591 4206 2788 4281 Quam
2831 4207 3018 4268 multi
3057 4206 3296 4271 amicos
3333 4206 3492 4270 tales
3529 4204 3762 4269 habere
3805 4225 3916 4270 vo-

809 4327 1066 4386 pauper
1106 4316 1216 4368 est.
1249 4305 1377 4369 Hoc
1414 4306 1756 4388 dupliciter
1801 4315 2006 4389 potcst
2049 4309 2304 4390 exponi.

2420 4305 2698 4381 luerunt,
2731 4313 2794 4368 et
2837 4304 3096 4386 ipsimet
3140 4304 3296 4366 tales
3340 4322 3479 4367 esse
3521 4322 3648 4367 non
3694 4313 3915 4386 potue-

814 4404 1025 4468 Primo
1070 4404 1162 4468 sic
1197 4422 1211 4467 ε
1246 4405 1333 4468 Eo
1376 4405 1515 4486 ipso
1560 4424 1686 4486 quo
1738 4425 1979 4489 pauper
2022 4415 2139 4484 est,
2176 4426 2304 4470 non
2419 4411 2605 4466 runt!
2652 4404 2794 4467 Ideo
2828 4422 3048 4464 rursus
3087 4402 3326 4485 optimc
3363 4403 3547 4466 docet
3585 4409 3649 4465 et
3684 4421 3914 4466 consu-

814 4502 1023 4582 facias
1052 4502 1422 4568 violentiam
1454 4502 1512 4565 ei
1548 4519 1561 4564 :
1601 4522 1745 4565 nam
1787 4504 2080 4585 quamvis
2120 4505 2310 4568 illici·
2417 4501 2492 4564 lit
2525 4520 2539 4564 :
2576 4503 2661 4564 Te
2691 4503 2903 4584 ipsum
2935 4501 3143 4582 primo
3175 4501 3406 4564 exhibe
3436 4501 3699 4578 bonum,
3726 4509 3788 4563 et
3817 4501 3912 4563 sic

814 4610 947 4665 tum
984 4611 1048 4666 et
1076 4603 1333 4665 crudele
1363 4601 1445 4663 sit
1474 4601 1669 4664 alicui
1708 4602 2081 4665 violentiam
2114 4603 2308 4666 inser-

811 4720 903 4778 re‚
939 4701 1255 4783 praecipue
1295 4708 1505 4762 tamen
1547 4700 1886 4782 impotenti
1918 4709 1982 4762 et
2013 4701 2302 4783 pauperi,

813 4799 1414 4880 miserabilibusque
1457 4799 1767 4880 personis.
1818 4799 2105 4862 Secundo
2157 4801 2299 4865 sic:

810 4897 945 4960 Non
978 4897 1173 4960 facias
1198 4897 1566 4962 violentiam
1598 4897 1862 4980 pauperi
1885 4898 2039 4979 quia
2062 4918 2304 4981 pauper

809 5005 928 5073 est,
964 4996 1028 5059 id
1058 5005 1155 5060 est
1183 4995 1264 5060 ob
1294 4995 1414 5058 hoc
1452 4996 1624 5077 quod
1658 4997 1844 5078 inops
1878 5005 1941 5058 et
1981 4997 2301 5079 impotens

809 5103 906 5158 est
953 5096 1032 5156 ad
1080 5092 1524 5157 resistendum.
1582 5096 1801 5173 Neque
1835 5105 2121 5156 conteras
2166 5117 2303 5174 eqe-

806 5215 969 5255 num
998 5195 1071 5255 in
1104 5203 1323 5272 porca,
1354 5191 1419 5253 id
1450 5199 1546 5254 est
1577 5192 1642 5255 in
1675 5190 1816 5256 foro
1842 5192 2091 5275 judicii,
2126 5196 2299 5276 quod

804 5290 1161 5372 antiquitus
1204 5290 1403 5353 fiebat
1444 5289 1511 5352 in
1558 5290 1811 5353 urbium
1861 5293 2087 5374 portiS‚
2129 5293 2299 5356 sicut

2414 4619 2628 4682 quaere
2650 4601 2922 4663 alterum
2955 4599 3713 4663 similem.Verumtamen
3739 4599 3910 4661 istud

2413 4699 2492 4760 de
2522 4697 2912 4781 imperfectis
2947 4697 3432 4778 intelligendum
3463 4697 3714 4762 videtur
3737 4715 3752 4758 ε
3775 4697 3911 4778 qui-

2413 4797 2534 4860 bus
2568 4797 2926 4879 periculosa
2957 4805 3053 4859 est
3087 4795 3367 4858 amicitia
3404 4803 3469 4859 et
3505 4795 3906 4858 familiaritas

2413 4897 2883 4970 iracundorum,
2919 4895 3070 4976 quia
3098 4895 3304 4957 adhuc
3334 4895 3520 4977 proni
3551 4902 3700 4956 sunt
3729 4913 3909 4957 scan-

2411 4992 2971 5057 dalizari.Perfecti
3003 5000 3316 5070 autem,ut
3344 4993 3433 5055 ait
3463 4992 3903 5074 HieronymuS,

2409 5093 2706 5158 scandala
2737 5111 2865 5156 non
2897 5093 3219 5174 recipiunt
3254 5109 3268 5153 ε
3300 5092 3412 5173 qui
3444 5093 3600 5156 adeo
3636 5092 3907 5156 virtuosi

2407 5202 2468 5256 et
2519 5191 2716 5254 fortes
2767 5199 2939 5268 sunt,
2991 5191 3164 5272 quod
3213 5210 3329 5253 sua
3385 5191 3900 5268 mansuetudine,

2407 5292 2664 5375 pietate,
2698 5289 3028 5372 patientia,
3053 5289 3316 5364 caritate
3346 5298 3410 5352 et
3437 5290 3750 5373 exemplo,
3778 5289 3906 5352 ira·
