4284 6267
525 1314 797 1366 Matthxvu,

531 1380 580 1419 16
598 1393 608 1427 ;
638 1378 792 1419 Marc.

527 1454 584 1492 tx,
603 1442 668 1481 18.

531 2686 794 2738 ICor.n,12.

547 2982 660 3026 Luc.
681 2996 710 3033 ι,
726 2984 795 3035 48,

529 3048 598 3089 49.

823 518 942 583 32ss

1454 536 1807 583 ENARRA'rto
1853 537 1916 583 IN
1959 536 2098 583 cat).
2143 536 2167 581 1
2211 535 2448 583 CAN'rch
2492 536 2896 584 CAN'rtconmt.
2942 556 3023 568 —
3060 538 3201 584 ΛΒΤ.
3238 538 3278 581 V

821 728 1040 785 yreyes
1068 711 1392 769 sodalium
1433 720 1718 775 tuorum,
1756 708 1819 769 id
1864 716 1979 784 est,
2017 726 2096 770 ne
2145 707 2312 770 inter
2339 707 2388 769 A
2422 715 2651 770 statum
2688 727 2936 790 prorsus
2970 709 3033 770 in
3066 729 3134 773 se
3165 708 3299 791 ipsa
3330 717 3391 771 et
3423 708 3488 770 in
3519 708 3661 770 aliis
3690 708 3907 771 multis

825 806 1112 888 perfidos
1145 806 1297 869 istos
1326 808 1574 870 Judaeos
1603 806 1845 869 diutius
1883 826 2307 888 perseverem,

822 906 933 985 qui
1003 914 1170 967 tuam
1237 906 1328 967 sic
1387 914 1861 987 persequuntur
1919 904 2309 987 primitivam

819 1003 1165 1066 Ecclesiam
1208 1023 1284 1064 ex
1321 1004 1643 1067 Judaismo
1673 1022 2043 1066 conversam
2082 1024 2094 1067 :
2129 1004 2312 1084 cujus

820 1100 1182 1182 persecutio
1213 1110 1306 1163 est
1337 1100 1496 1161 mihi
1525 1100 1784 1180 grandis
1815 1099 2112 1163 afflietio.
2137 1100 2315 1163 Nem·

826 1218 904 1281 pe
943 1207 1006 1261 et
1045 1208 1134 1275 tu,
1172 1218 1208 1262 o
1253 1198 1368 1260 Fili
1416 1199 1528 1275 mi,
1566 1199 1731 1261 inter
1775 1218 1882 1261 eos
1921 1199 2128 1262 adhuc
2167 1217 2315 1262 con-

826 1316 1104 1373 versanS,
1153 1298 1367 1360 dixisti
1414 1318 1426 1360 :
1471 1297 1519 1360 O
1563 1298 1888 1377 generatio
1932 1298 2258 1360 incredula
2297 1304 2310 1360 l

823 1396 1130 1479 quamdiu
1180 1396 1346 1458 inter
1397 1416 1507 1460 vos
1557 1400 1704 1459 ero?
1755 1396 2059 1477 quamdiu
2111 1397 2317 1478 patiar

821 1498 983 1557 vos?
1024 1492 1138 1568 Qui
1183 1494 1374 1557 etiam
1413 1502 1564 1556 sunt
1593 1512 1812 1574 greges
1845 1502 2095 1557 tuorum
2145 1496 2317 1557 soda-

823 1592 1006 1668 lium,
1063 1592 1128 1654 id
1177 1602 1274 1655 est
1323 1591 1560 1654 subditi
1620 1591 2028 1674 pontificum,
2078 1593 2189 1674 qui
2248 1612 2315 1655 se

820 1692 1062 1773 jactant
1109 1691 1218 1753 Dei
1269 1690 1540 1754 vicarios
1589 1710 1661 1753 ac
1712 1690 2062 1769 ministroS,
2114 1710 2313 1773 quum

823 1790 954 1851 sint
999 1788 1344 1872 pontifices
1389 1807 1722 1871 synagogae
1765 1788 2030 1851 Satanae.

2421 807 2665 872 auxilio
2716 826 2829 872 suo
2877 808 3133 872 devicit.
3186 811 3491 871 Pulchra?
3535 818 3687 870 sunt
3731 830 3907 887 yenoe

2427 916 2551 968 tuce
2599 910 2767 967 sicut
2818 911 3115 968 turturis.
3162 906 3511 987 Virginem,
3558 908 3906 989 praesertim

2421 1005 2983 1082 adolescentulam,
3045 1006 3346 1069 condecet
3414 1006 3639 1087 pudor.
3700 1006 3911 1089 ltaque

2424 1092 2633 1165 castus
2664 1104 2890 1186 pudor,
2925 1103 3305 1166 verecundia
3336 1103 3749 1186 sapientialiS,
3784 1122 3911 1168 non

2424 1202 2713 1284 pueriliS,
2742 1201 3181 1265 erubescentia
3212 1212 3450 1279 sancta,
3485 1222 3609 1267 non
3640 1203 3827 1266 anxia
3853 1212 3917 1266 et

2427 1300 2769 1375 mundana,
2806 1300 2897 1363 sic
2927 1300 3340 1383 abundabant
3390 1301 3454 1363 in
3487 1310 3745 1383 pectore
3780 1301 3916 1363 Vir-

2424 1399 2591 1479 ginis
2624 1417 2909 1475 summae,
2946 1399 3117 1480 quod
3146 1406 3209 1461 et
3241 1399 3307 1461 in
3340 1417 3519 1463 roseo
3558 1399 3697 1481 ejus
3734 1400 3914 1463 vultu

2425 1498 2980 1579 resplenduerunt,
3030 1498 3298 1579 ejusque
3344 1515 3535 1578 genas
3584 1516 3915 1580 corporeas

2425 1596 2854 1678 pulcherrime
2884 1595 3325 1660 venustabant.
3359 1596 3494 1659 Non
3525 1615 3778 1678 procax,
3812 1616 3919 1657 au-

2425 1695 2545 1757 dax
2576 1702 2684 1757 aut
2713 1694 2987 1776 garrula,
3022 1694 3131 1756 sed
3163 1693 3497 1771 taciturna,
3532 1694 3825 1757 timorata
3854 1702 3919 1757 et

2425 1794 2786 1857 verecunda
2815 1793 3056 1855 exstitit
3084 1793 3325 1875 optima
3352 1794 3566 1874 Virgo,
3592 1794 3919 1875 instarque

889 1888 1008 1950 Sed
1038 1888 1343 1969 quoniam
1371 1888 1677 1950 Dominus
1706 1897 1768 1951 et.
1799 1888 2083 1951 Salvator
2112 1888 2315 1952 voluit
2352 1891 2398 1953 B
2431 1892 2691 1954 turturis
2744 1892 2863 1955 soli
2908 1892 3034 1955 Deo
3088 1892 3155 1953 in
3198 1901 3440 1955 secreto
3493 1892 3920 1955 intentissima

821 2006 998 2049 suam
1046 1987 1574 2068 benignissimam
1617 1986 2000 2049 Genitricem
2048 2004 2161 2067 per
2204 1985 2318 2047 ali-

823 2094 980 2166 quot
1029 2104 1230 2147 annos
1279 2094 1421 2166 post.
1471 2104 1648 2147 suam
1693 2084 2129 2147 ascensionem
2176 2102 2318 2166 per-

822 2201 1080 2245 manere
1126 2183 1193 2244 in
1238 2193 1404 2245 terra
1444 2183 1522 2246 ad
1561 2182 1901 2246 multorum
1953 2182 2318 2245 aedificatio-

824 2300 993 2358 nem,
1011 2282 1620 2362 conversionemque
1647 2283 1678 2343 J
1683 2284 2029 2358 udaeorum,
2045 2300 2316 2364 sponsus

823 2379 1157 2461 subjungit
1201 2398 1214 2441 :
1262 2383 1344 2442 Si
1392 2383 1675 2458 ignoras,
1729 2381 1792 2442 id
1841 2388 1958 2456 est,
2012 2377 2317 2462 quoniam

822 2478 1046 2558 utique
1103 2497 1231 2541 non
1293 2479 1544 2559 ignoras
1605 2490 1684 2548 te,
1733 2500 1768 2539 ο
1809 2480 2090 2556 pulchra
2148 2480 2319 2538 inter

823 2579 1149 2647 mulieres,
1173 2576 1236 2639 id
1267 2585 1383 2654 est,
1418 2578 1702 2639 omnium
1736 2576 2201 2660 perfectissima
2233 2575 2319 2638 fe-

825 2674 1166 2751 minarum,
1200 2694 1344 2758 quae
1389 2694 1514 2738 non
1560 2675 1856 2757 spiritum
1903 2674 2094 2756 hujus
2135 2694 2318 2736 mun-

826 2774 913 2849 di,
949 2775 1058 2836 sed
1089 2774 1384 2856 spiritum
1419 2774 1529 2855 qui
1563 2794 1640 2837 ex
1677 2775 1804 2838 Deo
1836 2783 1952 2849 est,
1985 2773 2311 2857 accepisti,

826 2882 894 2934 ut
924 2872 1087 2935 scias
1119 2892 1260 2954 quae
1289 2892 1325 2934 a
1356 2873 1482 2935 Deo
1526 2874 1758 2935 donata
1787 2880 1934 2935 sunt
1965 2872 2107 2935 tibi.
2138 2871 2315 2935 Unde

823 2980 888 3034 et
928 2972 994 3034 in
1037 2979 1145 3034 tuo
1185 2972 1432 3035 cantico
1471 2971 1758 3034 cecinisti
1794 2989 1808 3033 :
1843 2971 1998 3045 Quia
2039 2971 2317 3053 respexit

2432 1989 2573 2052 fuit.
2606 1990 2800 2072 Cujus
2851 1994 3085 2051 collum
3140 1989 3262 2052 fuit
3304 1992 3473 2051 sicut
3523 1993 3818 2061 monilia,
3855 1991 3918 2053 id

2426 2098 2543 2164 est,
2591 2089 2862 2151 altitudo
2906 2108 3033 2152 suae
3080 2089 3621 2169 magnanimitatis
3671 2109 3742 2152 ac
3790 2108 3921 2152 suae

2426 2188 2775 2251 voluntatis
2821 2188 3103 2265 libertaS,
3152 2207 3294 2269 quae
3339 2188 3597 2252 nomine
3640 2189 3787 2251 colli
3838 2188 3921 2251 si-

2426 2285 2841 2365 gnificantur,
2873 2286 3047 2348 omni
3081 2286 3463 2363 humilitate,
3498 2287 3915 2368 subjectione,

2427 2394 2489 2448 et
2538 2384 2900 2448 obedientia
2949 2384 3339 2447 ornabantur
3382 2403 3396 2447 :
3446 2386 3532 2448 ita
3580 2386 3753 2467 quod
3802 2404 3919 2449 nec

2431 2481 2918 2563 magnanimitas
2949 2483 3089 2565 ejus
3124 2484 3537 2546 immoderate
3565 2502 3631 2546 se
3666 2484 3912 2561 extulit,

2428 2602 2545 2645 nec
2584 2581 2919 2643 ‘humilitas
2964 2581 3105 2663 ejus
3149 2600 3216 2644 se
3264 2582 3622 2645 inordinate
3662 2583 3917 2665 depres-

2427 2680 2529 2757 sit,
2580 2698 2697 2742 nec
2745 2680 3005 2761 propria
3054 2679 3347 2742 libertate
3392 2699 3673 2762 unquam
3718 2680 3917 2743 abusa

2426 2789 2519 2842 est
2550 2797 2563 2841 :
2603 2779 2731 2842 imo
2760 2796 2888 2860 quo
2918 2778 3158 2840 exstitit
3190 2779 3414 2860 major,
3438 2797 3513 2842 co
3542 2798 3689 2841 vere
3716 2779 3916 2841 humi-

2427 2877 2547 2941 lior
2593 2878 2737 2940 fuit.
2770 2881 3175 2939 Muroenulas
3216 2898 3447 2938 aureas
3487 2880 3803 2954 faciemus
3841 2881 3916 2939 ci-

2426 2979 2515 3044 bi,
2550 2980 3001 3037 vermiculatas
3042 2986 3327 3053 amento,
3375 2977 3489 3039 Per
3532 2977 3915 3039 muraenulas

823 3069 1249 3132 humilitatem
1311 3068 1559 3132 ancillae
1617 3089 1769 3146 suae,
1818 3088 1964 3133 ecce
2019 3070 2190 3132 enim
2240 3090 2316 3133 cx
2352 3069 2395 3132 C
2427 3075 2582 3136 istas
2622 3073 3069 3155 intelliguntur
3101 3072 3377 3153 gloriosa
3409 3073 3747 3156 praeconia,
3781 3074 3918 3155 qui-

823 3168 946 3230 hoe
991 3168 1240 3231 beatam
1290 3187 1392 3230 me
1440 3168 1654 3230 dicent
1698 3187 1920 3232 omnes
1963 3169 2318 3249 generatio-

823 3284 938 3329 nes
985 3284 998 3327 :
1043 3266 1194 3346 quia
1243 3265 1394 3328 fecit
1439 3265 1600 3327 mihi
1651 3284 1880 3347 magna
1929 3268 2039 3349 qui
2091 3276 2316 3349 potens

823 3373 940 3442 est,
968 3365 1032 3426 id
1061 3372 1169 3437 est,
1199 3363 1610 3446 Omnipotens
1640 3383 1744 3427 me
1775 3384 1950 3427 suam
1987 3367 2319 3428 constituit

822 3471 1114 3525 matrem.
1149 3462 1458 3537 Quoniam
1497 3480 1646 3542 ergo
1679 3464 1741 3524 id
1783 3464 1946 3526 nosti
1980 3472 2042 3527 et
2073 3464 2222 3541 scis,
2258 3473 2318 3527 te

825 3562 1002 3626 omni
1050 3581 1227 3644 purae
1275 3571 1578 3624 creaturae
1627 3562 1952 3645 praelatam
1997 3563 2062 3624 in
2112 3564 2318 3643 digni-

822 3669 983 3741 tate3
1017 3661 1257 3723 ideirco
1295 3666 1588 3739 eyredere
1625 3673 1684 3723 et
1723 3664 1832 3723 abi
1864 3674 2005 3740 post
2045 3665 2315 3739 vestiyia

820 3781 1115 3837 yrequm,
1151 3760 1213 3821 id
1260 3768 1376 3833 est,
1415 3760 1776 3823 incredulos
1821 3770 1884 3823 et
1921 3779 2179 3824 aversos
2217 3760 2318 3823 Ju-

824 3858 991 3921 daeos
1050 3858 1154 3941 pie
1219 3858 1571 3934 considera,
1634 3867 1695 3921 et
1755 3878 1972 3921 eorum
2034 3860 2318 3941 pericula

825 3958 1285 4038 compatienter
1323 3958 1606 4037 attende3
1637 3968 1696 4018 et
1717 3978 1906 4035 pasce
1935 3961 2148 4021 hoedos
2182 3969 2317 4020 tuos

809 4057 1020 4133 jaas-ta
1072 4058 1483 4117 tabernacula
1521 4066 1884 4133 pastorum,
1925 4056 1988 4119 id
2037 4064 2155 4133 est,
2192 4076 2318 4120 car-

827 4154 1002 4217 nales
1045 4163 1106 4216 et
1147 4153 1410 4217 vitiosos
1452 4154 1700 4217 Judaeos
1751 4155 1874 4217 tuis
1923 4155 2140 4220 refove
2184 4174 2318 4219 ora-

2425 3174 2547 3236 bus
2599 3173 2663 3234 in
2714 3173 3039 3254 Scriptura
3085 3173 3523 3235 commendata
3572 3180 3667 3235 est
3716 3172 3919 3235 excel-

2428 3272 2783 3335 lentissima
2828 3271 3099 3334 Domina
3134 3290 3147 3333 :
3189 3290 3333 3353 quaa
3365 3272 3681 3353 praeconia
3727 3290 3919 3335 aurea

2426 3380 2597 3447 sunt,
2653 3372 2803 3434 dum
2855 3370 2934 3433 de
2982 3369 3422 3453 conceptione,
3476 3370 3806 3433 nativitate
3854 3380 3917 3433 et

2424 3468 2803 3532 educatione
2840 3467 2983 3530 Filii
3015 3469 3122 3531 Dei
3165 3488 3239 3531 ex
3272 3487 3345 3531 ea
3385 3469 3698 3531 laudatur.
3733 3468 3918 3531 Simi—

2427 3567 2593 3645 liter,
2645 3568 2791 3630 dum
2844 3567 3169 3630 beatitudo
3218 3569 3357 3649 ejus
3402 3576 3466 3631 et
3504 3567 3707 3649 gloria
3749 3586 3919 3631 com-

2424 3667 2782 3744 mendatur,
2828 3685 2939 3729 sen
2988 3666 3245 3747 quando
3295 3667 3373 3729 de
3425 3686 3538 3729 sua
3586 3666 3911 3748 patientia,

2425 3764 2808 3841 humilitate,
2858 3764 3199 3827 sobrietate
3240 3763 3713 3844 magnificatur,
3760 3783 3918 3847 prae—

2425 3862 2611 3927 conia
2654 3864 2793 3944 ejus
2839 3862 3339 3928 vermiculantur
3382 3870 3661 3943 argento.

2503 3966 2678 4023 Dum
2715 3972 2868 4022 esset
2908 3982 3024 4021 rea·
3054 3964 3123 4020 in
3166 3963 3464 4022 accubitu
3499 3982 3639 4031 sua,
3666 3965 3913 4022 nardus

2426 4082 2565 4121 mea
2620 4063 2801 4120 dedit
2856 4064 3112 4121 odorem
3170 4080 3387 4122 suum.
3449 4060 3560 4123 Per
3618 4060 3907 4137 nardum,

2426 4158 2687 4221 herbam
2758 4157 3096 4239 spicosam,
3161 4156 3438 4219 suaviter
3497 4157 3907 4235 redolentem,

826 4251 1110 4315 tionibus
1177 4262 1239 4315 et
1303 4252 1634 4332 exemplis,
1707 4262 1776 4315 ut
1841 4254 2050 4317 salvos
2119 4253 2316 4317 facias
2346 4257 2395 4318 D
2426 4266 2617 4339 atque
2647 4265 2887 4319 naturae
2916 4255 3137 4319 calidae
3166 4255 3598 4333 exsistentem,
3632 4256 3915 4339 designa-

825 4352 1134 4431 quosdam
1170 4370 1246 4413 ex
1282 4351 1397 4428 eiS,
1439 4360 1750 4434 quatenus
1790 4371 1904 4434 per
1952 4360 2315 4425 sanctorum

828 4449 1329 4512 patriarcharum
1371 4449 1566 4513 fidem
1608 4460 1669 4513 et
1709 4451 2106 4533 spiritualem
2157 4451 2317 4513 Scri-

829 4556 1030 4628 pturae
1065 4547 1548 4629 intelligentiam
1599 4550 1964 4612 nutriantur
2001 4569 2074 4612 ac
2118 4548 2319 4614 infor-

826 4653 1102 4709 mentur.

907 4746 1256 4826 Equitatui
1298 4768 1431 4808 meo
1481 4749 1554 4809 in
1603 4750 1901 4809 curribus
1948 4750 2318 4810 Pharaonis

827 4846 1192 4906 assimilavi
1251 4856 1330 4914 te,
1383 4848 1593 4906 amica
1663 4868 1826 4907 mea.
1879 4846 2030 4921 Hoc,
2095 4864 2319 4908 secun-

825 4941 976 5005 dum
1010 4941 1438 5024 expositiones
1471 4942 1877 5023 praehabitaS,
1911 4942 2319 5024 praeclarissi-

827 5058 928 5102 me
969 5040 1276 5121 competit
1318 5038 1563 5120 Virgini
1613 5039 2090 5121 gloriosissimae
2123 5058 2138 5101 ε
2176 5060 2318 5122 quae

827 5136 1144 5201 universis
1183 5136 1490 5218 angelicis
1527 5137 1861 5219 spiritibus
1901 5138 2066 5200 facta
2096 5148 2193 5201 est
2222 5140 2315 5201 di-

823 5234 1030 5315 gnior,
1097 5235 1340 5297 meritis
1400 5237 1625 5317 major,
1678 5238 1970 5299 mercede
2027 5236 2313 5318 felicior;

825 5333 1072 5416 quae'Jet
1120 5350 1375 5396 omnem
1417 5334 1734 5397 aeriarum
1783 5335 2090 5398 malitiam
2142 5344 2316 5418 pote-

2428 4366 2530 4418 tur
2567 4355 2666 4419 vel
2706 4354 3069 4417 humillima
3111 4354 3362 4432 caritaS,
3408 4355 3504 4417 vel
3550 4355 3917 4418 ardentissi-

2428 4473 2531 4516 ma
2583 4452 2933 4527 humilita3‚
2984 4452 3413 4515 virtuosorum
3468 4463 3725 4516 actuum
3786 4452 3915 4515 fru-

2427 4552 2637 4616 ctibus
2688 4551 2876 4636 plena
2925 4550 3206 4632 Virginis
3264 4551 3651 4615 admirandae
3706 4569 3719 4613 ε
3774 4570 3914 4633 quae

2430 4650 2665 4712 nardus
2697 4657 2823 4711 tam
2857 4648 3232 4712 suavissime
3271 4668 3483 4713 coram
3526 4649 3918 4731 superexcel-

2430 4748 2787 4811 lentissimo
2844 4748 3009 4828 Rege
3070 4747 3394 4827 fragravit,
3457 4748 3628 4830 quod
3684 4748 3912 4827 Regem

2430 4848 2639 4929 ipsum
2691 4846 2755 4907 in
2806 4846 2950 4907 sinu
3008 4845 3209 4908 Patris
3265 4846 3697 4928 quiescentem
3747 4845 3919 4909 oble-

2428 4944 2625 5035 ctavit
2672 4952 2865 5025 atque
2910 4944 3167 5006 attraxit
3222 4946 3301 5008 ad
3349 4944 3793 5007 assumendam
3842 4962 3918 5006 ex

2428 5042 2692 5125 Virgine
2722 5043 3056 5125 praeelecta
3088 5050 3377 5105 naturam
3410 5043 3777 5104 humanam.
3811 5042 3919 5105 De-

2432 5141 2580 5204 inde
2633 5142 2797 5220 Rege
2852 5140 2971 5202 hoc
3021 5159 3135 5222 per
3184 5140 3639 5205 incarnationis
3687 5148 3917 5221 myste—

2429 5239 2594 5301 rium
2629 5239 2694 5300 in
2733 5240 2873 5320 ejus
2906 5246 3085 5301 utero
3119 5258 3345 5303 novem
3376 5238 3704 5301 mensibus
3744 5257 3917 5301 com-

2428 5344 2735 5417 morante,
2772 5344 2955 5401 aucta
2992 5345 3087 5399 est
3126 5336 3595 5404 secundissima)
3630 5336 3913 5423 Virginis

4049 817 4091 871 9

4048 2884 4121 2975 ‚¹⁰

4048 3966 4109 4020 Η
