4284 6267
807 509 928 575 260

1499 524 1850 573 mutuno
1891 522 1956 570 m
1995 521 2138 571 m.
2174 522 2283 568 vm
2322 518 2761 569 musra
2808 539 2891 550 —·
2928 521 3073 567 ΛΒΤ.
3108 519 3219 567 vm

559 716 782 769 trenam,
811 696 1099 760 hortatur
1127 696 1371 761 :Parati
1402 714 1656 778 semper
1681 696 1762 757 ad
1791 694 2295 757 satisfactionem
2330 692 2381 753 A
2410 701 2649 775 pei-tm,
2701 711 2992 757 reversus
3038 692 3119 755 ad
3175 710 3267 767 se,
3318 688 3640 752 interdum
3696 684 3901 749 sensit

519 780 586 825 ¹5.

811 894 994 960 vobis
1033 902 1151 972 est,
1188 893 1318 958 fide
1355 902 1419 959 et
1455 912 1590 976 spe.
1625 893 1946 956 Mansuete
1983 910 2157 974 erge,
2192 909 2305 973 op-

815 1002 1088 1076 portune
1129 1012 1204 1057 ac
1253 993 1574 1075 sapienter
1615 1000 1714 1055 est
1762 990 2299 1073 respondendum.

537 1118 625 1163 lot
643 1118 772 1169 am.
813 1093 1074 1175 Propter
1111 1092 1285 1174 quod
1330 1092 1398 1153 in
1433 1089 1549 1157 lob
1587 1090 1900 1173 scriptum
1940 1097 2038 1152 est
2070 1105 2085 1151 ε
2117 1088 2304 1151 Num-

816 1190 973 1273 quid
999 1190 1256 1274 sapiens
1285 1189 1698 1274 respondebit
1727 1188 1913 1271 quasi
1941 1188 2012 1249 in
2043 1196 2305 1252 ventum

817 1289 1109 1373 loquens,
1163 1298 1228 1353 et
1278 1288 1573 1372 implebit
1631 1289 1856 1351 ardore
1908 1286 2307 1350 stomachum

637 1396 674 1453 6
817 1391 1050 1451 suum?
1085 1390 1278 1451 Omni
1307 1389 1559 1466 neyotio
1596 1396 1844 1465 tempus
1870 1395 1960 1446 est
1995 1396 2056 1447 et
2083 1404 2310 1463 oppor-

820 1488 1068 1549 tunitas
1097 1508 1120 1547 .·
1154 1486 1218 1550 id
1258 1494 1378 1564 est,
1412 1485 1916 1567 unumquodque
1957 1503 2118 1567 opus
2161 1481 2309 1545 fieri

819 1582 1008 1647 debet
1037 1601 1153 1648 suo
1183 1583 1324 1647 loco
1354 1591 1416 1646 et
1457 1591 1742 1664 tempore
1779 1590 2165 1663 opportuno,
2201 1577 2312 1641 Lo—

819 1700 931 1745 cus
961 1680 1202 1764 quippe
1231 1689 1296 1745 et
1329 1690 1601 1762 tempus,
1636 1686 1786 1742 sunt
1813 1668 2311 1742 circumstantiae

819 1780 1148 1862 generales
1185 1780 1252 1841 in
1288 1778 1467 1844 omni
1509 1787 1656 1842 actu
1694 1776 1950 1842 virtutis
1986 1776 2307 1838 humanae.

811 795 984 859 omni
1017 795 1305 878 poscenti
1336 812 1448 858 vos
1478 794 1790 859 rationem
1819 794 1900 857 de
1931 813 2028 869 ea,
2059 811 2205 875 quae
2235 792 2301 853 in
2406 790 2799 855 afflictiones
2840 792 2908 853 in
2938 791 3186 854 actibus
3224 788 3413 852 bonis
3447 806 3463 849 z
3498 787 3647 869 quia
3677 792 3741 848 et
3778 785 3899 846 sti-

2412 891 2655 953 mulum
2686 891 2899 954 carnis
2928 889 3253 966 sustinuit,
3290 896 3352 949 et
3389 886 3643 950 diversa
3682 902 3901 967 poena-
3944 896 4125 939 neor.
4148 908 4227 943 ιιι.

2412 989 2518 1067 Ιί6,
2559 1008 2701 1071 quae
2740 990 2819 1053 ad
2858 989 3219 1054 Corinthios
3260 992 3496 1050 narrat.
3936 963 4003 1003 ¹⁰·

2494 1089 2605 1151 Est
2649 1088 2867 1171 itaque
2900 1088 3345 1171 exponendum
3380 1106 3397 1150 t
3434 1089 3517 1148 Ec
3552 1087 3763 1145 multa
3796 1086 3905 1143 Ιιο-

2414 1190 2617 1249 minis
2652 1190 2938 1267 amic-tie,
2966 1190 3125 1269 quia
3164 1190 3425 1265 iquorat
3452 1185 3807 1264 proeterica.
3834 1180 3902 1243 Si

2414 1287 2589 1350 enim
2636 1286 2827 1350 sciret
2873 1286 3214 1369 praeterita,
3263 1283 3539 1367 qualiter
3584 1280 3666 1344 ab
3714 1279 3901 1343 initio

2417 1384 2662 1462 mundi,
2688 1385 2871 1449 electi
2904 1394 2970 1448 et
2999 1384 3201 1449 sancti
3230 1382 3342 1447 Dei
3374 1382 3547 1464 passi
3574 1387 3723 1443 sunt
3746 1376 3909 1440 mul·

2418 1492 2480 1546 ta
2500 1492 2565 1546 et
2590 1501 2821 1564 magna
2847 1485 3133 1559 adversa,
3148 1490 3214 1547 et
3240 1481 3516 1563 qualiter
3544 1480 3707 1542 Deus
3737 1492 3907 1558 saepe

2418 1601 2491 1644 ac
2534 1583 2672 1646 dire
2712 1583 2904 1646 etiam
2951 1583 3015 1645 in
3056 1582 3289 1645 saeculo
3327 1581 3451 1643 isto
3492 1577 3744 1661 punivit
3786 1574 3909 1637 ini-

2420 1699 2604 1762 quoS,
2639 1690 2703 1744 et
2746 1680 3111 1745 consolatus
3162 1688 3261 1744 est
3306 1676 3761 1758 coronavitque
3804 1673 3910 1754 ju-

2422 1788 2593 1859 stos;
2635 1788 2851 1861 posset
2888 1799 2957 1843 se
2994 1778 3310 1843 consolari
3340 1778 3408 1839 in
3438 1775 3680 1845 multis,
3712 1783 3775 1863 et
3804 1771 3912 1835 bo-

529 1902 790 1955 neelami.
819 1877 1078 1961 Propter
1125 1878 1296 1960 quod
1342 1878 1585 1941 dictum
1635 1886 1730 1941 est
1779 1896 1972 1959 supra
2024 1893 2038 1938 ε
2086 1873 2314 1938 Omnia
2349 1878 2395 1940 B
2425 1878 2524 1940 nis
2571 1878 2820 1942 actibus
2867 1878 3159 1942 alacriter
3205 1875 3555 1952 immorari,
3608 1873 3911 1953 vitiisque

821 1984 1074 2059 tempus
1101 1974 1363 2041 habent.
1389 1975 1546 2038 Hinc
1577 1974 1703 2056 legi
1734 1983 1978 2038 naturae
2009 1981 2072 2036 et
2100 1989 2311 2035 sacra-

819 2074 1053 2137 mentis
1081 2092 1155 2137 ac
1183 2071 1519 2137 sacrificiis
1547 2072 1709 2154 ejuS‚
1735 2072 2040 2135 successit
2068 2070 2172 2134 lex
2195 2068 2315 2132 Μο-

821 2171 950 2255 ysis
989 2190 1135 2235 cum
1177 2169 1589 2236 sacramentis
1633 2178 1696 2233 et
1737 2167 2077 2233 sacrificiis
2125 2167 2259 2231 suis
2295 2186 2310 2231 :

821 2270 1058 2353 quibus
1097 2268 1465 2350 evangelica
1515 2268 1615 2333 lex
1663 2288 1809 2331 cum
1863 2266 2203 2331 sacrificiis
2253 2275 2317 2329 et

823 2367 1236 2432 sacramentis
1276 2366 1405 2431 suis
1443 2366 1771 2430 successit.
1804 2366 1982 2429 Unde
2013 2374 2076 2428 et
2107 2366 2177 2428 in
2206 2364 2319 2427 Es-

528 2480 794 2535 uaeenerm,
823 2467 966 2531 ther
995 2466 1304 2551 scriptum
1341 2474 1438 2529 est
1469 2486 1484 2530 :
1527 2465 1650 2529 Nec
1689 2465 2004 2530 aestimare
2041 2464 2311 2541 debetiS,

826 2564 882 2628 si
912 2584 1028 2649 pro
1069 2573 1426 2648 temporum
1466 2563 1768 2628 varietate
1807 2563 2060 2628 diversa
2095 2561 2320 2644 jubea-

827 2681 983 2740 mus,
997 2682 1075 2726 ex
1099 2661 1292 2726 animi
1317 2661 1514 2725 nostri
1541 2661 1793 2727 levitate
1813 2662 2046 2738 venire,
2062 2662 2173 2725 sed
2206 2678 2320 2742 pro

826 2760 1134 2844 qualitate
1175 2770 1238 2825 et
1279 2760 1654 2825 necessitate
1695 2768 2077 2843 temporum,
2112 2767 2182 2821 ut
2223 2759 2317 2822 rei

828 2858 1102 2944 publicae
1143 2860 1351 2944 poscit
1392 2858 1656 2936 utilitas„
1696 2858 1862 2923 ferre
1909 2857 2313 2922 sententiam.

647 2964 683 3023 ’1
907 2960 992 3022 Ec
1023 2961 1230 3021 multa
1257 2960 1541 3021 hominis
1560 2959 1847 3035 afflictiO,
1867 2959 2026 3038 quia
2057 2959 2319 3035 iqnorat

2423 1976 2740 2040 indefesse
2772 1978 2983 2040 reniti.
3018 1980 3101 2039 Ec
3129 1978 3364 2053 futura
3392 1978 3579 2036 nullo
3604 1974 3769 2033 scire
3791 1990 3913 2050 po-

2426 2085 2539 2137 test
2568 2078 2803 2137 nuntio
2834 2098 2858 2137 .·
2888 2076 2952 2139 id
2982 2083 3099 2152 est,
3132 2075 3349 2139 nullus
3380 2073 3740 2148 hominum,
3782 2066 3908 2130 nisi

2424 2193 2617 2257 super
2646 2175 2767 2237 hoc
2798 2172 3203 2251 informatus,
3235 2180 3446 2256 potest
3472 2171 3533 2236 ei
3571 2166 3914 2254 praenunti-

2422 2290 2529 2335 are
2558 2291 2674 2355 pro
2706 2280 2879 2336 certo
2911 2270 3128 2335 futura
3155 2290 3315 2355 pure
3343 2266 3799 2350 contingentia,
3822 2264 3909 2327 si-

2424 2370 2493 2433 bi
2520 2370 2794 2453 aliisque
2827 2380 3115 2436 ventura.
3149 2371 3292 2434 Ideo
3330 2386 3498 2451 saepe
3536 2366 3660 2431 sibi
3698 2383 3916 2429 occur-

2426 2478 2575 2532 runt
2612 2469 2821 2533 tristia
2846 2479 2911 2533 et
2937 2471 3223 2545 adversa,
3257 2469 3411 2532 dum
3455 2464 3733 2550 speravit
3770 2463 3912 2525 laeta

2426 2576 2491 2631 et
2525 2587 2850 2652 prospera.
2883 2568 3115 2651 Sicque
3161 2566 3501 2651 dupliciter
3542 2562 3860 2644 affligitur
3892 2581 3907 2625 ε

2428 2668 2730 2748 quoniam
2770 2668 3115 2751 improvise
3153 2667 3305 2730 talia
3332 2668 3390 2729 ei
3422 2670 3765 2729 occurrunt
3788 2662 3915 2744 (ja-

2426 2766 2570 2828 cula
2626 2767 2796 2830 enim
2858 2766 3126 2849 praevisa
3181 2766 3393 2828 minus
3438 2762 3793 2843 affligunt),
3848 2767 3915 2823 et

2427 2864 2577 2945 quia
2623 2865 2761 2947 spei
2801 2884 2930 2929 suoe
2968 2864 3386 2929 inveniuntur
3430 2860 3769 2927 contraria.
3792 2858 3914 2921 Un-

2423 2962 2503 3025 de
2551 2971 2614 3025 et
2652 2962 2955 3026 Ieremias
3002 2963 3250 3027 locutus
3298 2969 3396 3025 est
3428 2981 3441 3025 :
3479 2956 3911 3023 Sustinuimus
3950 2978 4217 3029 semmua

819 3059 1174 3137 praeterita,
1193 3066 1250 3117 et
1270 3059 1506 3137 futura
1533 3060 1715 3117 nullo
1738 3065 1942 3134 potest
1969 3056 2133 3116 scire
2153 3076 2320 3117 nun·
2353 3058 2397 3121 C
2426 3079 2669 3142 pacem,
2703 3069 2767 3123 et
2814 3080 2941 3124 non
2990 3060 3201 3141 venit3
3252 3067 3316 3123 et
3354 3068 3603 3141 tempus
3647 3056 3915 3120 curatio.
3942 3054 4030 3093 m,
4053 3044 4123 3083 ¹⁹-

827 3157 937 3219 tio.
961 3154 1139 3219 Circa
1166 3153 1286 3219 hoc
1315 3154 1577 3237 quidam
1607 3152 1866 3218 scribit:
1892 3152 2127 3216 Futura
2161 3172 2319 3236 prae-

825 3253 955 3317 mia
985 3271 1113 3318 non
1144 3260 1352 3337 potest
1379 3253 1570 3317 homo
1601 3251 1763 3315 scire
1794 3270 1908 3333 per
1937 3271 2027 3325 se,
2066 3252 2167 3315 vel
2205 3270 2319 3334 per

826 3352 1024 3417 alium
1055 3352 1334 3415 humana
1364 3350 1889 3431 investigatione:
1924 3358 1988 3413 et
2016 3350 2138 3415 hoc
2170 3369 2317 3415 cau-

828 3458 926 3515 sat
974 3450 1402 3516 afflictionem
1454 3448 1734 3531 aliquam
1791 3448 1857 3511 in
1910 3448 2319 3531 adimpletio-

832 3568 912 3613 ne
969 3558 1452 3633 praeceptorum.
1507 3547 1570 3613 Si
1628 3546 1802 3612 enim
1857 3548 2048 3611 sciret
2104 3545 2323 3610 futura

832 3647 1115 3731 praemia,
1139 3666 1267 3711 non
1311 3656 1478 3711 esset
1513 3647 1730 3728 aliqua
1770 3644 2048 3711 afflictio
2095 3645 2162 3708 in
2208 3646 2326 3707 im-

831 3744 1114 3830 pletione
1142 3754 1625 3829 praeceptorum,
1660 3745 1770 3808 sed
1801 3745 2004 3826 magis
2035 3744 2327 3809 consola-

832 3844 944 3909 tio.
979 3844 1151 3907 Istud
1191 3843 1487 3908 inidonee
1520 3842 1760 3907 dictum
1791 3843 2063 3907 videtur.
2083 3842 2320 3918 Primo,

832 3942 1135 4024 quoniam
1175 3941 1472 4023 quamvis
1515 3940 1732 4003 futura
1768 3941 2032 4023 praemia
2070 3942 2327 4005 demon·

835 4040 1096 4103 strative
1139 4058 1268 4105 non
1312 4040 1572 4117 scimus,
1625 4048 1838 4102 tamen
1886 4038 2325 4102 indubitanter

834 4138 969 4203 haec
1002 4138 1343 4202 credimus.
1377 4138 1453 4202 Et
1493 4137 1785 4220 quamvis
1827 4137 2031 4218 maj0r
2076 4138 2325 4200 dicatur

2429 3159 2551 3236 niS,
2592 3166 2657 3222 et
2694 3178 2839 3223 ecce
2878 3158 3179 3223 turbatio.
3220 3159 3296 3222 Et
3331 3158 3520 3221 Poeta
3560 3175 3575 3219 :

2461 3312 2668 3363 Nescia
2696 3326 2853 3363 mens
2888 3312 3180 3363 hominum
3210 3310 3312 3362 fati
3340 3310 3627 3376 sortisque
3658 3310 3881 3363 futurae.

2432 3446 2691 3529 Semper
2728 3446 2925 3528 igitur
2967 3446 3168 3509 simus
3212 3448 3293 3510 ad
3340 3466 3761 3530 quaecumque
3809 3446 3918 3509 ad-

2433 3564 2616 3608 versa
2652 3545 2877 3629 parati,
2911 3564 2985 3609 ac
3025 3546 3249 3631 clypeo
3292 3546 3614 3628 patientiae
3652 3564 3919 3629 praemu-

2434 3644 2576 3706 11iti.

2516 3744 2664 3807 Non
2697 3754 2786 3805 est
2822 3746 2898 3804 in
2932 3746 3213 3806 hominis
3244 3746 3492 3806 ditione
3505 3742 3553 3816 ⁴¹,
3578 3745 3920 3821 prohibere
4064 3752 4103 3808 8

2431 3845 2741 3921 spiritum
2770 3865 2792 3905 .·
2825 3844 2886 3906 id
2917 3852 3033 3920 est,
3070 3842 3137 3905 in
3176 3851 3485 3925 potestate
3521 3862 3594 3906 ac
3631 3841 3919 3905 dominio
3971 3836 4219 3889 'mmm

2433 3942 2712 4006 hominis
2751 3961 2879 4006 non
2919 3950 3036 4019 est,
3072 3941 3343 4005 aliorum
3374 3942 3567 4005 corda
3592 3960 3705 4005 seu
3733 3940 3923 4023 spiri-

2434 4050 2571 4104 tum
2601 4043 2677 4105 ad
2713 4060 2896 4104 suum
2930 4040 3186 4103 libitum
3216 4040 3575 4117 immutare,
3608 4060 3681 4103 ac
3714 4038 3923 4123 prohi-

2436 4140 2587 4204 bere
2624 4160 2661 4202 a
2696 4147 3009 4221 conceptu
3039 4148 3100 4203 et
3130 4158 3323 4221 opere
3356 4138 3449 4201 eis
3481 4138 3919 4221 placentibus3

833 4236 1148 4301 certitudo
1196 4236 1497 4313 scientim,
1531 4255 1728 4317 quam
1777 4234 1952 4310 fidei,
2001 4235 2325 4318 loquendo
2360 4244 2409 4305 D
2440 4258 2555 4303 nec
2584 4238 3016 4321 potentiorum
3042 4238 3288 4301 animos
3318 4237 3485 4301 valet
3512 4237 3858 4320 reprimere
3887 4256 3927 4299 a

836 4337 915 4401 de
946 4334 1326 4399 certitudine
1354 4332 1724 4414 evidentiae3
1757 4334 2077 4416 loquendo
2110 4342 2325 4399 tamen

835 4434 916 4498 de
973 4432 1354 4498 certitudine
1411 4432 1832 4511 adhaerentiae‚
1880 4431 2046 4497 fides
2095 4433 2328 4497 certior

838 4539 1040 4595 exstat
1073 4530 1359 4595 scientia.
1385 4531 1694 4608 Secundo,
1716 4531 2018 4613 quoniam
2049 4530 2117 4593 af
2121 4530 2328 4596 flictio

839 4630 907 4693 in
949 4628 1198 4693 actibus
1241 4629 1424 4694 bonis
1470 4628 1789 4707 fidelium,
1823 4648 1950 4693 non
2001 4630 2330 4712 consurgit

839 4748 917 4793 ex
969 4726 1226 4793 defectu
1272 4728 1636 4792 nescientiae
1694 4746 1805 4791 seu
1856 4727 2328 4791 incertitudinis

841 4826 1270 4913 praemiorum,
1313 4827 1392 4890 de
1429 4825 1665 4907 quibus
1695 4825 1788 4888 nil
1816 4825 2183 4908 ambigunt3
2218 4828 2331 4891 sed

839 4946 917 4991 ex
965 4924 1313 4990 rebellione
1365 4924 1796 4989 sensualitatis
1844 4944 1917 4989 ac
1968 4923 2216 5004 fomite,
2268 4934 2333 4989 et

839 5024 1142 5090 vitiorum
1182 5022 1496 5105 reliquiiS,
1527 5030 1594 5086 et
1631 5024 1940 5103 gravitate
1977 5043 2050 5087 66
2081 5024 2333 5088 lassitu-

549 5146 812 5207 Sap.·x.1s.
843 5124 992 5187 dine
1029 5122 1336 5207 corporiS,
1370 5123 1542 5205 quod
1579 5131 1879 5202 aggravat
1917 5124 2220 5201 animam,
2257 5144 2333 5188 ex

843 5223 1202 5287 daemonum
1235 5221 1427 5285 etiam
1463 5221 1890 5285 tentamentis,
1916 5221 2147 5298 Tertio,
2180 5223 2333 5303 quia

579 5282 816 5337 ¹¹⁰⁰''‘⁸¹¹'
845 5330 904 5385 et
936 5319 1166 5384 Paulus
1197 5320 1458 5403 praemia
1487 5319 1598 5383 illa
1629 5318 1798 5383 clare
1836 5319 2106 5383 intuitus
2133 5329 2201 5384 et
2228 5340 2334 5384 ex·-

549 5345 596 5401 4,
613 5346 657 5391 ⁷.

2435 4337 2875 4422 persecutione
2911 4345 2977 4399 et
3012 4336 3429 4418 oppressione
3458 4334 3919 4413 infirmiorum,

2438 4456 2555 4501 nec
2599 4436 2921 4519 propriam
2963 4443 3243 4498 mentem
3284 4454 3323 4497 a
3362 4433 3782 4500 fluctuatione
3822 4453 3925 4499 co-

2433 4536 2814 4616 gitationum
2858 4542 2920 4597 et
2958 4533 3261 4599 varietate
3301 4531 3747 4597 affectionum.
3777 4534 3923 4597 Pro-

2438 4643 2579 4716 pter
2615 4632 2786 4715 quod
2823 4632 2911 4695 ait
2948 4632 3300 4696 Bet-nardus
3338 4651 3352 4695 :
3388 4632 3524 4695 Non
3565 4641 3721 4714 puto
3750 4632 3921 4713 quod

2437 4733 2721 4796 animum
2760 4731 2990 4795 clausit
3026 4750 3063 4794 6
3099 4730 3617 4812 cogitationibuS,
3651 4731 3764 4811 qui
3804 4749 3927 4795 coe-
4006 4756 4188 4813 [naq.

2439 4830 2573 4892 lum
2623 4828 2850 4891 clausit
2896 4826 3314 4903 orationibuS,
3356 4836 3513 4909 puta
3558 4826 3752 4889 Elias,
3797 4826 3922 4889 Nec
3954 4822 4169 4871 ‘'M-⁷·

2439 4928 2540 4990 his
2602 4926 2809 4990 obstat
2864 4925 3036 5007 quod
3098 4924 3186 4987 ait
3242 4925 3583 5008 Apostolus
3646 4942 3661 4988 :
3726 4924 3926 5007 Spiri-
3983 4944 4211 4998 tecam,

2443 5036 2541 5089 tus
2579 5025 3055 5107 Prophetarum,
3078 5023 3407 5105 Prophetis
3437 5022 3710 5105 subjecti
3748 5030 3921 5086 sunt.
3958 5010 4026 5053 ³²·

2442 5126 2567 5189 Hoc
2597 5123 2833 5186 etenim
2875 5121 3035 5185 dixit
3072 5130 3292 5186 contra
3330 5121 3641 5204 quosdam
3681 5121 3930 5186 haereti-

2440 5230 2935 5299 cOS,asserentcs
2965 5220 3307 5302 Prophetas
3334 5238 3474 5283 esse
3512 5219 3754 5283 locutos
3784 5228 3929 5282 tan-

2441 5340 2633 5403 quam
2672 5319 3045 5403 arrepticios
3082 5326 3147 5381 et
3184 5318 3464 5382 insanos.
3486 5317 3717 5382 Contra
3752 5318 3927 5401 quod
