4284 6267
45 893 300 943 Dec-:tanna

41 1682 298 1737 llRey.xxm.

39 1750 74 1794 2,
93 1749 133 1787 4.

60 2669 224 2712 Cutoes.
239 2683 302 2721 m,

43 2734 102 2773 ¹5.

979 510 1332 557 RNARRATIO
1374 509 1440 555 m
1482 508 1620 556 cAP.
1667 508 1690 555 1
1730 508 1969 555 CAN'rtcl
2012 506 2417 559 CANTICORUH.
2465 532 2546 542 —
2586 512 2727 559 ΛΒΤ.
2774 510 2841 559 m

3338 492 3457 561 305

329 681 518 757 vitae,
572 689 638 745 te
688 681 858 743 intra
914 700 982 745 se
1029 681 1269 763 jugiter
1315 680 1850 763 complectuntur,
1885 680 1932 742 A
1966 680 2267 764 itemque,
2316 682 2430 757 Qui
2476 685 2686 748 erudit
2729 684 3099 763 derisorem,
3150 686 3287 768 ipse
3330 686 3453 749 sibi
3484 706 3748 759 erman.

333 780 654 856 retinent,
699 798 820 843 nec
856 778 1224 855 offendunt,
1267 779 1354 841 ita
1391 787 1461 841 ut
1502 780 1657 841 illud
1697 780 1857 841 Deu-

331 879 694 942 teronomii
729 878 1072 961 impleatur
1100 879 1165 939 in
1199 878 1331 941 eis:
1363 877 1855 940 Amantissimus

331 976 604 1039 Domini
641 977 960 1040 habitabit
997 975 1434 1057 confidenter3
1466 976 1532 1038 in
1567 995 1640 1040 eo
1671 976 1853 1057 quasi

333 1075 412 1137 in
465 1076 756 1141 thalamo
805 1084 936 1140 tota
993 1077 1098 1139 die
1147 1075 1524 1153 morabitur,
1576 1084 1638 1138 et
1686 1076 1853 1138 inter

331 1174 649 1237 humeros
681 1174 860 1238 illius
891 1176 1268 1257 requiescet.
1292 1176 1506 1238 Indica
1533 1175 1854 1256 (inquam)

329 1272 527 1347 mihi,
564 1272 678 1335 ubi
711 1274 804 1337 sic
835 1292 1080 1356 pascas,
1115 1274 1207 1335 sic
1238 1272 1433 1337 cubes
1464 1274 1529 1336 in
1560 1272 1850 1349 meridie,

333 1370 408 1434 id
443 1380 545 1435 est
589 1371 657 1435 in
697 1372 1024 1456 praecipuo
1070 1372 1291 1453 gratiae
1326 1379 1451 1435 tuae
1491 1372 1849 1454 splendore,

338 1470 411 1531 in
445 1489 684 1551 magno
714 1472 1000 1535 caritatis
1032 1470 1304 1547 fervore,
1341 1471 1406 1532 in
1439 1470 1856 1534 illuminatio-

334 1590 424 1633 ne
459 1570 808 1652 praeclara:
843 1570 1382 1653 quemadmodum
1409 1570 1476 1632 in
1510 1570 1746 1649 Regum
1785 1570 1854 1632 li-

333 1668 474 1731 bris
505 1670 708 1732 David
742 1668 1006 1732 fatetur:
1028 1668 1298 1751 Spiritus
1327 1668 1579 1731 Domini
1612 1668 1853 1731 locutus

333 1776 438 1829 est
479 1787 597 1849 per
635 1787 763 1843 me,
810 1768 975 1831 sicut
1012 1767 1364 1829 meridiana
1404 1766 1511 1828 lux
1550 1765 1722 1829 clara
1758 1774 1854 1828 est

1966 780 2267 861 injuriam
2302 780 2475 845 facit.
2510 784 2661 846 Nam
2694 792 2753 847 et
2785 803 3057 867 sponsus
3088 785 3153 847 in
3183 785 3457 865 Evange-

1968 879 2053 942 lio
2101 880 2338 959 jussit:
2373 881 2577 944 Nolite
2626 890 2913 946 sanctum
2965 883 3115 945 dare
3162 884 3452 959 canibuS,

1964 996 2174 1058 neque
2216 979 2587 1061 margaritas
2632 989 2874 1043 vestras
2917 980 3269 1064 projiciatis
3310 990 3458 1045 ante

1964 1095 2213 1158 porcos,
2248 1077 2480 1140 Verum
2517 1079 2824 1159 quamdiu
2863 1080 3111 1159 ignorat
3149 1080 3451 1160 Ecclesia,

1965 1174 2111 1255 quis
2140 1174 2366 1239 docilis
2396 1175 2773 1240 indocilisve
2803 1178 3083 1254 exsistat,
3108 1177 3299 1241 debet
3328 1198 3458 1243 om·

1965 1272 2158 1335 nibus
2201 1275 2568 1355 praedicare,
2614 1276 2779 1338 sicut
2826 1276 2892 1337 in
2936 1275 3131 1338 simili
3182 1276 3459 1359 loquitur

1961 1371 2353 1451 Augustinus
2388 1392 2401 1435 ε
2438 1372 2799 1436 Nescientes
2827 1374 2973 1456 quis
3002 1375 3080 1437 ad
3110 1376 3457 1438 electorum

1961 1480 2071 1533 aut
2112 1470 2528 1553 reproborum
2576 1472 2941 1535 societatem
2981 1473 3319 1555 pertineat,
3352 1474 3459 1537 de-

1960 1568 2185 1631 bemus
2235 1568 2625 1632 beneficium
2685 1569 2980 1634 fraternae
3038 1572 3457 1655 correptionis

1964 1668 2333 1749 impendere
2381 1668 2650 1731 cunctis.

2041 1766 2119 1828 At
2159 1786 2307 1831 vero
2344 1786 2457 1849 per
2486 1767 2755 1844 sodaleS,
2789 1767 3049 1849 quidam
3086 1769 3457 1851 intelligunt

333 1874 400 1927 et
431 1866 684 1947 absque
713 1866 996 1930 nubibus
1037 1866 1274 1928 rutilat.
1309 1864 1606 1939 Quamvis
1635 1874 1849 1928 autem
1889 1862 1934 1923 B
1962 1863 2413 1928 haeresiarchas
2442 1873 2505 1927 et
2533 1865 2897 1929 seductores
2926 1886 2999 1929 ac
3036 1865 3267 1948 impios
3298 1886 3457 1949 prae-

333 1983 618 2046 sponsus
651 1965 820 2027 inter
847 1965 1020 2028 cives
1060 1964 1243 2044 regni
1271 1963 1551 2027 coelestis
1593 1962 1851 2045 potissi-

333 2082 440 2127 me
483 2064 703 2141 cubet,
749 2064 862 2145 qui
902 2062 1258 2127 meridiana
1300 2063 1438 2143 ejus
1484 2061 1848 2142 cognitione

334 2159 662 2239 laetantur,
715 2171 908 2243 atque
956 2181 1072 2245 per
1119 2160 1484 2224 beatificam
1534 2160 1846 2223 visionem

333 2277 580 2339 sponso
619 2260 844 2339 gloriae
891 2258 1384 2323 inavertibiliter
1424 2278 1497 2320 ac
1543 2258 1852 2339 tranquil-

334 2356 588 2420 lissime
615 2366 768 2421 sunt
797 2358 1060 2438 intenti;
1092 2366 1372 2419 attamen
1406 2356 1598 2419 etiam
1632 2356 1694 2417 in
1732 2356 1848 2419 hac

333 2455 472 2519 vita
502 2456 570 2518 in
605 2455 764 2521 viris
803 2454 1342 2537 contemplativiS,
1376 2454 1706 2537 perfectiS,
1741 2454 1850 2516 he-

335 2554 556 2631 roiciS,
606 2554 974 2637 aliqualiter
1018 2553 1210 2617 cubat
1255 2573 1269 2619 ε
1311 2554 1548 2635 quibus
1591 2553 1848 2636 scripsit

335 2653 708 2733 Apostolum,
742 2654 866 2716 Pax
903 2652 1140 2716 Christi
1183 2653 1454 2716 exsultet
1487 2672 1738 2734 semper
1780 2653 1843 2715 in

334 2752 644 2815 cordibus
675 2752 937 2833 vestris3
971 2770 1246 2833 quorum
1278 2751 1722 2833 unusquisque
1753 2753 1848 2814 di-

149 2880 192 2907 a
257 2899 270 2910 .
333 2870 482 2915 cere
512 2860 748 2933 potest,
781 2851 850 2913 In
891 2869 1045 2933 pace
1076 2849 1144 2912 in
1186 2849 1250 2911 id
1287 2850 1496 2932 ipsum
1531 2851 1844 2913 dormiam

55 3062 114 3105 Cf.
127 3063 298 3118 laun,

101 3129 119 3155 ο

65 4841 142 4887 πε.
157 4858 210 4898 ιιι,
227 4847 303 4890 ιο.

103 5038 244 5084 Εεεὶί.

47 5112 154 5153 unu.
171 5106 216 5149 8.

61 5232 302 5287 Pronum..

49 5296 82 5337 9.

333 2958 400 3013 et
429 2949 856 3031 requiescam.
891 2949 1069 3011 Unde
1097 2955 1162 3011 et
1198 2948 1334 3029 ipse
1364 2967 1476 3030 per
1504 2947 1729 3011 isaiam
1764 2949 1849 3013 lo-

331 3050 561 3131 quitur
613 3066 628 3111 :

331 3166 544 3224 meus,
581 3146 708 3209 nisi
751 3165 944 3228 super
981 3145 1268 3228 quietum
1316 3153 1378 3209 et
1416 3145 1762 3209 humilem?

411 3246 560 3309 Hoec
601 3246 816 3327 itaque
855 3246 1016 3328 petit
1055 3244 1179 3307 sibi
1219 3244 1490 3308 indicari
1535 3244 1838 3324 Ecclesia,

327 3352 656 3427 quatenus
713 3362 789 3405 ex
851 3361 1070 3406 eorum
1127 3342 1644 3406 consideratione
1695 3362 1846 3406 con-

327 3443 579 3507 soletur
627 3450 691 3505 et
735 3441 1046 3524 glorietur
1102 3440 1168 3502 in
1219 3440 1489 3505 Domino
1542 3440 1709 3505 inter
1753 3449 1846 3505 tot

325 3542 794 3605 adversitatum
838 3558 1098 3602 suarum
1137 3557 1488 3621 pressuraS,
1529 3548 1591 3603 et
1641 3548 1712 3603 ut
1751 3541 1844 3604 vi-

325 3641 480 3703 deat
507 3640 650 3723 ipsa
687 3638 793 3722 pia
831 3647 1056 3716 mater,
1091 3638 1157 3700 in
1197 3639 1433 3720 quibus
1471 3640 1842 3721 praedicatio

327 3757 452 3800 sua
493 3736 869 3801 fructificet.
903 3736 1049 3801 Ideo
1091 3756 1348 3819 quoque
1394 3737 1674 3819 postulat
1718 3737 1842 3799 sibi

331 3836 460 3899 ista
500 3835 868 3912 monstrari,
901 3837 1208 3918 quoniam
1251 3836 1370 3898 scit
1409 3854 1475 3898 se
1514 3854 1630 3897 sua
1674 3843 1845 3898 exte-

330 3934 490 3999 riori
519 3934 975 4017 praedicatione
1000 3934 1064 3995 in
1098 3932 1511 3995 audientibus
1543 3933 1635 3996 nil
1658 3952 1844 4015 posse

330 4031 680 4115 proficere,
737 4030 864 4094 nisi
913 4049 1185 4113 sponsus
1227 4030 1294 4093 in
1336 4030 1591 4095 illorum
1633 4030 1842 4095 cordi-

331 4132 458 4193 bus
486 4131 660 4193 intus
698 4131 1020 4214 loquatur,
1056 4150 1298 4213 suaque
1342 4131 1642 4194 unctione
1671 4128 1844 4193 doci-

1961 1962 2260 2041 sidenteS,
2286 1962 2396 2044 qui
2432 1962 2552 2025 sibi
2586 1961 2907 2045 subjectos
2937 1964 3330 2028 damnationi
3364 1984 3455 2028 se-

1958 2080 2104 2125 cum
2151 2060 2489 2125 involvunt
2522 2078 2537 2122 t
2570 2070 2631 2123 et
2673 2062 2918 2125 sodales
2962 2063 3178 2144 sponsi
3228 2082 3458 2127 vocan-

1961 2170 2084 2237 tur,
2119 2160 2222 2222 vel
2256 2159 2408 2241 quia
2436 2178 2503 2222 se
2532 2159 2863 2222 nominant
2894 2160 3030 2241 ejus
3068 2160 3363 2238 vicarioS,
3395 2170 3461 2225 et

1957 2267 2190 2321 vocant
2220 2277 2287 2321 se
2318 2257 2742 2337 Christianos3
2774 2259 2873 2321 vel
2905 2259 3060 2341 quia
3089 2260 3156 2321 in
3187 2268 3463 2343 potesta-

1961 2364 2020 2419 te
2063 2375 2175 2419 seu
2234 2356 2607 2438 praelatione
2650 2375 2793 2419 cum
2839 2376 2915 2421 eo
2957 2359 3454 2436 communicant,

1958 2463 2067 2517 aut
2114 2455 2267 2537 quia
2318 2454 2382 2517 in
2432 2463 2659 2518 natura
2715 2456 3137 2520 humanitatis
3188 2477 3331 2521 cum
3384 2478 3459 2523 eo

1959 2553 2373 2617 conveniunt.
2421 2553 2574 2633 Alii,
2622 2573 2737 2637 per
2792 2556 3041 2619 sodales
3091 2556 3461 2637 intelligunt

1958 2654 2217 2734 angelos
2262 2662 2535 2731 sanctoS‚
2578 2654 2686 2735 qui
2734 2653 3007 2735 singulis
3052 2655 3351 2736 gentibus
3395 2665 3459 2719 et

1958 2752 2525 2816 communitatibus
2568 2760 2871 2835 praesunt‚
2916 2755 3453 2835 quemadmodum

1958 2850 2024 2912 in
2055 2850 2501 2915 Ecclesiastico
2533 2850 2765 2931 legitur
2793 2850 3159 2914 :Rectorem
3198 2852 3261 2914 in
3298 2872 3452 2916 una-

1956 2967 2211 3031 quaque
2253 2950 2599 3032 praeposuit
2638 2956 2847 3029 gente.
2894 2949 3071 3012 Unde
3114 2958 3178 3013 et
3226 2950 3293 3013 in
3338 2952 3452 3014 Da-

1953 3146 2284 3208 Persarum
2344 3144 2559 3226 aliqua
2614 3144 3047 3207 continentur.
3107 3146 3223 3209 Per
3289 3165 3449 3228 quos

1953 3244 2147 3324 (sicut
2174 3242 2431 3305 divinus
2459 3243 2643 3305 docet
2674 3242 3038 3325 Dionysius)
3066 3244 3276 3327 angeli
3308 3264 3451 3307 san-

1955 3343 2040 3405 eti
2085 3342 2165 3404 de
2207 3341 2402 3404 choro
2450 3340 2927 3423 Principatuum
2980 3343 3445 3423 designantur:

1955 3441 2065 3522 qui
2117 3447 2268 3501 sunt
2310 3439 2557 3503 sodales
2606 3439 2840 3502 Christi
2884 3458 2995 3521 per
3026 3440 3247 3520 gloriae
3284 3459 3453 3504 com-

1954 3538 2323 3601 munionem
2356 3546 2418 3601 et
2448 3538 2839 3620 praelationis
2868 3538 3445 3619 participationem.

2034 3636 2326 3721 Amplius
2358 3637 2450 3699 sic
2483 3644 2692 3720 potest
2723 3636 2976 3719 exponi,
3011 3637 3183 3718 quod
3217 3655 3451 3719 sponsa

1953 3745 2246 3819 precatur
2274 3734 2398 3797 sibi
2430 3753 2466 3797 a
2496 3751 2732 3816 sponso
2760 3733 3028 3796 indicari
3068 3733 3183 3797 ubi
3228 3734 3293 3796 in
3324 3754 3451 3797 me·

1953 3834 2114 3896 ridie
2162 3833 2372 3909 cubet,
2417 3832 2502 3894 ita
2552 3832 2745 3913 quod,
2788 3832 3080 3912 quamvis
3128 3833 3290 3895 sciat
3336 3852 3450 3915 per

1953 3930 2152 3995 fidem
2183 3949 2489 4013 sponsum
2520 3931 2589 3992 in
2620 3929 2940 3994 mentibus
2970 3930 3305 3994 Beatorum
3337 3951 3447 3994 cu—

1951 4030 2126 4108 bare,
2169 4029 2371 4092 nihilo
2410 4030 2623 4091 minus
2676 4029 2833 4110 petit
2872 4028 2995 4091 sibi
3033 4030 3154 4094 hoc
3192 4030 3447 4094 clariori

1953 4128 2419 4191 illuminatione
2461 4127 2802 4190 monstrari
2840 4144 2854 4190 ε
2891 4138 3205 4209 quatenus
3247 4128 3448 4191 since.-

331 4230 431 4293 les
472 4239 538 4293 et
577 4238 856 4295 attentos
901 4230 1092 4294 faciat
1129 4249 1236 4293 eos
1271 4247 1283 4291 :
1320 4228 1402 4291 ob
1443 4230 1562 4293 hoc
1599 4229 1842 4312 appetit
1872 4232 1921 4294 D
1955 4228 2106 4289 riter
2150 4225 2639 4307 contemplando
2683 4224 2949 4305 gloriam
3002 4227 3353 4304 Beatorum,
3385 4236 3449 4290 et

333 4330 632 4393 invenire
661 4350 735 4393 ac
766 4330 930 4393 scire
959 4326 1329 4410 hujusmodi
1359 4326 1702 4390 auditores.
1720 4327 1843 4389 Un-

333 4431 420 4493 de
457 4428 795 4511 subjungit
827 4446 842 4490 :
876 4449 956 4489 ne
983 4429 1219 4505 vayari
1251 4427 1593 4501 incipiam,
1628 4425 1689 4487 id
1719 4433 1837 4503 est,

333 4547 420 4591 ne
457 4525 858 4589 infructuose
907 4526 1281 4599 discurram,
1311 4532 1456 4601 post
1488 4543 1708 4601 qreyes
1749 4544 1844 4584 so-

329 4627 596 4687 dalium
627 4634 910 4693 cuorum,
941 4624 1006 4686 id
1037 4630 1133 4686 est
1161 4622 1239 4685 ad
1270 4620 1716 4685 conventicula
1747 4641 1843 4685 re-

332 4724 710 4807 proborum,
729 4729 875 4805 post
901 4718 1344 4784 multitudines
1375 4717 1839 4782 obstinatorum

332 4830 531 4904 atque
569 4820 1011 4884 haereticorum
1047 4839 1060 4883 :
1093 4818 1204 4899 qui
1246 4825 1390 4900 post
1431 4835 1623 4879 unam
1660 4826 1721 4879 et
1751 4837 1844 4880 se-

333 4920 615 4985 cundam
657 4917 1122 4999 correptionem
1167 4916 1414 4979 vitandi
1459 4924 1630 4979 sunt.
1662 4916 1842 4979 Unde

336 5020 406 5081 in
435 5015 884 5079 Ecclesiastico
913 5016 1220 5096 scriptum
1255 5022 1352 5077 est
1387 5034 1400 5078 ε
1431 5014 1549 5076 Ubi
1585 5032 1714 5077 non
1747 5022 1843 5076 est

333 5118 618 5193 auditus,
652 5133 781 5179 non
813 5113 1110 5177 effundas
1139 5132 1520 5178 sermonem.
1563 5114 1640 5175 Et
1671 5113 1843 5176 Salo-

331 5234 486 5279 mon
522 5214 642 5277 :ln
691 5212 954 5277 auribus
998 5212 1443 5294 insipientium
1491 5231 1570 5274 ne
1617 5212 1841 5292 loqua-

330 5314 446 5391 riS‚
479 5312 636 5397 quia
661 5312 1018 5395 despicient
1043 5309 1402 5375 doctrinam
1438 5309 1677 5391 eloquii
1708 5308 1800 5372 tui
1818 5328 1835 5390 ;

591 5446 666 5501 T.
695 5447 747 5497 7.

1951 4343 2142 4407 quam
2183 4323 2692 4404 dignantissime,
2718 4323 2944 4386 intime
2981 4332 3172 4405 atque
3210 4326 3448 4388 dulcis-

1953 4424 2114 4485 sime
2162 4440 2433 4505 sponsus
2484 4421 2840 4503 requiescat
2885 4422 2948 4483 in
2999 4422 3114 4500 eiS,
3164 4424 3447 4486 consola·

1953 4522 2195 4585 tionem
2226 4519 2519 4601 accipiat,
2556 4527 2619 4582 et
2656 4520 2735 4581 ad
2773 4519 3191 4583 laborandum
3231 4520 3443 4583 infati-

1950 4618 2246 4701 gabiliter
2294 4618 2633 4693 animetur,
2682 4636 2798 4680 nec
2856 4618 3069 4681 deviet
3116 4619 3441 4700 sequendo

1951 4724 2259 4781 errantes,

2037 4813 2360 4877 Postremo
2419 4830 2533 4894 per
2588 4810 3171 4894 appropriationem
3230 4812 3441 4877 dicere

1951 4930 2310 4996 possumuS,
2371 4910 2543 4992 quod
2596 4928 2866 4992 sponsus
2915 4910 2984 4972 in
3046 4912 3271 4975 activis
3323 4912 3440 4975 ho-

1951 5009 2232 5073 minibus
2283 5010 2507 5091 pascit,
2544 5010 2610 5070 in
2660 5009 3176 5090 contemplativis
3224 5010 3437 5075 cubat.

1950 5109 2153 5172 Activi
2186 5125 2461 5188 namque
2502 5125 2627 5170 non
2669 5114 2818 5169 sunt
2860 5114 2985 5169 tam
3028 5108 3138 5171 diu
3184 5116 3441 5191 tamque

1952 5207 2321 5288 frequenter
2373 5205 2604 5267 intenti
2656 5205 2990 5269 actualiter
3046 5225 3303 5289 sponso,
3372 5216 3441 5271 ut

1950 5301 2461 5385 contemplativi3
2493 5303 2604 5366 sed
2638 5303 2827 5366 certis
2857 5302 3033 5368 horis
3069 5305 3273 5387 pascit
3301 5324 3433 5386 θος,

3122 5439 3187 5491 20

3488 904 3665 1009 &Matth-
3678 917 3747 955 vn,

3494 2872 3633 2917 Eccli.
3646 2886 3742 2922 xvii,

3484 2938 3607 3041 'gam
3620 3010 3664 3049 x,
3678 2999 3744 3047 ¹8,

681 3047 884 3130 Super
930 3066 1122 3129 quem
1173 3048 1529 3128 requiescet
1581 3048 1845 3129 spiritus
1882 3046 1925 3109 C
1959 3046 2125 3109 niele
2173 3046 2252 3108 de
2301 3045 2591 3129 principe
2638 3044 2995 3108 Graecorum
3046 3055 3111 3109 et
3160 3047 3451 3130 principe
3478 3062 3546 3105 20.
