4284 6267
840 513 959 578 440

1390 531 1744 579 ENARRATIO
1787 532 1850 578 IN
1893 532 2031 579 CAP.
2068 532 2179 578 vm
2220 531 2459 578 cAN‘rlcl
2499 530 2902 579 CANTlcomm.
2948 553 3029 563 --
3068 535 3209 581 ΛΒΤ.
3253 536 3378 580 XXV

840 702 1043 766 salute
1076 704 1181 787 pie
1212 703 1616 781 sollicitatur,
1649 712 1715 767 et
1744 722 1861 786 pro
1891 704 2326 786 proximorum
2357 703 2408 765 A
2435 722 2694 785 sponso,
2736 722 2992 767 omnem
3040 706 3484 784 adulterinam,
3527 706 3742 785 vilem,
3787 726 3924 770 car·

838 800 1103 879 laborat,
1138 811 1295 881 orat,
1332 803 1685 884 satagitque
1717 802 2029 885 profectu,
2064 812 2135 864 ut
2164 804 2328 864 Deus

566 912 807 967 metr-av,
836 899 903 961 in
938 901 1238 964 omnibus
1278 908 1342 964 et
1380 901 1460 964 ab
1495 902 1795 965 omnibus
1833 900 2322 977 honorificetur,

544 978 609 1019 ¹¹·
834 1000 1220 1081 praecipuam
1284 1000 1823 1063 illuminationem
1882 1006 2202 1079 meretur3
2251 1018 2324 1062 ac

832 1096 945 1158 tali
995 1096 1243 1160 homini
1295 1106 1595 1179 tanquam
1644 1099 1851 1162 amico
1891 1105 1956 1159 et
1994 1098 2137 1161 silio
2177 1098 2326 1160 ado-

834 1195 1013 1276 ptivo
1064 1196 1419 1273 carissimO,
1482 1198 1645 1259 Deus
1702 1197 2111 1279 omnipotens
2177 1215 2323 1257 suas

832 1293 1179 1373 gratiarum
1212 1295 1469 1357 divitias
1501 1295 1879 1378 impertitur.
1905 1295 2058 1357 Nam
2091 1302 2154 1358 et
2181 1294 2323 1356 talis

832 1392 1303 1472 quodammodo
1362 1392 1576 1456 reficit
1627 1395 1847 1469 Deum,
1900 1392 2013 1475 qui
2074 1392 2164 1454 ait
2211 1410 2324 1474 per

576 1498 640 1542 1⁸-
662 1512 800 1551 mm,
832 1490 1056 1553 Isaiam
1085 1491 1265 1555 :Haec
1295 1492 1545 1573 requies
1574 1511 1738 1570 mea,
1775 1491 2025 1556 reficite
2055 1491 2318 1553 lassum.

545 1562 612 1603 η’
823 1588 990 1652 Hinc
1032 1588 1327 1651 subditur
1360 1608 1374 1651 ε
1409 1594 1497 1652 Et
1537 1594 1699 1651 dabo
1738 1592 1858 1652 cibi
1887 1595 2199 1668 poculum
2243 1610 2324 1648 ex

555 1698 805 1769 ’‘diucon-
832 1690 985 1748 vino
1013 1691 1345 1749 conditum
1364 1690 1410 1760 *,
1456 1689 1518 1749 id
1560 1696 1675 1765 est,
1719 1689 2156 1770 operationem
2203 1686 2320 1749 tibi

538 1758 635 1803 ‘¹²‘⁰
831 1785 1275 1848 delectabilem
1307 1786 1636 1864 exercebo,
1666 1796 1727 1849 et
1759 1786 2033 1849 offeram
2068 1807 2143 1849 ex
2177 1788 2324 1850 alio-

2436 802 2644 865 nalem
2677 803 3176 866 consolationem
3217 804 3560 887 despiciat;
3601 806 3924 887 negligen-

2433 900 2585 961 tiam
2647 919 2902 963 omnem
2963 910 3026 964 et
3073 910 3390 985 torporem
3451 902 3807 979 abhorreat,
3860 913 3924 966 et

2433 1016 2647 1060 coram
2685 1000 2810 1062 Deo
2849 1000 3132 1063 ambulet
3179 1010 3562 1079 reverenter,
3607 1003 3922 1066 custodite

2432 1115 2506 1159 ac
2550 1116 2728 1179 pure.

2511 1195 2805 1258 Animam
2853 1206 3064 1259 autem
3109 1199 3320 1261 taliter
3363 1218 3430 1261 se
3464 1198 3800 1262 habentem
3851 1200 3920 1261 in

2429 1295 2607 1373 gravi
2638 1295 2758 1358 hoc
2790 1313 3076 1378 corpore,
3110 1305 3237 1359 tam
3277 1298 3613 1377 sinceram,
3647 1298 3918 1361 alacrem

2432 1412 2504 1456 ac
2537 1392 2912 1473 ferventem,
2957 1404 3084 1457 tam
3130 1395 3618 1477 infatigabiliter
3654 1395 3918 1479 profici-

2431 1499 2664 1569 entem,
2701 1493 2928 1556 merito
2970 1494 3078 1555 alii
3121 1494 3538 1573 admirantur,
3581 1496 3864 1558 dicentes
3900 1513 3915 1557 :

2433 1595 2587 1659 Quoe
2627 1602 2716 1651 est
2761 1594 2885 1654 ista
2927 1614 3070 1671 quce
3109 1596 3396 1655 aseendit
3432 1598 3511 1655 de
3557 1598 3820 1663 deserto,
3853 1594 3919 1657 id
4055 1613 4090 1668 5

2430 1698 2548 1765 est,
2582 1691 2661 1752 de
2705 1708 2971 1772 corpore
3021 1692 3142 1755 isto
3191 1693 3488 1755 mortali?
3520 1695 3604 1755 De
3654 1711 3781 1774 quo
3831 1694 3922 1755 ait

2430 1787 2768 1870 Apostolus
2807 1806 2820 1851 :
2857 1788 3000 1852 Scio
3031 1791 3203 1871 quod
3236 1809 3362 1853 non
3405 1791 3648 1854 habitat
3679 1792 3744 1853 in
3785 1810 3920 1854 cor·
3991 1821 4184 1865 mmm,

831 1904 972 1946 rum
1002 1886 1443 1961 conversione,
1477 1887 1817 1950 devotione
1848 1906 1919 1948 ac
1963 1886 2320 1949 eruditione
2358 1886 2403 1947 B
2432 1906 2585 1970 pore
2642 1906 2782 1951 meo
2842 1888 3105 1952 bonum.
3157 1889 3234 1951 Et
3284 1890 3364 1952 de
3421 1890 3740 1953 consortio
3799 1890 3920 1952 ini-
3949 1886 4012 1927 ¹⁸·

830 1983 1088 2046 salubri.
1114 1987 1200 2045 Ec
1230 1994 1513 2045 mustum
1544 1990 1867 2045 malorum
1889 1994 2322 2061 ,tyrann-torum

829 2104 1136 2154 meorum,
1159 2084 1223 2145 id
1256 2091 1372 2161 est,
1398 2084 1797 2165 spiritualem
1830 2084 2320 2147 inebriationem

829 2180 1293 2244 desideriorum
1349 2181 1737 2245 ferventium
1802 2182 1928 2244 mei
1981 2201 2053 2245 ac
2112 2182 2322 2265 proxi-

827 2298 1101 2358 morum,
1136 2280 1252 2343 tibi
1284 2300 1427 2343 cum
1467 2281 1642 2343 omni
1683 2282 2031 2361 grat-iarum
2068 2281 2320 2344 actione

830 2378 1189 2441 adscribam
1223 2396 1237 2440 ε
1274 2379 1483 2442 sciens
1513 2380 1685 2460 quod
1715 2379 1931 2442 omnia
1964 2388 2183 2442 nostra
2211 2379 2324 2443 bo-

830 2496 912 2540 na
954 2497 1028 2541 ac
1069 2478 1317 2554 merita,
1358 2485 1467 2540 tua
1509 2477 1639 2539 sint
1682 2497 1967 2540 munera.

909 2576 985 2638 Et
1024 2595 1127 2655 ne,
1159 2596 1197 2640 o
1241 2575 1514 2659 proximi
1554 2586 1617 2639 et
1647 2577 1858 2654 amici,
1893 2577 2212 2640 diffidatis
2243 2578 2320 2641 de

651 2671 686 2726 3
827 2674 1107 2755 gratiosa
1148 2674 1521 2737 adsistentia
1550 2676 1659 2737 Dei
1696 2692 1710 2737 :
1746 2694 1895 2738 nam
1938 2694 2085 2739 ecce
2123 2680 2319 2739 Loeva

828 2776 967 2853 ejus
995 2776 1112 2835 sub
1138 2778 1347 2851 capite
1385 2795 1543 2843 meo,
1574 2785 1633 2835 et
1661 2779 1929 2837 deoetera
1968 2777 2155 2835 illius
2186 2798 2320 2836 am-

819 2874 1201 2951 pleoeabitur
1230 2894 1355 2943 me,
1387 2873 1450 2935 id
1493 2881 1608 2951 est,
1646 2882 1773 2935 tam
1806 2873 2228 2937 amicabiliter
2259 2882 2321 2937 et

828 2970 1107 3052 benigne
1137 2990 1204 3035 se
1236 2971 1427 3034 habet
1456 2972 1534 3034 ad
1565 2992 1689 3049 me,
1723 2973 1891 3035 sicut
1929 2980 2202 3055 sponsus
2241 2975 2317 3035 ad

2430 2006 2702 2068 quorum
2749 1987 2970 2050 relicto
2999 2008 3034 2049 a
3069 1987 3305 2070 Spiritu
3340 1988 3589 2065 Sanct0,
3621 1989 3914 2065 discedit,

2430 2106 2778 2169 properans
2809 2087 2885 2148 ad
2916 2087 3272 2169 spiritualia
3302 2108 3376 2151 ac
3408 2108 3703 2171 superna,
3729 2108 3800 2151 ac
3832 2088 3922 2151 di-

2429 2204 2579 2248 cens
2607 2183 2874 2247 :Infelix
2905 2203 3020 2264 ego
3053 2186 3275 2250 homo!
3311 2187 3456 2267 quis
3485 2206 3588 2251 me
3619 2186 3922 2250 liberabit
3979 2205 4162 2249 mast.

2428 2285 2507 2346 de
2537 2301 2803 2364 corpore
2831 2284 3054 2346 mortis
3085 2284 3412 2365 hujus,‘de
3445 2286 3922 2368 impedimentis

2428 2381 2663 2463 quibus
2694 2400 2796 2443 me
2826 2402 2864 2444 a
2895 2382 3334 2463 spiritualibus
3374 2384 3692 2446 exercitiis
3725 2384 3928 2467 impe-

2429 2480 2544 2557 dit,
2578 2480 2656 2543 de
2701 2480 3108 2561 passionibus
3149 2482 3580 2544 sensualitatis
3611 2491 3675 2545 et
3711 2484 3929 2566 inqui-

2430 2579 2748 2641 namentis
2797 2580 3006 2642 carnis
3054 2580 3384 2643 mortalis?
3434 2584 3686 2642 Inm‘am
3731 2602 3930 2661 super

2426 2679 2736 2738 dilectum
2765 2699 2979 2749 suum,
3006 2678 3070 2740 id
3099 2687 3215 2755 est,
3242 2679 3624 2742 transitoriis
3665 2681 3922 2761 spretiS,

2431 2775 2549 2838 soli
2590 2775 2835 2838 coelesti
2881 2794 3118 2857 sponso
3158 2785 3292 2839 tota
3329 2775 3677 2841 affectione
3716 2778 3930 2841 adhae-

2429 2892 2596 2951 renS,
2653 2883 2717 2936 et
2776 2874 3034 2956 propria
3092 2873 3577 2938 defectuositate
3633 2884 3924 2957 pensata,

2430 2972 2603 3034 illius
2635 2971 2874 3035 auxilio
2910 2992 3056 3035 cum
3099 2973 3274 3035 omni
3316 2973 3678 3037 humilitate
3714 2974 3926 3038 confi-

828 3088 1129 3152 sponsam
1192 3089 1393 3147 suam,
1448 3071 1568 3133 sub
1628 3072 1814 3153 cujus
1872 3072 2081 3153 capite
2138 3072 2320 3155 ponit
2355 3072 2654 3135 Cdenter
2697 3071 3002 3134 innitens

826 3188 1005 3231 suam
1052 3169 1399 3247 sinistram,
1435 3177 1495 3232 et
1539 3189 1680 3232 cum
1728 3170 1983 3233 dextera
2026 3190 2140 3232 sua
2190 3191 2320 3233 am-

828 3267 1128 3350 plectitur
1158 3286 1321 3331 eam.
1359 3267 1551 3331 Porro
1591 3269 1760 3349 quod
1796 3268 1950 3332 facit
1979 3269 2137 3330 mihi
2167 3289 2320 3351 pau-

827 3366 1103 3448 perculae
1133 3374 1195 3429 et
1227 3366 1525 3445 indignae,
1562 3364 1753 3429 faciet
1797 3367 2070 3431 libenter
2111 3376 2174 3431 et
2213 3387 2320 3431 vo-

826 3464 927 3527 bis
984 3482 997 3526 ε
1050 3464 1393 3528 dummodo
1450 3466 1528 3527 ad
1585 3464 1706 3528 hoc
1762 3484 1875 3529 vos
1932 3466 2314 3548 disponatis,

826 3561 1122 3625 faciendo
1153 3562 1547 3643 diligentiam
1580 3571 1861 3639 vestram,
1878 3572 1941 3627 et
1971 3564 2322 3628 invocando

825 3660 1263 3738 directionem,
1311 3661 1832 3743 praeventionem,
1881 3661 2316 3726 adsistentiam

559 3771 795 3827 Effluet-vu.
826 3759 988 3842 ejus,
1023 3758 1158 3822 Non
1209 3760 1381 3822 enim
1430 3760 1600 3841 apud
1631 3760 1827 3823 Deum
1879 3769 1974 3822 est
2023 3780 2320 3844 persona-

531 3836 574 3878 ⁹·
826 3876 965 3919 rum
1018 3856 1325 3939 acceptio,
1360 3877 1477 3920 nec
1525 3857 1716 3920 alicui
1767 3859 1941 3939 quod
1990 3859 2055 3921 in
2105 3878 2174 3922 se
2223 3868 2319 3923 est

825 3954 1110 4032 facienti,
1146 3974 1213 4017 se
1262 3963 1469 4034 negat.
1513 3957 1749 4037 Itaque,
1788 3956 1972 4020 Laeva
2008 3958 2148 4037 ejus
2199 3957 2319 4020 sub

822 4054 1030 4135 capite
1076 4071 1241 4129 meo,
1286 4053 1349 4115 id
1400 4061 1517 4131 est,
1562 4061 1836 4117 mentem
1890 4073 2096 4118 meam
2147 4075 2318 4119 nunc

824 4152 929 4233 pie
958 4158 1293 4228 sustentat,
1318 4160 1652 4215 conservat
1681 4172 1754 4215 ac
1785 4153 2040 4216 roborat
2070 4174 2185 4237 per
2215 4154 2320 4217 be-

2509 3170 2644 3232 Tali
2687 3170 2916 3233 animae
2956 3170 3238 3251 loquitur
3277 3190 3548 3253 sponsus
3587 3189 3600 3233 :
3635 3176 3770 3235 Sub
3811 3194 3924 3234 ar-

2428 3271 2570 3329 bore
2601 3272 2770 3329 malo
2793 3270 3106 3329 suscitavi
3137 3278 3230 3329 te:
3250 3267 3312 3331 id
3343 3269 3540 3345 est,in
3571 3289 3680 3332 ara
3709 3270 3921 3333 crucis

2429 3376 2488 3429 te
2533 3368 2613 3429 ad
2657 3366 2850 3429 vitam
2896 3367 3115 3446 gratiae
3162 3367 3571 3447 resuscitavi3
3616 3377 3679 3430 et
3720 3388 3922 3450 quan·

2428 3473 2562 3527 tum
2597 3466 2662 3528 in
2701 3484 2803 3528 me
2845 3473 2962 3543 est,
2997 3484 3035 3526 a
3073 3484 3296 3528 somno
3330 3466 3596 3548 peccati,
3630 3466 3710 3529 ab
3739 3468 3919 3529 omni

2427 3564 2686 3645 pigritia
2729 3572 2790 3626 te
2829 3562 3076 3626 excussi
3111 3581 3124 3625 ε
3161 3564 3248 3625 ita
3295 3573 3366 3625 ut
3407 3564 3922 3629 consideratione

2425 3663 2810 3739 dilectionis,
2848 3662 3161 3745 passionis
3205 3682 3278 3725 ac
3319 3664 3540 3725 mort-is
3576 3682 3754 3741 meae,
3785 3684 3922 3727 me-

2425 3762 2548 3825 rito
2598 3761 2828 3825 debeas
2878 3760 3291 3838 inflammari,
3327 3770 3388 3824 et
3439 3770 3604 3825 tuam
3644 3763 3916 3827 salutem
3961 3787 4186 3841 ΡΛει-ρμιι,

2425 3879 2566 3923 cum
2601 3869 2797 3938 metu,
2835 3860 3061 3921 timore
3101 3866 3164 3922 et
3202 3868 3475 3923 tremore
3514 3862 3787 3943 operari,
3817 3863 3920 3943 ju·
3950 3852 4016 3892 ¹²·

2425 3958 2714 4039 giterquc
2746 3958 3000 4021 studere
3030 3966 3101 4019 ut
3129 3965 3305 4037 grata
3344 3958 3431 4020 sis
3462 3958 3644 4037 mihi,
3678 3968 3740 4022 et
3771 3979 3918 4023 mea

2425 4056 2685 4119 secteris
2716 4056 3004 4136 vestigia,
3026 4054 3464 4136 crucifigendo
3495 4056 3917 4139 spiritualiter

2427 4154 2851 4237 temetipsam,
2904 4162 2965 4217 ct
3018 4155 3142 4217 mei
3191 4155 3504 4237 exemp10,
3557 4155 3916 4220 obediendo
3983 4169 4095 4213 1⁶⁸³-
4119 4172 4151 4208 8-

824 4249 1059 4312 neficia
1099 4249 1293 4331 hujus
1338 4250 1503 4327 vitae,
1540 4269 1653 4332 per
1694 4252 1863 4315 dona
1900 4253 2119 4333 gratiae
2161 4272 2311 4331 suae,
2351 4263 2398 4324 D
2427 4272 2498 4315 ac
2548 4254 2864 4336 patienter
2914 4253 3188 4317 vivendo
3238 4272 3441 4335 usque
3489 4255 3567 4316 ad
3616 4263 3910 4317 mortem.

822 4366 937 4429 per
980 4356 1376 4410 sacramenta
1415 4348 1734 4427 Ecclesiae,
1783 4369 1895 4431 per
1938 4351 2318 4415 consolatio-

822 4464 967 4508 nem
1002 4445 1337 4523 internam,
1360 4466 1474 4529 per
1504 4446 1867 4511 futurorum
1899 4448 2212 4513 bonorum
2245 4449 2318 4512 fi-

806 4544 1101 4622 ·duciam,
1135 4564 1249 4627 per
1278 4544 1597 4608 fervorem
1628 4554 1688 4608 et
1720 4545 2134 4625 alacritatem,
2156 4568 2314 4629 quas

556 4654 791 4709 naum..
824 4642 1026 4706 habeo
1071 4643 1138 4705 in
1179 4643 1319 4726 ejus
1358 4642 1666 4725 obsequio
1702 4662 1714 4706 :
1752 4644 1840 4706 ita
1882 4647 2052 4726 quod
2090 4648 2311 4727 jugum

530 4721 595 4762 '³⁰'
822 4742 961 4824 ejus
994 4760 1188 4806 suave
1219 4748 1315 4803 est
1352 4741 1513 4803 mihi
1554 4750 1616 4805 et
1654 4760 1815 4805 onus
1856 4743 2016 4807 leve.
2049 4744 2137 4806 Ex
2176 4746 2318 4826 qui-

819 4840 938 4903 bus
981 4859 1125 4923 spes
1172 4839 1334 4901 mihi
1374 4840 1578 4903 oritur
1619 4848 1812 4917 certa,
1847 4843 2019 4922 quod
2058 4843 2318 4907 dextera

816 4938 909 5019 (id
954 4948 1050 5001 est
1093 4938 1369 5019 gloriosa
1411 4938 1750 5021 praesentia
1792 4958 1907 5001 sua
1940 4949 2000 5002 et
2036 4949 2314 5023 potestas

816 5037 1135 5119 piissima)
1162 5036 1626 5119 amplexabitur
1652 5058 1755 5101 me
1786 5038 1853 5099 in
1880 5038 2077 5116 coelis,
2095 5040 2316 5121 quoni-

813 5154 912 5197 am
948 5154 1024 5197 ex
1056 5135 1466 5216 perceptione
1496 5136 1907 5218 praesentium
1945 5157 2308 5215 munerum,

814 5242 987 5297 certa
1028 5232 1055 5294 f
1058 5233 1105 5295 it
1135 5234 1521 5315 exspectatio
1568 5234 1954 5299 futurorum.
1979 5237 2306 5314 Praeterea,

812 5330 926 5411 qui
972 5330 1059 5391 ita
1104 5329 1349 5413 appetit
1394 5332 1737 5394 sustentari
1780 5342 1840 5395 et
1886 5335 2233 5417 amplexari
2274 5355 2311 5398 a

2425 4352 2724 4431 Recogita
2765 4370 2916 4432 ergo
2959 4371 3082 4429 me,
3115 4351 3226 4433 qui
3275 4361 3450 4414 tanta
3494 4352 3725 4434 pertuli
3767 4372 3917 4435 pro-

2425 4458 2566 4533 pter
2613 4458 2707 4531 te;
2750 4469 2830 4511 ne
2869 4449 3147 4526 lasseriS,
3186 4457 3249 4512 et
3289 4469 3473 4513 curre
3515 4451 3912 4532 propositum
3975 4474 4186 4517 neuma.

2425 4548 2542 4611 tibi
2593 4556 2910 4611 certamen
2961 4567 3104 4611 cum
3155 4548 3410 4628 gaudiO,
3443 4549 3802 4631 adspiciens
3843 4549 3914 4612 in
3948 4541 4048 4588 ¹'²·

2424 4666 2526 4710 mc
2577 4656 2701 4710 tuae
2750 4646 2972 4709 salutis
3022 4655 3344 4709 auctorem
3379 4648 3538 4729 :qui
3586 4648 3914 4730 proposito

2424 4746 2582 4808 mihi
2615 4745 2871 4825 gaudie,
2905 4746 3181 4808 sustinui
3223 4764 3501 4823 crucem,
3535 4745 3916 4810 confusione

2423 4850 2786 4925 contempta
2821 4861 2834 4905 :
2869 4844 3174 4925 quoniam
3217 4853 3473 4926 propter
3517 4854 3578 4908 te
3616 4845 3913 4924 dignatus

2423 4962 2564 5004 sum
2599 4941 2747 5005 fieri
2778 4943 3192 5025 opprobrium
3227 4942 3554 5006 hominum
3587 4950 3779 5025 atque
3806 4944 3914 5006 ab-
3962 4960 4040 5003 Ρε.
4061 4960 4186 5003 ms.

2419 5041 2612 5122 jectio
2644 5041 2872 5122 plebis,
2895 5048 2956 5103 et
2986 5040 3189 5104 videri
3219 5040 3454 5103 vermis
3483 5042 3686 5121 magis
3716 5061 3910 5124 quam

2422 5139 2656 5218 h0m03
2710 5147 2773 5200 et
2820 5139 2996 5202 visus
3049 5158 3189 5200 sum
3241 5147 3540 5220 tanquam
3597 5139 3904 5222 leprosuS,
3941 5156 4184 5204 tamam.

2421 5244 2483 5298 et
2523 5236 2705 5317 quasi
2752 5256 3094 5318 percussus
3137 5256 3175 5299 a
3217 5238 3366 5312 De0‚
3405 5246 3476 5299 ut
3518 5236 3907 5303 novissimus

2422 5336 2726 5413 virorum,
2777 5344 2848 5398 ut
2899 5335 3000 5397 vir
3049 5335 3366 5399 dolorum.
3421 5336 3580 5399 Ecce
3635 5338 3908 5417 qualiter
