4284 6267
1007 526 1359 577 ENARRA'HO
1403 526 1463 571 IN
1507 524 1644 571 cAP.
1681 525 1784 571 vm
1828 524 2311 573 Pnovmlonmt.
2356 546 2437 557 -·-
2480 527 2620 571 Aur.
2656 528 2759 571 vlu

3368 512 3447 574 55

336 698 585 778 stultis,
622 700 830 776 vaniS‚
866 698 1285 781 phantasticis
1331 704 1394 759 et
1431 696 1752 776 maligniS,
1785 702 1847 757 et
1876 694 1926 756 A
1961 712 2042 755 ne
2073 695 2393 775 perdetur.
2428 695 2713 757 Vitemus
2744 696 2959 777 itaque
2990 697 3285 759 universa
3314 697 3448 759 haec

339 798 929 881 imaginationibus
959 797 1210 863 frivolis
1238 818 1312 863 ac
1343 796 1687 863 insensatis
1717 812 1844 857 non

339 898 548 975 adest,
603 916 722 961 nec
782 897 1038 979 placent
1095 897 1176 973 ei,
1227 900 1340 963 sed
1395 895 1666 979 despicit
1713 912 1842 971 ωε,

179 1028 232 1063 .ι,
273 1044 286 1055 .
341 996 892 1077 quemadmodum
923 996 1233 1079 scriptum
1265 995 1686 1078 estzSpiritus
1715 1012 1850 1055 san·

95 1298 126 1341 ll
141 1298 238 1343 cor.
253 1312 310 1347 ιιι,

175 2853 240 2907 13

135 4944 250 4999 Sapit.
267 4961 292 4999 i,
305 4950 344 4993 9.

123 5136 194 5181 «1οὸ
205 5146 348 5193 usn.

339 1098 486 1153 ctus
524 1089 890 1172 disciplinae
919 1089 1195 1172 effugiet
1225 1089 1478 1167 fictum,
1510 1097 1572 1153 et
1601 1085 1848 1151 auferet

341 1206 412 1249 se
463 1206 502 1251 a
538 1188 1039 1268 cogitationibus
1087 1209 1232 1271 quae
1282 1198 1434 1253 sunt
1481 1188 1621 1251 sine
1667 1185 1848 1249 intel·

345 1284 546 1349 lectu.
598 1286 742 1351 Ideo
798 1286 960 1350 dixit
1004 1287 1346 1371 Apostolus
1389 1308 1404 1353 ε
1449 1288 1585 1350 Non
1625 1304 1846 1347 sumus

344 1384 760 1449 sufficientes
791 1386 1070 1467 cogitare
1098 1386 1346 1468 aliquid
1375 1406 1414 1449 a
1443 1384 1648 1459 nobis,
1666 1382 1848 1467 quasi

343 1503 422 1547 ex
472 1483 662 1548 nobis
697 1484 1056 1566 :quoniam
1099 1486 1178 1549 ad
1225 1485 1634 1565 cogitandum
1682 1482 1850 1545 salu-

345 1582 549 1646 briter
585 1601 663 1646 ac
703 1582 1054 1661 meritorie,
1090 1584 1440 1665 requiritur
1472 1582 1674 1663 gratia
1711 1580 1844 1657 Dei,

347 1676 479 1742 imo
512 1688 578 1742 et
617 1679 888 1743 actualis
929 1681 1128 1744 motio
1161 1681 1439 1764 Spiritus
1485 1677 1849 1743 Sancttha-

347 1795 476 1858 que
504 1778 930 1859 cogitationes
959 1779 1246 1857 eruditae,
1267 1787 1440 1855 sunt,
1465 1797 1608 1861 quae
1635 1796 1850 1841 secun·

1973 794 2149 870 vitia,
2202 814 2281 857 ne
2328 795 2733 859 detestabiles
2786 796 2984 858 simus
3027 798 3195 877 De03
3248 796 3447 859 simus

1963 911 2220 975 quoque
2250 894 2315 955 in
2346 894 2560 959 verbis
2591 896 3126 973 constanteS,veri
3164 915 3239 959 ac
3266 894 3445 977 justi,

1963 1010 2080 1054 nec
2110 1011 2469 1074 quaeramus
2513 993 2689 1075 loqui
2731 994 3071 1076 placentia,
3094 995 3205 1057 sed
3246 994 3449 1074 magis

1961 1091 2385 1172 expedientia.

2041 1194 2261 1253 Meum
2290 1202 2379 1253 esc
2416 1193 2782 1265 consilium,
2830 1191 2895 1254 id
2940 1200 3057 1268 est,
3106 1191 3447 1255 consilium

1961 1297 2204 1352 rectum
2246 1290 2325 1351 de
2364 1308 2492 1371 quo
2531 1290 2684 1366 dixi,
2716 1290 2845 1369 Ego
2884 1289 3199 1372 sapientia
3230 1289 3449 1353 habito

1962 1387 2029 1449 in
2067 1386 2361 1463 consilio,
2396 1395 2491 1450 est
2529 1388 2764 1450 donum
2808 1406 3044 1450 meum.
3075 1388 3265 1451 Porro
3301 1407 3451 1451 con-

1963 1486 2178 1547 silium
2228 1486 2485 1568 proprie
2524 1494 2873 1567 sumptum,
2909 1504 3037 1549 non
3074 1494 3170 1549 est
3201 1487 3266 1548 in
3297 1487 3445 1563 Dec,

1962 1605 2161 1667 quum
2194 1585 2260 1647 in
2292 1603 2367 1648 eo
2406 1603 2533 1648 non
2574 1584 2659 1647 sit
2688 1584 3018 1666 inquisitio
3048 1585 3127 1647 de
3162 1584 3445 1665 agendis,

1961 1685 2072 1746 sed
2121 1692 2357 1746 aeterna
2403 1692 2469 1745 et
2518 1683 3063 1747 incommutabilis
3109 1682 3447 1745 certitudo.

1959 1782 2221 1864 Propter
2274 1782 2445 1863 quod
2503 1782 2729 1843 asserit
2788 1782 3227 1856 DamascenuS,
3280 1782 3449 1862 quod

3577 1204 3646 1260 14

346 1875 500 1938 dum
523 1895 722 1941 sacrae
744 1876 1087 1959 Scripturae
1111 1878 1460 1942 doctrinam
1484 1877 1851 1956 regulantur
1887 1881 1932 1943 Β
1960 1879 2301 1945 consilium
2335 1888 2431 1944 est
2462 1879 2811 1961 ignorantis
2843 1888 3103 1942 naturae.
3127 1878 3453 1961 Scriptura

349 1992 421 2037 ac
463 1974 859 2057 diriguntur,
891 1984 954 2039 et
983 1994 1061 2039 ex
1100 1976 1412 2059 sapientia
1452 1974 1712 2039 salutari
1751 1994 1852 2037 na-

349 2081 640 2136 scuntur.
673 2072 792 2147 Qui
825 2073 1022 2155 igitur
1049 2074 1228 2156 cupit
1255 2074 1382 2137 Deo
1415 2074 1686 2155 placere,
1720 2071 1850 2135 imo

349 2180 412 2234 et
441 2172 660 2254 ipsum
692 2190 810 2235 suo
839 2172 1018 2235 cordi
1047 2171 1324 2251 gratiose
1352 2179 1730 2254 praesentem
1751 2170 1854 2233 ha-

349 2270 516 2346 bere,
555 2279 802 2350 satagat
839 2270 1016 2334 omni
1056 2271 1312 2333 exclusa
1351 2271 1734 2352 cogitatione
1765 2270 1854 2331 in·

351 2369 516 2447 utili,
553 2369 760 2447 inani,
784 2369 1204 2451 phantastica,
1230 2368 1688 2451 perturbativa,
1714 2386 1855 2450 per-

351 2468 844 2543 versa,eruditas
871 2468 1043 2531 intra
1069 2487 1137 2532 se
1156 2468 1570 2547 cogitationes
1601 2466 1850 2537 habere,

352 2568 712 2643 revolvere,
776 2567 1126 2649 possidere,
1184 2565 1418 2647 quibus
1475 2583 1584 2628 cor
1640 2584 1850 2628 coram

353 2668 478 2731 Deo
527 2667 800 2730 honeste
845 2674 1216 2747 occupatur,
1262 2664 1528 2747 pulchre
1570 2663 1856 2746 depingi-

355 2774 478 2841 tur,
513 2764 840 2848 praecipue
871 2764 1230 2827 decoratur.

441 2866 666 2929 Timor
693 2864 965 2925 Domini
993 2864 1132 2923 odic
1171 2865 1444 2923 malum.
1479 2860 1632 2922 Nam
1670 2860 1856 2923 timor

358 2962 581 3026 filialis
611 2961 752 3025 odit
780 2968 846 3023 et
871 2959 1032 3023 vitat
1059 2958 1298 3023 malum
1329 2960 1556 3042 culpae,
1580 2977 1654 3022 eo
1685 2958 1855 3040 quod

1962 1988 2175 2043 tamen
2210 1978 2581 2061 frequenter
2612 1977 2901 2041 attribuit
2934 1978 3056 2041 Deo
3084 1978 3449 2055 consilium,

1962 2086 2279 2161 quantum
2327 2078 2405 2140 ad
2456 2077 2520 2138 id
2568 2076 2739 2157 quod
2787 2076 3199 2158 perfectionis
3240 2084 3337 2140 est
3384 2076 3449 2138 in

1963 2177 2211 2240 ratione
2253 2174 2531 2251 consilii,
2578 2174 2882 2256 quoniam
2925 2175 3143 2238 omnia
3189 2174 3453 2257 provide

1962 2276 2113 2356 agit.
2152 2274 2307 2337 Hinc
2338 2274 2641 2337 Dominus
2670 2275 2839 2355 apud
2868 2274 3089 2337 lsaiam
3119 2274 3205 2335 ait
3242 2290 3256 2335 :
3294 2272 3455 2336 Con·
3482 2298 3746 2351 1·.1tv=,¹o.

1964 2374 2181 2436 silium
2228 2392 2440 2436 meum
2486 2371 2697 2436 stabit.
2730 2373 2807 2435 Et
2838 2373 2903 2436 in
2947 2372 3192 2436 Psalmo
3230 2371 3456 2435 asseri-

1965 2482 2066 2535 tur
2087 2489 2100 2534 :
2121 2470 2471 2535 Consilium
2502 2470 2753 2534 Domini
2783 2472 2848 2534 in
2879 2480 3185 2535 aeternum
3216 2477 3451 2533 manet.
3528 2496 3748 2546 mma,

1963 2571 2041 2632 Et
2089 2569 2429 2653 Apostolus
2477 2569 2566 2631 ait
2612 2586 2627 2631 z
2676 2570 2841 2633 Deus
2888 2578 3187 2652 operatur
3242 2567 3458 2631 omnia
3488 2561 3747 2676 “hm-¹·

1965 2669 2318 2732 secundum
2368 2668 2706 2731 consilium
2764 2668 3113 2731 voluntatis
3169 2686 3321 2730 suae.
3374 2669 3555 2729 E'cu.

1962 2770 2276 2848 aequitas;
2307 2788 2445 2828 mea
2472 2777 2561 2826 εει
2580 2769 2964 2843 prudentia,
2990 2787 3125 2828 mea
3153 2775 3243 2827 est
3269 2766 3461 2843 forti-

1969 2870 2121 2927 tudo
2142 2886 2167 2927 .·
2196 2865 2260 2927 id
2290 2873 2409 2941 est,
2434 2864 2554 2927 ista
2584 2865 2801 2928 omnia
2830 2864 3017 2946 plene
3047 2873 3109 2927 et
3140 2883 3284 2928 cum
3316 2862 3461 2926 infi-

1968 2965 2102 3026 nita
2126 2963 2519 3046 perfectione
2544 2962 2896 3026 consistunt
2918 2964 2985 3023 in
3021 2981 3145 3039 me,
3181 2969 3244 3026 et
3274 2961 3460 3043 quid-

356 3060 882 3126 inhonorativum
915 3067 978 3122 et
1008 3057 1407 3123 offensivum
1449 3058 1534 3121 sit
1563 3057 1672 3121 Dei
1699 3074 1714 3119 ε
1739 3056 1858 3120 sic-
1893 3059 1937 3123 C
1968 3062 2124 3145 quid
2156 3062 2443 3127 veritatis
2472 3070 2536 3125 et
2569 3060 2983 3144 perfectionis
3025 3059 3351 3123 invenitur
3378 3059 3459 3123 de

355 3180 482 3243 que
529 3160 610 3223 ad
671 3158 1082 3239 cogitationes
1142 3156 1421 3220 eruditas
1481 3156 1750 3233 inducit,
1795 3164 1858 3218 et

355 3257 778 3339 cogitationes
807 3255 1034 3337 abjicit
1067 3255 1442 3319 insensataS.
1462 3255 1676 3318 Timor
1705 3272 1856 3317 vero

355 3356 610 3421 servilis
659 3354 797 3419 odit
841 3353 1082 3417 malum
1127 3371 1354 3437 poenae,
1386 3353 1689 3435 quoniam
1731 3369 1858 3435 poe·

357 3476 502 3519 nam
536 3453 863 3530 abhorret,
895 3471 1012 3516 nec
1041 3460 1214 3516 amat
1239 3451 1575 3533 justitiam.
1595 3451 1854 3527 idcirce,

361 3555 424 3617 in
453 3560 776 3635 quantum
804 3550 1330 3626 serviliS,dicitur
1359 3550 1859 3613 vulnerare.Ar-

357 3652 734 3731 roqoeniiavn
773 3649 1008 3724 cordis,
1041 3659 1102 3710 et
1135 3651 1508 3730 superbiam
1548 3648 1615 3709 in
1645 3647 1859 3711 verbis

359 3760 422 3813 et
473 3750 690 3825 factis,
725 3758 784 3810 et
831 3750 1008 3809 viam
1044 3768 1352 3827 pravam,
1382 3748 1446 3811 id
1491 3756 1588 3811 est
1631 3746 1857 3810 falsam

359 3848 744 3925 doctrinam,
768 3846 1086 3911 actionem
1121 3846 1429 3928 iniquam,
1450 3855 1512 3909 et
1544 3846 1860 3929 quidquid

359 3944 620 4033 publice
677 3945 840 4010 alios
900 3943 1305 4020 scandalizat,
1350 3954 1410 4005 et
1457 3965 1524 4004 οε
1571 3946 1860 4022 bilinyue

362 4053 638 4111 detestor
663 4065 686 4109 .·
721 4042 1032 4127 quoniam
1079 4061 1246 4105 verae
1295 4042 1624 4124 sapientiae
1667 4051 1860 4125 atque

359 4145 628 4229 justitiae
675 4141 1174 4207 contrariantur.
1223 4140 1464 4203 Dicitur
1519 4148 1730 4203 autem
1780 4139 1858 4204 Os

1968 3162 2069 3225 his
2123 3162 2188 3224 in
2244 3161 2573 3237 creaturis,
2624 3181 2661 3223 a
2707 3180 2809 3223 me
2857 3158 3183 3224 fontaliter
3240 3157 3454 3220 fluxit.

1967 3261 2126 3324 Hinc
2155 3260 2425 3323 habetur
2454 3260 2623 3341 apud
2654 3259 2978 3323 Danielem
3005 3257 3370 3340 :Sapientia
3396 3266 3461 3321 et
3500 3280 3753 3331 omnmo.

1971 3359 2277 3423 fortitudo
2307 3358 2445 3439 ejus
2486 3366 2655 3420 sunt.
2691 3357 2883 3421 Nemo
2920 3375 3069 3438 ergo
3108 3355 3455 3438 superbiat,

1968 3466 2078 3521 aut
2119 3456 2395 3519 inaniter
2433 3454 2775 3537 glorietur3
2806 3456 2917 3519 sed
2954 3454 3268 3537 quidquid
3306 3453 3459 3517 boni

1969 3559 2035 3620 in
2067 3574 2135 3619 se
2164 3563 2273 3617 aut
2303 3555 2369 3615 in
2413 3562 2543 3617 toto
2577 3553 2770 3617 fuerit
2798 3554 3119 3631 universo,
3150 3553 3276 3616 Deo
3314 3571 3461 3615 cum

1969 3655 2143 3719 omni
2188 3653 2551 3716 humilitate
2590 3661 2651 3715 et
2688 3652 3033 3733 gratiarum
3068 3652 3320 3715 actione
3355 3651 3463 3714 ad-

1969 3754 2229 3818 scribat.

2049 3856 2181 3915 Per
2210 3872 2331 3923 me,
2366 3850 2429 3912 id
2471 3858 2566 3913 est
2610 3869 2685 3913 ex
2728 3850 2895 3912 dono
2942 3868 3015 3912 ac
3059 3847 3459 3931 providentia
3587 3860 3655 3916 15

1971 3970 2135 4027 mea,
2160 3970 2333 4027 reyes
2360 3958 2655 4025 requam.
2690 3948 2823 4011 Non
2852 3956 2948 4009 est
2976 3948 3147 4010 enim
3180 3954 3457 4028 potestas
3486 3969 3749 4019 Romnum

1971 4049 2097 4111 nisi
2127 4068 2165 4111 a
2192 4048 2340 4123 Deo,
2374 4047 2477 4110 cui
2507 4065 2660 4109 cura
2687 4055 2783 4108 est
2810 4046 2889 4108 de
2918 4044 3237 4121 omnibuS,
3262 4044 3458 4127 potis-
3484 4067 3592 4125 8⁶1³·
3608 4070 3749 4118 mu,

1971 4148 2132 4210 sime
2174 4146 2253 4209 de
2296 4143 2686 4207 hominibus.
2720 4143 2957 4206 ldcirco
3002 4160 3079 4205 ex
3124 4143 3265 4224 ejus
3309 4162 3455 4225 pro·
3484 4166 3749 4217 trama.

363 4244 678 4323 bilingue,
732 4239 912 4322 quasi
957 4238 1204 4303 duabus
1255 4246 1442 4301 utens
1486 4237 1744 4318 linguis,
1795 4239 1858 4301 id
1889 4247 1939 4309 D
1969 4243 2255 4309 videntia
2300 4243 2614 4324 dependet
2662 4241 2943 4321 regimen
2994 4240 3275 4303 universi
3325 4257 3340 4302 ε
3394 4249 3455 4304 et

363 4353 458 4407 est
505 4340 754 4423 duplici
811 4339 1003 4402 modo
1053 4336 1356 4419 loquendi
1413 4335 1536 4399 sibi
1585 4336 1854 4400 invicem

365 4437 750 4524 repugnanti
786 4454 800 4499 :
835 4436 1141 4518 quoniam
1183 4436 1248 4498 in
1289 4434 1627 4517 praesentia
1656 4434 1860 4516 loqui-

366 4547 467 4602 tur
493 4536 732 4599 blande
761 4553 836 4597 ac
869 4533 1124 4616 placite,
1148 4534 1333 4596 aliter
1362 4552 1514 4597 vero
1543 4534 1609 4594 in
1641 4533 1862 4595 absen-

369 4638 476 4700 tia.
529 4638 662 4699 lmo
709 4633 953 4715 ubique
1001 4633 1140 4697 vult
1189 4632 1510 4714 loquendo
1557 4632 1854 4714 placere:

369 4742 629 4818 propter
681 4732 856 4815 quod
911 4733 1092 4813 juxta
1149 4731 1548 4795 audientium
1608 4728 1860 4793 libitum

371 4833 572 4896 variat
600 4830 818 4895 verba.
843 4831 978 4894 Non
1009 4830 1182 4893 enim
1213 4828 1457 4892 stabilit
1486 4849 1553 4892 se
1589 4828 1653 4890 in
1685 4847 1856 4905 vere,

375 4951 488 4997 nec
515 4930 677 5014 justi
705 4937 804 4993 est
835 4938 1041 4992 tenax.
1065 4928 1221 4992 Hinc
1263 4928 1566 4993 Dominus
1600 4928 1690 4991 ait
1718 4945 1732 4991 ε
1757 4928 1863 4991 Vi-

373 5030 577 5093 sitabo
607 5047 800 5111 super
826 5045 1082 5091 omnem
1116 5027 1228 5109 qui
1260 5036 1628 5108 arroganter
1657 5028 1864 5107 ingre-

375 5128 566 5191 ditur.
591 5127 670 5189 Et
696 5126 855 5191 alibi
885 5126 1154 5207 legitur:
1180 5125 1244 5190 Si
1275 5126 1632 5190 ascenderit
1662 5145 1864 5207 usque

375 5228 450 5291 ad
499 5225 735 5290 coelum
798 5225 1097 5308 superbia
1154 5226 1316 5307 ejuS,
1367 5232 1431 5288 et
1487 5233 1678 5306 caput
1726 5225 1865 5305 ejus

375 5324 580 5391 nubes
611 5322 913 5405 tetigerit,
943 5322 1130 5404 quasi
1175 5322 1650 5405 sterquilinium
1683 5322 1748 5385 in
1789 5321 1870 5385 fi-

1970 4344 2181 4427 palam
2228 4342 2399 4423 quod
2446 4340 2710 4405 virtuosi
2761 4338 3170 4421 praesidentes
3211 4358 3290 4402 ex
3330 4340 3456 4403 Deo

1970 4449 2235 4523 regnent
2263 4460 2336 4504 ac
2368 4440 2663 4521 praesint3
2696 4438 2909 4503 vitiosi
2940 4446 3151 4501 autem
3183 4438 3459 4519 superio-

1971 4560 2072 4603 res
2102 4540 2325 4603 saltem
2356 4538 2731 4621 permissive
2769 4543 3035 4617 regnant
3060 4554 3137 4598 ex
3165 4536 3310 4613 Deo,
3343 4538 3455 4618 qui
3509 4560 3593 4604 10⁶
3610 4573 3751 4610 xxm.

1972 4656 2237 4719 regnare
2288 4635 2441 4700 facit
2490 4635 2813 4699 hominem
2872 4634 3265 4717 hypocritam
3319 4654 3459 4717 pro·
3488 4624 3555 4665 ³⁰·

1973 4746 2111 4820 pter
2141 4743 2400 4818 peccata
2438 4733 2682 4816 populi.
2716 4732 2832 4807 Qui
2869 4743 2931 4796 et
2968 4732 3056 4796 ait
3092 4751 3105 4794 :
3140 4731 3309 4796 Dabo
3340 4733 3459 4796 tibi
3530 4754 3639 4797 om
3660 4766 3750 4804 xm,

1973 4854 2185 4915 regem
2220 4834 2283 4895 in
2320 4832 2535 4895 furore
2568 4850 2731 4905 meo,
2756 4840 2817 4894 et
2848 4831 3172 4913 principes
3203 4831 3268 4892 in
3302 4830 3461 4892 indi·
3491 4817 3556 4858 ¹¹·

1970 4932 2272 5014 gnatione
2302 4949 2463 4993 mea.
2502 4930 2661 4993 Hinc
2689 4930 2881 4993 etiam
2922 4928 2987 4990 in
3017 4929 3275 4992 Daniele
3308 4929 3460 4993 dici-

1972 5041 2078 5095 tur
2099 5049 2112 5093 ε
2132 5031 2272 5112 Ipse
2302 5028 2601 5091 transfert
2634 5044 2846 5108 regna,
2872 5036 3062 5109 atque
3092 5028 3457 5107 constituit3
3488 5048 3604 5091 nan.
3624 5060 3670 5099 ιι,
3686 5048 3755 5091 21.

1974 5138 2037 5193 et
2079 5147 2359 5204 rursum,
2390 5126 2760 5189 Dominatur
2800 5123 3099 5188 Excelsus
3146 5124 3211 5187 in
3265 5144 3461 5205 regno
3490 5145 3755 5197 nidmu.

1975 5225 2409 5301 hominum,et
2438 5222 2819 5302 cuicumque
2848 5219 3254 5298 voluerit,dat
3284 5222 3457 5285 illud.

1976 5322 2235 5399 lterum,
2268 5337 2446 5400 reges
2487 5327 2751 5399 regnant
2788 5337 2903 5401 per
2940 5317 3323 5401 Sapientiam
3370 5320 3467 5383 in·
