4284 6267
853 486 933 553 42
1597 508 1947 555 umanum
1989 506 2052 554 m
2091 507 2232 555 ω.
2262 508 2303 550 v
2342 506 2825 555 rnovnnmonun.
2870 528 2953 541 -—
2990 510 3131 556 Am.
3166 510 3206 555 v

853 696 1034 739 arum
1087 678 1350 742 istarum
1399 678 1648 761 possint
1709 687 1767 741 te
1819 677 2151 759 impedire.
2202 676 2339 753 Vel,
2374 674 2425 737 A
2455 675 2659 750 Quum
2718 679 2923 760 possis
2980 679 3119 741 sine
3169 688 3426 761 peccato
3481 700 3628 743 cum
3684 683 3942 765 propria

855 773 1086 853 Alieni,
1123 777 1186 839 id
1221 786 1314 840 est
1352 776 1648 840 infideles
1688 784 1878 857 atque
1914 775 2219 851 haeretici‚
2254 782 2343 837 te-

857 890 1004 934 cum
1062 875 1425 938 societatem
1485 894 1611 938 non
1672 874 1968 949 habeant,
2023 892 2139 936 nec
2198 892 2343 933 suas

587 980 623 1024 ¹1
646 980 827 1031 Cor-vn,
857 970 1174 1034 doctrinas
1205 973 1658 1036 commisceant
1685 972 1833 1034 tuiS.
1865 971 2014 1045 Quae
2052 971 2223 1033 enim
2255 988 2347 1033 so-

566 1045 631 1085 ¹⁴‘
856 1068 1050 1132 cietas
1083 1071 1208 1134 luci
1240 1073 1319 1134 ad
1344 1073 1682 1135 tenebras?

663 1160 730 1217 18
934 1171 1040 1231 Sit
1081 1191 1241 1231 vena
1274 1180 1413 1241 tua,
1443 1170 1507 1232 id
1548 1178 1643 1232 est
1673 1169 1989 1251 sapientia
2023 1178 2086 1231 et
2114 1168 2342 1231 doctri·

855 1287 955 1343 na,
991 1287 1066 1331 ex
1095 1288 1223 1350 qua
1252 1269 1396 1331 aliis
1428 1278 1645 1351 potum
1675 1269 1905 1331 animae
1935 1266 2337 1343 refectivum,

852 1375 914 1428 et
963 1367 1625 1448 concupiscentiarum
1677 1366 2106 1447 vitiorumque
2163 1364 2343 1427 refri-

848 1465 1200 1545 gerativum
1235 1464 1830 1539 tribuiS,benedicta
1860 1484 1896 1526 a
1927 1462 2339 1545 Domino,qui

849 1572 1027 1625 tanto
1078 1564 1226 1645 plus
1274 1582 1412 1625 eam
1461 1564 1529 1625 in
1573 1582 1639 1624 se
1687 1564 1826 1644 ipsa
1875 1571 2100 1642 augeat
2148 1570 2340 1643 atque

849 1661 1164 1744 perficiat,
1205 1670 1443 1742 quanto
1475 1660 1801 1724 liberalius
1831 1660 2341 1724 communicatur

848 1768 911 1822 et
955 1758 1121 1822 aliis.
1173 1757 1289 1832 Qui
1336 1760 1506 1822 enim
1561 1757 1922 1840 spiritualia
1972 1777 2086 1821 sua
2134 1757 2340 1820 chari-

2456 794 2649 837 uxore
2679 777 3119 853 deliciari‚cur
3147 797 3292 839 cum
3323 786 3497 842 tanto
3530 780 3812 851 facinore
3839 782 3942 845 de-

2456 873 2707 935 lectaris
2736 893 2878 937 cum
2912 876 3057 937 aliis
3088 876 3389 939 feminis?
3418 881 3703 955 Respicit
3722 882 3941 941 Domi-
4064 889 4137 943 21

2454 991 2579 1031 nus
2599 974 2776 1033 viam
2806 976 3113 1041 hominis,
3138 974 3201 1035 id
3232 983 3329 1037 est
3362 993 3551 1038 omne
3582 978 3752 1057 quod
3782 976 3935 1058 agit,

2455 1068 2591 1131 sive
2622 1068 2687 1131 in
2721 1070 2845 1145 die,
2880 1070 3015 1135 sive
3046 1072 3110 1133 in
3146 1081 3351 1149 nocte,
3382 1084 3442 1134 et
3462 1094 3674 1135 omnes
3686 1096 3940 1152 gressus

2454 1168 2641 1227 illius
2660 1171 3045 1231 considerat.
3065 1170 3208 1233 Ideo
3238 1172 3303 1233 in
3332 1172 3603 1234 Ieremia
3630 1172 3933 1236 habetur:

2454 1265 2518 1327 Si
2564 1267 2988 1330 occultabitur
3028 1269 3126 1332 vir
3169 1270 3233 1331 in
3276 1270 3687 1345 absconditis,
3720 1279 3782 1333 et
3818 1290 3937 1351 ego
3993 1296 4092 1339 Jer.
4121 1312 4232 1344 m...

2454 1381 2580 1426 non
2611 1365 2838 1428 videbo
2871 1370 3063 1428 eum‘i
3110 1367 3187 1429 Et
3225 1377 3483 1430 sanctus
3510 1369 3625 1431 Iob
3655 1369 3938 1451 loquitur
3966 1360 4032 1401 ²⁴·

2453 1462 2577 1525 Deo
2610 1483 2624 1528 z
2659 1462 3017 1527 observasti
3066 1485 3288 1529 omnes
3338 1466 3597 1529 semitas
3645 1486 3840 1543 τηρεε,
3876 1477 3937 1529 et
3964 1484 4044 1527 ,τοι
4066 1498 4151 1534 xm,
4170 1486 4231 1525 ετ.

2451 1561 2719 1641 vestigia
2752 1563 2983 1644 pedum
3016 1583 3303 1627 meorum
3338 1565 3774 1628 considerasti.
3795 1566 3937 1629 ldeo

2450 1660 2671 1722 saltem
2720 1660 2946 1723 timore
2984 1663 3281 1725 altissimi
3320 1683 3391 1727 ac
3430 1664 3937 1727 metuendissimi

2448 1758 2689 1821 Iudicis
2719 1759 2935 1822 omnia
2964 1760 3294 1837 intuentiS,
3319 1762 3512 1824 debes
3545 1781 3582 1824 a
3612 1770 3785 1826 tanto
3814 1782 3941 1826 sce·

849 1864 1049 1919 smata
1079 1856 1387 1939 proximis
1419 1857 1803 1938 impertitur,
1829 1874 2231 1937 nequaquam
2262 1874 2338 1917 ex
2375 1854 2423 1915 B
2451 1856 2581 1919 lere
2615 1858 2917 1932 revocari,
2953 1866 3015 1919 et
3045 1860 3458 1922 verecundari
3491 1861 3571 1922 de
3608 1860 3783 1922 omni
3812 1869 3941 1922 tur·

848 1955 969 2017 hoc
1008 1954 1520 2032 minorationem,
1569 1956 1678 2017 sed
1729 1955 2127 2037 spiritualem
2170 1955 2341 2016 locu-

848 2053 1258 2135 pletationem
1293 2052 1593 2132 sortitur;
1629 2052 1835 2134 fitque
1864 2053 2185 2135 particeps
2210 2071 2342 2115 om-

851 2152 1028 2213 nium
1079 2151 1392 2215 bonorum
1435 2171 1580 2233 quai
1622 2170 1697 2214 ex
1738 2171 1851 2214 sua
1899 2150 2331 2214 communica-

851 2251 1028 2314 tione
1082 2250 1252 2311 i'iunt
1309 2251 1388 2313 ab
1440 2250 1606 2311 aliis.
1659 2250 1745 2311 Et
1797 2254 2012 2312 laecare
2059 2250 2342 2330 legitime

852 2370 994 2411 cum
1029 2352 1302 2410 muliere
1331 2352 1772 2411 adolescentioe
1803 2360 1949 2421 tuce,
1975 2349 2038 2411 id
2069 2358 2166 2411 est
2197 2367 2344 2411 uxo-

663 2452 729 2507 19
839 2466 944 2522 re,
990 2466 1179 2527 quam
1221 2445 1288 2509 in
1319 2446 1746 2509 adolescentia
1783 2446 2106 2527 accepisti.
2144 2449 2344 2507 Cerva

853 2548 1214 2616 carissima,
1235 2556 1296 2607 ec
1317 2548 1733 2623 §ratissimus
1763 2547 2104 2618 hinnuluS,
2129 2544 2194 2606 id
2224 2552 2339 2619 est,

855 2642 989 2705 haec
1019 2643 1101 2705 sit
1131 2643 1245 2705 tibi
1277 2643 1508 2705 dilecta
1547 2662 1620 2705 ac
1650 2642 1841 2719 socia,
1882 2651 2181 2723 tanquam
2215 2661 2345 2705 cer-

601 2753 826 2809 Erhoe-v.
856 2761 936 2804 va
977 2742 1336 2822 gratissima
1363 2750 1427 2803 et
1467 2740 1761 2805 fecunda.
1795 2741 1872 2802 Et
1912 2741 2213 2822 quoniam
2246 2741 2346 2805 vir

563 2814 688 2927 {¹:2³3}
721 2815 826 2858 ⁶⁰²²
855 2848 1050 2921 caput
1086 2848 1182 2902 est
1220 2839 1532 2915 mulieriS,
1567 2848 1626 2903 et
1667 2858 1826 2902 uxor
1869 2839 1990 2901 sub
2033 2847 2346 2921 potestate

858 2938 1069 3000 mariti
1119 2947 1236 3015 est,
1293 2937 1376 2999 sit
1425 2938 1540 2999 tibi
1593 2956 1750 3000 uxor
1796 2946 1902 3000 tua
1955 2938 2243 3019 subjecta
2284 2945 2347 2998 et

2450 1954 2741 2038 pitudine
2772 1957 3075 2020 vitiorum
3121 1958 3187 2019 in
3228 1958 3565 2039 praesentia
3609 1976 3941 2040 supersan-

2450 2056 2719 2119 ctissimi
2781 2055 2911 2129 Dei,
2966 2074 3084 2118 nec
3140 2075 3353 2118 coram
3404 2054 3568 2119 facie
3620 2058 3759 2137 ejus
3810 2065 3937 2119 tam

2451 2154 2619 2217 foede
2652 2162 2714 2215 et
2741 2153 2957 2216 viliter
2986 2162 3047 2215 te
3076 2153 3331 2216 habere.
3366 2154 3459 2216 Ad
3490 2154 3664 2235 quod
3694 2162 3755 2216 te
3783 2174 3941 2236 quo—

2449 2271 2575 2333 que
2606 2250 2840 2313 debent
2868 2251 3169 2313 inducere
3200 2252 3368 2313 mala
3402 2272 3545 2333 quae
3572 2271 3651 2315 cx
3680 2260 3939 2334 peccato

2450 2358 2827 2431 sequuntur.
2862 2350 2949 2411 De
2988 2350 3223 2430 quibus
3254 2350 3676 2431 'subjungitur
3710 2368 3725 2412 τ

2530 2450 2923 2527 Iniquitates
2949 2469 3085 2509 suoe
3102 2451 3372 2526 capiunt
3394 2451 3694 2527 impium,
3720 2449 3783 2512 id
3816 2458 3933 2524 est,
4063 2458 4139 2511 22

2454 2545 2699 2609 faciunt
2746 2564 2889 2607 eum
2933 2544 3187 2609 diabolo
3237 2546 3585 2623 subditum,
3618 2556 3681 2609 et
3730 2546 3798 2609 in
3838 2568 3939 2611 ca-

2455 2645 2811 2727 ptivitatem
2862 2643 3189 2706 infelicem
3234 2645 3581 2723 redactum,
3636 2645 3723 2708 ita
3766 2648 3939 2728 quod

2454 2744 2664 2825 perdit
2702 2742 2921 2821 gratiae
2960 2742 3315 2805 libertatem
3349 2761 3364 2822 3
3418 2754 3479 2803 et
3506 2745 3780 2821 funibus
3800 2765 3944 2822 pec-

2452 2852 2748 2902 catorum
2776 2860 3041 2901 suorum
3070 2842 3343 2919 quisque
3370 2844 3859 2919 constr-inyitur,
3880 2843 3943 2905 id

2455 2947 2571 3013 est,
2605 2946 2885 3001 arctatur
2923 2928 3113 3019 atque
3153 2938 3400 3019 ligatur,
3438 2940 3523 3001 ita
3566 2946 3634 3001 ut
3672 2950 3947 3022 nequeat

855 3034 1268 3117 acquiescens
1317 3044 1386 3097 ut
1433 3036 1742 3098 hinnulus
1791 3054 1804 3097 :
1850 3036 1962 3117 qui
2001 3054 2205 3099 cervae
2250 3042 2347 3097 est
2382 3035 2425 3097 C
2457 3056 2523 3100 se
2553 3037 2889 3099 extendere
2918 3037 2995 3099 ad
3027 3036 3136 3099 Dei
3166 3037 3570 3117 obsequium,
3615 3056 3734 3101 nec
3773 3056 3946 3119 egre-

855 3135 1093 3217 pulluS.
1125 3136 1329 3197 Ubera
1357 3135 1500 3211 ejus
1539 3137 1860 3195 inebrient
1891 3144 1947 3194 te
1976 3136 2156 3195 omni
2196 3143 2348 3195 tem-

847 3252 1004 3311 pore
1031 3238 1413 3313 opportuno.
1439 3230 1656 3311 Magna
1686 3232 1856 3294 enim
1887 3240 1983 3294 est
2008 3232 2344 3295 delectatio

855 3332 1102 3413 copulae
1157 3331 1480 3411 conjugali
1530 3330 1828 3393 admixta.
1875 3334 1962 3392 Ει
2012 3334 2082 3391 in
2131 3350 2347 3391 amore

855 3431 995 3506 ejus
1021 3432 1330 3489 delectare
1344 3430 1627 3507 juyiter,
1659 3428 1905 3491 scilicet
1945 3447 2060 3491 suo
2105 3428 2245 3491 loco
2285 3437 2347 3490 et

857 3536 1164 3609 tempore,
1199 3527 1264 3588 in
1307 3536 1616 3608 quantum
1649 3527 1984 3590 delectatio
2012 3527 2124 3589 illa
2152 3536 2247 3589 est
2280 3526 2347 3587 li-

856 3625 1002 3699 cita,
1038 3644 1154 3687 nec
1185 3624 1419 3687 limites
1449 3624 1836 3687 matrimonii
1870 3626 2340 3687 transcendens,

856 3722 1396 3796 Quemadmodum
1435 3723 1606 3785 enim
1653 3722 1762 3785 ille
1804 3731 1980 3785 actus
2026 3724 2347 3787 matrimo-

857 3820 1047 3882 nialis
1095 3818 1239 3883 fieri
1287 3828 1494 3901 potest
1548 3821 1688 3883 sine
1735 3828 2016 3902 peccato,
2065 3822 2217 3883 dum
2268 3820 2347 3883 fit

861 3917 1176 3981 desiderio
1223 3917 1422 3999 prolis
1471 3919 1548 3979 ad
1596 3917 1705 3980 Dei
1756 3918 2136 3999 obsequium
2194 3920 2346 3981 edu-

859 4016 1097 4091 candae,
1132 4016 1231 4078 vel
1264 4015 1341 4077 ad
1372 4016 1862 4098 persolvendum
1895 4016 2181 4079 debitum
2212 4036 2345 4079 car-

861 4114 984 4191 niS,
1021 4114 1156 4178 sive
1199 4115 1277 4176 ad
1317 4114 1646 4178 vitandum
1697 4114 2176 4179 incontinentiae
2214 4135 2345 4178 ma-

2454 3135 2519 3198 di
2551 3136 2625 3197 ad
2657 3134 2984 3197 meritorie
3023 3135 3439 3216 operandum,
3477 3155 3674 3217 quum
3708 3136 3791 3198 sit
3822 3138 3949 3218 spi-

2456 3233 2770 3296 ritualiter
2798 3242 3107 3310 mortuuS,
3142 3242 3203 3295 et
3232 3233 3417 3314 quasi
3448 3233 3686 3297 diaboli
3716 3254 3942 3316 equus,

2456 3332 2713 3394 Peccata
2759 3330 2995 3394 etenim
3046 3332 3357 3394 rationem
3406 3340 3744 3409 excaecant,
3780 3333 3945 3397 vires

2455 3430 2813 3505 debilitant,
2848 3436 2909 3491 et
2939 3428 3179 3491 bonum
3210 3437 3454 3492 naturae
3482 3430 3741 3493 laedunt.
3784 3430 3943 3494 Hinc

2453 3526 2953 3609 gloriosissimus
3012 3526 3310 3608 princeps
3368 3527 3815 3609 Apostolorum
3874 3528 3940 3590 in

2456 3645 2570 3689 sua
2598 3625 2877 3688 secunda
2911 3624 2999 3686 ait
3032 3624 3383 3687 Canonica:
3408 3624 3611 3707 Iniqui
3646 3635 3795 3688 sunt
3822 3646 3943 3689 ser·
3993 3655 4027 3698 11
4045 3656 4219 3703 pam„

2457 3724 2518 3788 vi
2548 3722 3017 3805 corruptionis3
3064 3740 3101 3783 a
3138 3741 3267 3803 quo
3304 3723 3476 3785 enim
3507 3722 3651 3804 quis
3692 3743 3945 3805 supera·
3970 3722 4037 3763 ¹⁹·

2455 3831 2557 3886 tus
2597 3830 2713 3898 est,
2756 3820 2947 3901 huJus
2994 3828 3057 3883 et
3106 3838 3327 3884 servus
3364 3828 3479 3883 est.
3512 3821 3636 3884 Vas
3683 3840 3941 3903 quoque

2454 3918 2807 3995 electioniS‚
2843 3919 3111 3999 loquens
3140 3919 3223 4003 de
3250 3918 3501 4000 impiis:
3524 3918 3933 4000 Resipiscant,
4004 3943 4039 3987 ιι
4061 3944 4217 3991 rma.

2456 4018 2692 4099 inquit,
2745 4036 2782 4079 a
2832 4017 3075 4097 laqueis
3131 4015 3394 4089 diaboli,
3446 4036 3483 4078 a
3528 4035 3655 4097 quo
3702 4018 3938 4099 captivi
3968 4008 4037 4049 ²⁶·

2456 4122 2752 4178 tenentur
2788 4115 2867 4176 ad
2906 4114 3110 4195 ipsius
3139 4113 3553 4177 voluntatem.
3587 4114 3713 4177 Hoc
3744 4114 3942 4177 sensit

860 4214 989 4275 lum
1043 4213 1110 4274 in
1157 4230 1494 4293 compare3
1546 4213 1638 4276 sic
1688 4222 1750 4276 et
1795 4214 2131 4277 delectatio
2174 4216 2343 4277 actui
2374 4214 2423 4277 D
2453 4213 2785 4296 Propheta,
2820 4212 2927 4293 qui
2968 4212 3288 4294 poenitens
3329 4212 3487 4273 dixit
3522 4229 3535 4274 :
3570 4212 3941 4293 Iniquitates
3995 4238 4219 4284 pamm

858 4309 955 4373 illi
986 4328 1251 4387 annexa,
1289 4318 1496 4391 potest
1534 4330 1673 4374 esse
1712 4311 1852 4374 sine
1879 4312 2068 4393 culpa
2109 4321 2172 4374 et
2210 4313 2345 4376 lici-

858 4417 941 4483 ta,
976 4416 1166 4490 prout
1195 4426 1385 4489 super
1413 4418 1710 4490 quartum
1747 4410 2215 4472 Sententiarum
2245 4412 2348 4475 do-

859 4515 1064 4570 ctores
1094 4506 1440 4569 declarant.

940 4604 1247 4685 Loquitur
1293 4613 1504 4668 autem
1551 4604 1849 4669 Salomon
1899 4615 2025 4668 tam
2064 4614 2343 4683 extense,

863 4722 989 4766 non
1022 4712 1091 4765 ut
1120 4704 1198 4765 ad
1240 4703 1572 4767 libidinem
1604 4705 2168 4786 carnalitatemque
2208 4724 2349 4787 pro-

865 4809 1066 4879 vocet,
1093 4802 1201 4863 sed
1241 4810 1312 4863 ut
1354 4802 1621 4884 pusillos
1663 4804 1739 4865 ad
1781 4803 1936 4865 vitia
1981 4822 2237 4886 pronOS‚
2270 4803 2349 4865 ab

863 4900 1039 4963 omni
1081 4899 1427 4963 concubitu
1475 4900 1833 4963 adulterino
1875 4910 1936 4964 et
1987 4902 2212 4965 illicito
2256 4920 2351 4965 rc—

667 5008 740 5064 20
865 5006 1068 5061 vocet.
1093 4996 1236 5059 ldeo
1266 4996 1560 5059 subditur
1593 5013 1608 5059 ε
1645 5002 1856 5067 Quare
1883 5001 2225 5068 seduceris,
2246 5002 2352 5077 fili

866 5098 982 5164 mi,
1023 5095 1086 5158 id
1128 5103 1244 5169 est,
1289 5095 1506 5158 seduci
1555 5103 1617 5159 te
1665 5096 1845 5171 siniS,
1879 5096 1980 5160 vel
2029 5104 2091 5159 te
2139 5096 2350 5178 ipsum

867 5192 1140 5269 seduciS,
1173 5196 1252 5253 ab
1290 5194 1510 5254 aliena
1549 5211 1746 5257 uxore-
1773 5201 1883 5256 aut
1921 5191 2348 5271 fornicatrice,

864 5300 924 5352 et
960 5292 1199 5368 foveris
1237 5292 1310 5351 in
1348 5293 1503 5353 sinu
1541 5293 1862 5353 alterius?
1897 5291 2081 5373 quasi
2125 5292 2297 5355 dicat
2332 5309 2346 5353 ε

2454 4330 2613 4374 meae
2668 4328 3093 4392 supergressae
3142 4318 3290 4371 sunt
3346 4317 3537 4391 caput
3590 4329 3826 4385 meum,
3879 4318 3941 4374 et
3968 4303 4010 4343 ⁵·

2454 4410 2620 4472 sicut
2659 4428 2819 4471 onus
2857 4426 3049 4488 grave
3095 4416 3367 4488 gravatae
3410 4417 3559 4470 sunt
3596 4426 3787 4489 super
3814 4428 3937 4471 me.

2455 4507 2616 4569 Hinc
2665 4506 2734 4569 in
2782 4506 2939 4568 isaia
2985 4506 3290 4568 asseritur
3334 4506 3489 4569 :Vae
3532 4506 3642 4587 qui
3692 4506 3942 4569 trahitis
3994 4526 4198 4574 ιιωε.

2458 4605 2858 4686 iniquitatem
2894 4604 2957 4666 in
2991 4602 3298 4666 funiculis
3328 4604 3732 4678 vanitatis‚et
3759 4605 3941 4686 quasi

2454 4703 2784 4767 vinculum
2825 4700 3088 4783 plaustri
3119 4710 3473 4783 peccatum.

2554 4804 2699 4878 Ipse
2746 4799 3010 4880 iniquus
3070 4801 3383 4860 morietur
3436 4806 3641 4861 morte
3698 4807 3944 4862 aeternae
4066 4811 4133 4866 23

2456 4898 3075 4979 damnationiS‚quia
3102 4918 3233 4957 non
3262 4899 3489 4957 habuit
3508 4899 3945 4974 disciplinam,

2459 4998 2524 5059 id
2554 5005 2650 5059 est
2678 5016 2927 5060 morum
2950 4994 3426 5069 modestiam‚et
3446 5014 3577 5057 suae
3604 5003 3946 5073 transgres-

2460 5096 2658 5159 sionis
2698 5094 3199 5175 castigationem,
3224 5110 3430 5173 neque
3478 5092 3798 5155 salubrem
3838 5092 3949 5155 do-

2459 5191 2729 5256 ctrinam
2790 5211 2903 5274 per
2960 5191 3171 5273 operis
3228 5190 3695 5253 exsecutionem
3750 5207 3765 5251 :
3816 5190 3947 5253 imo

2461 5288 2697 5373 abjecit
2743 5289 2876 5353 haec
2914 5289 3151 5367 omnia,
3194 5288 3381 5369 juxta
3424 5287 3607 5366 illud,
3659 5286 3750 5349 Tu
3796 5305 3949 5352 vero
3976 5305 4217 5357 pamfli.
