4284 6267
1023 489 1377 537 ENARRATIO
1419 490 1483 539 IN
1525 490 1663 538 CAP.
1710 487 1793 532 XV
1833 486 1995 534 LIBRI
2038 488 2397 536 SAPmNTIAE.
2444 510 2524 520 —-
2564 492 2706 539 ART-
2753 494 2837 541 XV

3354 484 3468 545 541

366 676 664 741 gregare.
718 660 1168 723 Verumtamen
1217 660 1334 723 hos
1390 678 1636 722 errores
1682 659 1871 721 etiam
1901 659 1952 721 A
1981 662 2089 720 des
2132 681 2355 722 eorum
2395 664 2605 740 piyri,
2656 664 2720 726 id
2781 673 2876 727 est
2937 665 3342 747 impotenteS,
3385 673 3475 731 ad

370 759 729 823 nobiliores
763 759 1145 842 philosophi,
1161 759 1357 836 Plato,
1373 758 1756 831 Aristoteles
1774 757 1875 821 So-

369 865 605 933 crateS,
631 856 1135 939 reprobaverunt
1155 874 1169 918 :
1193 857 1490 919 docentes
1521 856 1868 933 hominem,

368 964 689 1037 quantum
721 956 801 1017 ad
830 956 1162 1019 meliorem
1202 954 1300 1017 sui
1337 964 1605 1036 partem,
1639 954 1873 1017 habere

370 1054 894 1117 convenientiam
947 1055 1311 1135 quamdam,
1354 1052 1871 1116 communionem

369 1161 569 1234 atque
602 1153 993 1216 consortium
1025 1172 1171 1215 cum
1198 1151 1875 1227 intellectualibuS‚im-

372 1251 782 1328 mortalibuS,
815 1251 1338 1332 incorporeisque
1368 1249 1778 1328 substantiis3
1810 1257 1874 1311 et

371 1348 727 1412 virtutibus
767 1350 999 1413 debere
1037 1368 1282 1425 vacare,
1328 1348 1663 1429 justitiam,
1708 1347 1875 1430 sapi-

374 1448 751 1529 entiamque
781 1447 1104 1530 amplecti,
1126 1456 1187 1509 et
1214 1465 1325 1528 per
1349 1446 1463 1508 has
1492 1446 1572 1507 ad
1604 1445 1874 1508 beatitu-

370 1546 595 1609 dinem
626 1546 953 1628 proficisci
993 1564 1005 1606 :
1041 1553 1230 1627 prout
1258 1544 1432 1607 Plato
1466 1544 1533 1606 in
1562 1543 1872 1607 Phaedone

372 1653 438 1707 et
481 1644 745 1707 Menone
798 1662 870 1706 ac
914 1643 1150 1705 Timaeo
1190 1642 1531 1722 disseruit3
1572 1641 1873 1704 Aristote-

372 1742 467 1804 les
500 1760 759 1823 quoque
798 1741 1046 1805 decimo
1086 1739 1295 1820 tetigit
1328 1740 1718 1815 Ethicorum,
1751 1739 1875 1801 dis-

1981 761 2476 822 ambulandum.
2513 766 2715 823 Homo
2763 768 2938 825 enim
2985 766 3138 843 fecit
3185 768 3331 827 illos
3351 792 3378 839 ,·
3413 778 3473 829 et

1982 859 2099 935 qui
2138 860 2452 935 spiritum
2503 869 2839 922 mutuatus
2879 872 2993 933 est,
3041 862 3288 927 seilicet
3335 866 3472 948 ipse

1982 953 2210 1016 artifex
2266 956 2459 1019 homo
2513 975 2526 1019 :
2586 959 2698 1040 qui
2757 960 3036 1023 animam
3095 962 3278 1043 quasi
3337 983 3476 1025 mu-

1983 1060 2091 1115 tuo
2138 1054 2385 1135 accepit
2421 1075 2460 1118 a
2497 1056 2644 1133 Dec,
2692 1065 2763 1118 ut
2811 1078 2952 1121 eam
2991 1060 3337 1124 virtutibus
3386 1061 3477 1125 di-

1983 1152 2093 1227 tet,
2129 1159 2195 1213 et
2243 1151 2446 1233 ipsam
2493 1154 2584 1217 sic
2623 1165 2988 1218 exornatam
3031 1177 3145 1221 suo
3185 1160 3476 1221 restituat

1982 1247 2298 1330 Creatori3
2336 1254 2391 1312 is
2432 1256 2636 1329 fin-vit
2680 1256 2850 1325 illos,
2893 1255 2956 1317 id
2999 1265 3109 1331 est,
3154 1256 3323 1320 idola
3366 1258 3475 1320 illa

1986 1344 2282 1411 formavit
2332 1367 2345 1411 :
2395 1350 2633 1413 idcirco
2685 1370 2814 1414 non
2870 1354 3118 1430 vivunt,
3170 1374 3288 1419 nec
3335 1375 3478 1419 sen-

1985 1445 2151 1507 tiunt
2191 1466 2206 1515 ς
2259 1466 2376 1510 nec
2427 1468 2650 1511 sensus
2697 1470 2814 1513 nec
2863 1454 3148 1515 membra
3198 1455 3492 1518 humana

1982 1544 2375 1608 conveniunt
2424 1548 2515 1609 eis
2556 1548 2850 1627 univoce,
2893 1553 3002 1614 sed
3047 1553 3478 1635 metaphorice

1982 1643 2218 1723 potiuS.

2065 1743 2265 1803 Nemo
2311 1745 2486 1806 enim
2527 1746 2655 1805 sibi
2691 1748 2972 1807 similem
3011 1751 3194 1810 homo
3236 1754 3478 1827 poterit

372 1850 609 1925 putans
668 1849 887 1904 contra
934 1848 1187 1922 poetam
1240 1839 1653 1916 Simonidem,
1705 1857 1876 1901 asse-
1910 1844 1956 1904 B
1984 1841 2176 1899 deum
2211 1844 2480 1917 finyere,
2511 1840 2574 1903 id
2615 1850 2732 1918 est,
2775 1843 2988 1907 nullus
3032 1846 3222 1910 homo
3267 1855 3476 1929 potest

375 1949 624 2003 rentem
682 1939 857 2021 quod
916 1939 1129 2015 homo,
1180 1957 1379 2019 quum
1430 1938 1512 2000 sit
1561 1936 1869 2012 mortaliS,

374 2038 672 2101 mortalia
716 2056 939 2120 sapere
980 2056 1055 2099 ac
1097 2055 1381 2117 quaerere
1424 2035 1669 2099 debeat.

172 2144 239 2199 13
456 2139 589 2200 Hic
617 2140 820 2206 enim,
860 2144 1081 2217 utpote
1120 2133 1363 2217 figulus
1405 2133 1692 2209 idolifex‚
1729 2135 1869 2207 scit,

373 2236 438 2298 id
469 2244 582 2313 est,
604 2234 832 2298 merito
863 2234 1025 2297 scire
1055 2233 1255 2307 debet,
1276 2242 1339 2296 et
1369 2232 1637 2296 faciliter
1668 2241 1875 2315 potest

1984 1933 2264 1997 formare
2292 1936 2480 1999 deum
2511 1938 2786 2002 similem
2818 1940 2964 2019 sibi,
2999 1942 3258 2006 vitalem
3285 1953 3349 2008 et
3378 1945 3475 2006 in-

1986 2032 2431 2113 tellectualem,
2465 2037 2817 2117 praesertim
2860 2058 3058 2120 quum
3105 2042 3184 2104 de
3228 2041 3473 2107 ratione

1983 2131 2085 2193 dei
2116 2132 2222 2209 sit,
2255 2151 2394 2197 esse
2424 2134 2578 2215 quid
2608 2136 2798 2198 altius
2831 2137 3110 2202 homine.
3143 2143 3362 2211 ,Quum
3387 2144 3475 2203 sit

1980 2232 2158 2293 enim
2211 2234 2498 2293 mortalis
2548 2233 2686 2316 ipse
2733 2235 2923 2300 homo
2971 2237 3256 2318 idolisex,
3309 2262 3476 2302 mor-

372 2334 793 2417 perpendere‚
827 2354 891 2393 se
917 2353 1111 2411 super
1137 2352 1352 2393 omnes
1378 2334 1775 2411 delinquere,
1808 2331 1872 2393 id
1985 2339 2189 2403 tuum,
2222 2330 2284 2393 id
2335 2340 2433 2394 est
2478 2351 2607 2395 non
2657 2332 3002 2413 viventem,
3035 2341 3231 2415 finyit
3261 2343 3475 2401 mani-

371 2442 491 2511 est,
526 2451 659 2515 prae
700 2431 951 2494 cunctis
992 2428 1362 2493 hominibus
1402 2430 1872 2510 quodammodo
1983 2432 2098 2489 bus
2128 2432 2402 2510 iniquis,
2436 2431 2499 2494 id
2544 2442 2640 2495 est
2681 2452 2798 2515 per
2825 2454 3050 2498 manus
3091 2455 3234 2499 suas
3276 2439 3473 2502 scele-

369 2531 631 2612 gravius
664 2548 951 2612 peccare,
972 2532 1090 2610 qui
1117 2550 1198 2589 eoe
1230 2538 1413 2589 terrae
1446 2531 1741 2601 materia,
1767 2547 1874 2609 pu-

373 2638 439 2693 ta
470 2649 549 2692 ex
580 2630 737 2707 luto,
756 2629 1038 2707 frayilia
1061 2648 1215 2688 vasa
1233 2636 1292 2687 et
1310 2629 1663 2704 sculptilia,
1682 2626 1746 2689 id
1778 2636 1873 2690 est
1984 2634 2262 2704 peccato.
2298 2630 2532 2689 Melior
2557 2639 2648 2690 est
2678 2633 2855 2691 enim
2893 2634 3028 2709 ipse
3063 2636 3165 2694 his
3194 2655 3349 2713 quos
3376 2656 3474 2696 co-

369 2728 565 2805 idola,
598 2729 993 2807 finyit.·quae
1024 2726 1214 2800 idola,
1250 2744 1448 2807 quum
1479 2726 1719 2788 fuerint
1748 2724 1872 2789 sor-

370 2835 566 2904 mata,
600 2834 911 2889 ornantur
952 2843 1025 2886 ac
1068 2823 1556 2905 complanantur
1594 2824 1865 2905 quadam

369 2925 722 3008 sculptura.

1981 2725 2085 2793 cit,
2116 2724 2182 2786 id
2225 2733 2321 2787 est
2363 2724 2545 2788 salsis
2589 2727 2713 2789 diis
2753 2747 2865 2791 seu
2897 2729 3087 2793 idolis
3111 2749 3128 2810 3
3169 2735 3328 2811 quia
3371 2736 3471 2811 ip-

1978 2840 2043 2880 se
2078 2826 2340 2901 quidem
2373 2826 2564 2896 vioeit,
2599 2846 2800 2905 quum
2847 2838 3000 2890 esset
3045 2833 3360 2903 mortalia,
3402 2834 3478 2892 il-

1983 2921 2035 2979 li
2063 2931 2301 2990 autem,
2333 2922 2579 2985 scilicet
2616 2922 2810 3003 idola,
2845 2946 3207 3005 nunquam.
3242 2929 3473 2993 Vivum

171 3034 239 3089 14
452 3030 685 3088 Omnes
710 3024 889 3083 enim
918 3022 1297 3098 insipientes
1323 3031 1383 3082 et
1412 3022 1727 3098 infelices,
1750 3022 1871 3084 sci·
1905 3023 1948 3086 C
1978 3026 2191 3082 autem
2232 3029 2296 3083 et
2334 3020 2787 3099 intellectuale,
2826 3032 2921 3085 est
2958 3025 3188 3087 melius
3219 3028 3474 3091 entibus

368 3122 521 3186 licet
548 3120 924 3197 idololatras,
948 3126 1011 3181 et
1040 3118 1235 3182 ceteri
1269 3118 1487 3182 vitiosi
1514 3136 1527 3181 :
1553 3119 1665 3199 qui
1698 3139 1868 3184 nunc

366 3220 587 3283 miseri
622 3228 792 3296 sunt,
828 3217 1087 3281 miseria
1116 3217 1319 3299 culpae
1350 3217 1429 3279 ad
1460 3226 1711 3280 aeternae
1739 3237 1869 3301 poe-

368 3338 469 3382 nae
508 3317 835 3382 miseriam
879 3315 1323 3397 pertrahente3
1364 3336 1563 3393 supra
1604 3321 1867 3378 modum

366 3419 611 3479 animae
636 3437 771 3477 suoe
797 3415 1081 3493 superbi,
1106 3412 1170 3475 id
1202 3421 1318 3489 est,
1340 3414 1507 3475 ultra
1541 3416 1865 3497 propriam

367 3514 805 3578 conditionem
834 3520 899 3575 et
926 3519 1306 3594 potestatem
1338 3531 1405 3574 se
1439 3513 1811 3576 extollentes
1847 3530 1861 3575 :

367 3613 535 3676 sicut
574 3614 641 3675 in
685 3611 842 3675 Isaia
885 3619 949 3674 et
988 3610 1259 3673 Jeremia
1303 3609 1505 3673 fertur
1546 3612 1624 3673 de
1662 3612 1860 3688 Moab,

104 3729 167 3773 ιι.
186 3744 275 3781 m,
293 3732 335 3783 ος
367 3710 696 3794 Superbus
728 3719 823 3773 est
852 3708 1058 3785 valde,
1083 3708 1385 3790 superbia
1413 3717 1477 3770 et
1505 3710 1865 3790 arrogantia

68 3792 335 3898 ,fssgmn’
366 3810 509 3892 ejus
540 3807 688 3890 plus
719 3826 912 3889 quam
944 3805 1252 3869 fortitudo
1286 3806 1487 3888 ipsius
1512 3824 1529 3885 3
1559 3818 1711 3867 sunt
1740 3810 1866 3869 ini·

122 3890 133 3907 ’
212 3888 223 3899 ’
370 3910 529 3970 mici
544 3908 783 3985 populi
814 3908 934 3967 tui.
969 3904 1149 3967 Tales
1181 3904 1357 3967 enim
1390 3914 1864 3986 persequuntur

366 4026 440 4069 ac
480 4004 707 4069 odiunt
746 4005 975 4085 justOS,
1010 4010 1072 4065 et
1110 4020 1277 4085 saepe
1322 4003 1733 4065 dominantur
1769 4005 1863 4067 eis

366 4123 484 4187 per
532 4105 766 4165 fastum
812 4110 1005 4182 atque
1053 4100 1453 4181 tyrannidem
1492 4118 1505 4163 :
1549 4102 1701 4183 quia
1750 4122 1863 4185 per

1979 3137 2120 3199 quae
2151 3137 2280 3182 non
2310 3119 2559 3183 vivunt.
2580 3119 2700 3183 Sed
2729 3122 2986 3186 obviare
3017 3123 3283 3203 videtur,
3304 3128 3474 3208 quod

1979 3218 2139 3280 dixit
2167 3218 2297 3298 jam
2321 3219 2512 3301 paulo
2540 3228 2689 3283 ante
2709 3220 2900 3284 :Luto
2925 3221 3128 3295 vilior,
3148 3223 3281 3288 vita
3307 3226 3469 3306 ejus,

1977 3316 2054 3378 Et
2086 3317 2622 3398 respondendum,
2655 3319 2826 3399 quod
2857 3319 3140 3384 bonitate
3167 3341 3240 3385 ac
3267 3324 3475 3403 digni-

1979 3423 2105 3479 tate
2155 3423 2397 3479 naturae
2446 3415 2788 3497 specificae,
2825 3418 3052 3483 melior
3097 3430 3193 3485 est
3241 3422 3472 3486 artifex

1977 3513 2187 3591 idolis,
2225 3515 2333 3578 sed
2383 3515 2669 3578 moribus
2708 3517 2892 3597 pejor
2935 3537 3009 3581 ac
3059 3519 3234 3582 vitiis
3279 3521 3469 3586 vilior

1976 3620 2073 3674 est
2114 3631 2306 3693 quam
2353 3612 2484 3674 illa.

2055 3714 2186 3774 Sed
2213 3722 2274 3773 et
2309 3713 2634 3772 animalia
2677 3711 3068 3778 irrationalia
3113 3718 3466 3780 miserrimi

1975 3808 2326 3872 idololatrae
2363 3813 2602 3869 colunt.
2638 3808 2754 3882 Qui
2797 3812 3025 3875 merito
3063 3815 3464 3896 appellantur

1972 3906 2329 3981 Miserrimi,
2363 3906 2666 3987 quoniam
2698 3909 2916 3972 colunt
2954 3930 3028 3973 ea
3065 3913 3297 3994 quibus
3340 3915 3463 3998 ipsi

1974 4015 2123 4068 sunt
2154 4006 2479 4086 digniores
2513 4026 2528 4069 ε
2564 4005 2802 4069 idcirco
2835 4009 2944 4071 tali
2990 4010 3164 4073 cultu
3211 4032 3338 4077 non
3370 4034 3468 4078 sa-

1976 4101 2196 4180 lutem,
2249 4104 2357 4166 sed
2415 4102 2840 4167 calamitatem
2897 4118 3280 4173 mercantur.
3339 4112 3466 4177 Hoc

368 4202 527 4265 tales
566 4202 729 4264 Deus
780 4207 1048 4273 exercet,
1094 4199 1342 4282 probat,
1390 4209 1640 4282 purgat,
1688 4220 1864 4265 θοι-ο·
1897 4206 1946 4266 D
1974 4203 2270 4283 estquod
2303 4201 2596 4264 subditur
2633 4220 2646 4263 :
2679 4206 3017 4268 Insensata
3061 4212 3260 4283 enim,
3293 4212 3467 4276 vide-

86 4325 337 4375 sseccmm,
369 4310 482 4363 nat
524 4318 673 4363 suos
724 4298 979 4373 electOS‚
1015 4297 1183 4359 sicut
1228 4297 1317 4359 ait
1354 4297 1676 4379 Scriptura
1708 4316 1722 4360 ε
1756 4299 1865 4362 Pa-

67 4390 131 4431 ²³·
368 4419 522 4463 seua
562 4398 836 4461 divitum
879 4414 1212 4478 pauperes,
1256 4395 1416 4458 Hinc
1454 4396 1770 4474 subditur,
1803 4408 1864 4460 et

66 4524 335 4577 Hebae-„na
367 4502 759 4577 imperantes
790 4497 899 4556 illi
928 4516 951 4555 .·
979 4494 1159 4575 juxta
1202 4493 1383 4569 illud,
1427 4494 1663 4575 Impius
1705 4514 1865 4577 prae-

165 4621 235 4677 15
368 4597 538 4663 valet
593 4596 897 4658 adversus
944 4594 1210 4674 justum.
1270 4595 1591 4662 Quoniam
1638 4597 1860 4655 omnia

366 4698 548 4757 idola
602 4696 949 4754 nationum
999 4695 1143 4752 deos
1189 4693 1674 4753 (estimaverunt
1723 4714 1745 4752 .·
1793 4692 1859 4755 in

366 4812 496 4876 quo
526 4800 698 4875 patet
727 4809 944 4855 eorum
979 4790 1381 4873 insipientia3
1412 4792 1646 4870 quibus
1674 4791 1862 4855 idolis

364 4913 483 4953 nec
528 4896 863 4951 oculorum
910 4892 1085 4950 visus
1132 4899 1247 4959 est,
1292 4910 1495 4969 neque
1543 4910 1731 4951 nares
1776 4894 1865 4952 ad

357 4992 857 5069 percipiendum
903 4991 1238 5067 spiritum,
1292 4986 1354 5049 id
1403 4995 1499 5050 est
1547 4989 1624 5051 ad
1673 4998 1865 5052 attra-

367 5089 651 5151 hendum
706 5104 943 5165 aerem,
977 5085 1076 5149 vel
1128 5086 1208 5148 ad
1262 5084 1669 5149 sentiendum
1714 5087 1865 5151 odo-

369 5187 459 5249 ris
488 5203 831 5268 vaporem3
866 5206 1068 5265 neque
1096 5188 1285 5245 aures
1315 5188 1403 5245 ad
1431 5187 1860 5258 audiendum,

370 5304 575 5365 neque
621 5286 823 5361 digiti
866 5287 955 5345 ad
1006 5286 1462 5355 tractandum5
1506 5286 1616 5343 sed
1662 5294 1723 5345 et
1760 5304 1865 5363 pe-

1975 4301 2123 4363 licet
2161 4300 2465 4362 animalia
2503 4300 2915 4379 irrationalia,
2949 4319 3320 4383 comparata
3364 4315 3466 4373 his

1973 4398 2346 4468 idololatris,
2375 4401 2529 4470 illis,
2561 4398 2625 4461 id
2655 4406 2752 4462 est
2779 4400 3059 4482 praefatis
3089 4404 3460 4485 idololatri5‚

1971 4498 2291 4558 deteriora
2321 4506 2495 4568 sunt,
2538 4496 2604 4559 id
2632 4506 2728 4559 est
2756 4498 2985 4562 viliora
3033 4501 3098 4563 in
3145 4512 3369 4568 natura
3397 4516 3461 4569 et

1973 4596 2208 4679 specie.
2243 4598 2374 4657 Sed
2413 4616 2528 4656 nec
2569 4599 2898 4675 adspectu,
2930 4602 3199 4680 aliquod
3237 4624 3317 4663 ex
3358 4607 3460 4666 his

1973 4695 2397 4763 animalibus,
2437 4694 2502 4757 id
2533 4702 2630 4757 est
2657 4695 2908 4758 nullum
2944 4697 3169 4762 horum
3213 4700 3461 4766 irratio·

1972 4792 2214 4855 nalium
2246 4793 2635 4868 animalium,
2655 4812 2770 4858 suo
2799 4795 3100 4878 adspectu
3130 4799 3457 4879 sensitivo‚

1972 4894 2135 4953 bona
2156 4901 2361 4968 potest
2389 4892 2772 4967 conspicere,
2794 4892 2856 4954 id
2889 4902 3005 4969 est,
3039 4913 3114 4957 ea
3140 4913 3280 4976 quae
3315 4917 3464 4961 vere

1974 4988 2140 5052 bona
2190 4996 2339 5049 sunt
2393 5007 2468 5050 ac
2517 4989 2820 5053 salutaria
2867 4992 3036 5055 valet
3076 4993 3459 5073 discernere,

1971 5105 2172 5167 quum
2203 5094 2409 5148 careat
2444 5086 2708 5150 ratione.
2742 5087 2980 5151 ldcirco
3017 5109 3132 5153 nec
3173 5094 3464 5175 proprios

1973 5184 2181 5247 noscit
2221 5183 2497 5247 cultores
2545 5202 2560 5246 ε
2613 5185 2754 5249 ideo
2803 5186 3069 5250 stultum
3115 5200 3212 5251 est
3258 5190 3467 5254 colere

1972 5281 2156 5345 illud.
2189 5280 2305 5344 Vel
2347 5300 2571 5345 sensus
2613 5293 2730 5360 est,
2763 5286 2935 5367 quod
2980 5286 3170 5351 homo
3203 5306 3318 5351 suo
3357 5290 3467 5352 ad-

3602 776 3670 831 16

3603 2164 3670 2219 17

1982 2534 2171 2603 ratas,
2204 2547 2360 2609 quas
2390 2530 2649 2593 exhibet
2685 2550 2860 2594 arma
2899 2533 3258 2615 iniquitatis
3298 2543 3474 2601 tanto
3499 2564 3762 2615 amma.

3594 3739 3661 3795 18

3589 4619 3656 4675 19
