4284 6267
904 512 1257 561 ENARRATIO
1297 511 1360 557 m
1401 510 1540 557 CAP.
1578 510 1686 557 vm
1727 507 1966 556 omnm
2008 508 2411 557 cmmonmt.
2459 528 2540 539 ·-
2579 510 2720 556 ΛΒΤ.
2767 510 2914 557 xxvl

3331 488 3452 552 445

344 682 675 747 ficationis
722 683 1027 767 impletiS‚
1062 683 1243 747 duxit
1271 682 1503 745 Filium
1538 700 1725 745 suum
1764 680 1845 743 ad
1877 680 1927 743 A
1957 690 2203 745 scentes
2239 698 2252 742 :
2286 700 2432 764 quaa
2467 689 2618 743 tunc
2658 679 3030 762 plenissime
3059 676 3458 742 innitebatur

344 780 687 863 templum,
720 781 896 864 quod
939 779 1064 843 fuit
1102 780 1331 844 domus
1362 780 1742 862 Synagogae3
1786 785 1847 841 et

342 878 475 940 fuit
506 880 573 941 in
606 899 681 943 eo
721 880 906 961 quasi
946 879 1318 943 cubiculum
1352 879 1515 962 ejuS‚
1550 878 1847 943 videlicet

342 975 653 1041 Sanctum
692 987 1078 1041 sanctorum.
1113 978 1298 1041 Laetis
1340 996 1594 1059 quoque
1644 976 1847 1039 oculis

340 1076 611 1138 deduxit
642 1094 789 1139 eum
822 1077 889 1139 in
920 1075 1075 1139 hora
1116 1074 1509 1139 ascensionis
1551 1076 1631 1137 ad
1660 1074 1849 1138 coele-

342 1184 511 1236 stem
542 1176 893 1237 Jerusalem
925 1183 1193 1237 matrem
1224 1194 1427 1251 suam,
1464 1182 1527 1237 et
1566 1174 1644 1236 ad
1678 1173 1849 1235 thro-

344 1291 508 1335 num
546 1273 790 1355 gloriae,
826 1274 1027 1339 veluti
1066 1274 1143 1336 ad
1194 1272 1428 1337 cubile.
1466 1274 1571 1335 Ibi
1612 1292 1706 1333 me
1744 1274 1851 1333 do-

343 1373 537 1435 cebis.
581 1372 837 1435 Certum
888 1373 1056 1455 quod
1108 1372 1395 1436 Christus
1446 1371 1729 1434 increata
1778 1388 1850 1432 ac

342 1469 569 1549 genita
610 1470 926 1553 sapientia
953 1471 1176 1547 PatriS‚
1210 1470 1463 1533 Matrem
1506 1488 1687 1531 suam
1716 1468 1853 1530 dul-

345 1569 678 1632 cissimam
718 1579 911 1652 atque
951 1569 1345 1633 docillimam
1389 1568 1676 1632 docuerit
1716 1586 1851 1631 om-

345 1666 420 1728 ni
453 1666 611 1729 hora
642 1668 709 1729 in
738 1668 872 1731 vita
900 1668 1040 1745 hac,
1063 1667 1482 1730 instructione
1512 1674 1577 1729 et
1606 1665 1853 1729 unctio-

347 1783 435 1827 ne
484 1765 759 1828 interna.
796 1766 864 1828 In
911 1784 1189 1848 superna
1238 1774 1453 1828 autem
1498 1764 1847 1827 Jerusalem

1956 799 2148 863 super
2193 780 2496 843 dilectum
2546 800 2754 857 suum,
2807 779 2922 861 qui
2965 797 3105 843 eam
3156 776 3454 841 de·valle

1959 878 2074 941 hac
2119 878 2525 941 lacrimarum
2559 880 2636 941 ad
2679 887 2804 940 tam
2849 876 3449 941 excellentissimam

1959 976 2328 1040 felicitatem
2361 977 2656 1060 perduxit
2685 997 2756 1039 ac
2786 976 3074 1056 gloriam,
3096 994 3286 1057 super
3319 974 3456 1036 uni-

1959 1096 2208 1140 versam
2247 1076 2554 1140 coelorum
2597 1076 2893 1138 militiam
2934 1073 3254 1138 collocans
3285 1092 3448 1138 eam.

1960 1173 2267 1237 Similiter
2307 1174 2872 1257 incomparabilem
2909 1174 3091 1235 illum
3140 1172 3456 1255 quotidia-

1963 1291 2117 1335 num
2177 1272 2712 1337 benedictissimae
2762 1272 3040 1353 Virginis
3095 1270 3455 1355 profectum

1961 1370 2031 1433 in
2075 1372 2251 1436 omni
2296 1370 2629 1453 sapientia,
2680 1370 2936 1447 virtute,
2980 1370 3169 1447 dono,
3215 1368 3456 1432 fructu-

1962 1493 2087 1555 que
2125 1464 2425 1554 spirituS‚
2461 1489 2682 1533 omnes
2726 1470 2938 1533 Sancti
2983 1469 3308 1545 miranteS‚
3345 1486 3455 1549 po-

1964 1578 2222 1634 tuerunt
2264 1570 2395 1633 haec
2431 1569 2624 1631 verba
2663 1568 2972 1652 proferre.

2043 1672 2180 1731 Sub
2221 1671 2448 1730 arbore
2494 1672 2660 1729 malo
2703 1669 3015 1729 suscitavi
3064 1677 3140 1728 ce.
3200 1665 3458 1729 Constat

1961 1768 2129 1849 quod
2179 1767 2468 1829 Christus
2528 1784 2641 1827 sua
2699 1784 2888 1827 cruce
2937 1773 3000 1827 et
3055 1764 3454 1827 amarissima

349 1863 575 1926 edocet
604 1882 746 1926 eam
777 1883 891 1926 sua
921 1861 1225 1927 beatifica
1253 1863 1522 1939 visione,
1558 1869 1622 1925 et
1650 1863 1728 1925 de
1759 1859 1853 1925 ef-
1887 1866 1935 1928 B
1965 1866 2277 1948 passione,
2313 1884 2492 1927 suam
2524 1882 2780 1945 quoque
2817 1864 3301 1927 dilectissimam
3331 1864 3450 1925 Ma·

354 1959 633 2025 tectibus
666 1962 799 2025 suis
829 1982 903 2024 ac
934 1962 1196 2025 secretis
1239 1962 1557 2044 mysteriis
1592 1969 1720 2024 tam
1749 1980 1852 2023 ex-

350 2060 811 2125 cellentissime
868 2080 1010 2125 eam
1069 2060 1397 2137 informat,
1452 2068 1522 2123 ut
1568 2059 1853 2123 universi

349 2158 791 2239 angelicorum
839 2158 1185 2241 spirituum
1232 2158 1533 2237 [ordines]
1578 2176 1851 2240 purgen-

352 2267 479 2335 tur,
534 2257 1003 2335 illuminentur,
1048 2276 1120 2320 ac
1168 2256 1588 2340 perficiantur
1629 2256 1711 2318 ab
1751 2274 1847 2333 ea,

354 2364 425 2419 ut
464 2356 725 2420 divinus
754 2356 1091 2439 Dionysius
1134 2353 1343 2417 fassus
1382 2363 1499 2418 est.

434 2455 628 2519 Porro
658 2455 830 2535 quod
858 2454 1174 2531 subditur,
1209 2456 1295 2515 Ec
1322 2456 1484 2515 dabo
1517 2455 1637 2513 tibi
1656 2472 1854 2530 pocu-

354 2560 496 2615 lum
523 2575 609 2615 ea>
635 2555 787 2615 vino
826 2554 1185 2621 condicum,
1218 2552 1479 2634 quidam
1524 2557 1852 2633 exponunt

354 2652 542 2735 quasi
571 2650 843 2716 verbum
880 2670 917 2713 a
946 2649 1199 2714 Christo
1239 2650 1580 2733 prolatum,
1616 2656 1678 2713 et
1717 2668 1855 2714 ver-

354 2753 512 2814 bum
564 2770 644 2815 ex
692 2769 803 2814 ore
850 2750 1061 2813 Matris
1117 2768 1248 2812 suae
1288 2740 1613 2832 rapiente,
1667 2768 1742 2811 ac
1794 2747 1853 2811 ei

357 2851 613 2913 dicente
661 2866 675 2911 :
722 2849 799 2910 Et
846 2848 1011 2911 dabo
1061 2848 1179 2910 tibi
1229 2846 1529 2930 poculum
1578 2866 1655 2909 ex
1704 2846 1856 2909 vino

356 2950 713 3025 conditum,
751 2947 815 3009 id
848 2954 945 3009 est
978 2946 1264 3010 laetitiam
1304 2946 1723 3029 spiritualiter
1762 2945 1858 3008 in-

1963 1974 2122 2027 trem
2173 1962 2442 2027 salvavit
2490 1981 2506 2026 :
2560 1982 2638 2025 ex
2687 1982 2814 2044 qua
2872 1982 2940 2025 re
2983 1962 3122 2045 ipsa
3166 1962 3455 2041 gratissi-

1963 2082 2067 2125 ma
2120 2063 2311 2126 Mater
2353 2062 2589 2142 jugiter
2636 2060 3099 2124 accendebatur
3155 2060 3303 2122 Filii
3357 2060 3458 2122 sui

1962 2178 2214 2241 amore3
2247 2169 2309 2224 et
2358 2160 2523 2223 sicut
2569 2159 2999 2242 subjungitur,
3033 2162 3210 2221 Pone
3249 2180 3346 2219 me
3387 2168 3458 2219 ut

1956 2263 2373 2338 siqnaculum
2403 2280 2594 2337 super
2623 2278 2731 2319 cor
2751 2257 3120 2341 tuum‚ipsa
3149 2256 3460 2321 affectuo-

1961 2359 2217 2422 sissima
2245 2367 2310 2421 et
2337 2356 2901 2421 condolentissima
2923 2356 3113 2420 Mater
3143 2356 3451 2437 virginea,

1960 2458 2225 2522 unicum
2254 2457 2488 2520 Filium
2533 2476 2720 2519 suum
2764 2464 2827 2519 et
2869 2463 3097 2519 cuncta
3141 2456 3279 2535 ejus
3325 2474 3460 2537 my-

1963 2556 2175 2634 steria,
2230 2574 2489 2620 omnem
2537 2554 2945 2619 dilectionem
2995 2555 3132 2636 ejus
3183 2554 3264 2616 ad
3315 2572 3454 2630 noS,

1964 2664 2027 2719 et
2056 2655 2520 2719 amarissimam
2560 2654 2924 2737 passionem
2965 2654 3166 2737 ipsius
3199 2671 3316 2735 pro
3349 2670 3461 2715 no-

1966 2754 2085 2831 bis,
2113 2752 2614 2837 profundissime
2644 2761 2706 2816 et
2737 2771 2996 2835 prorsus
3029 2750 3461 2814 indelebiliter

1964 2854 2140 2916 cordi
2173 2871 2286 2915 suo
2317 2852 2662 2935 impressit,
2697 2851 3198 2933 sanguineisque
3231 2849 3460 2912 litteris

1967 2951 2324 3033 inscripsit3
2348 2958 2411 3013 et
2441 2949 2738 3013 omnibus
2771 2949 2976 3013 modis
3011 2949 3077 3011 in
3109 2948 3464 3031 praeceden-

356 3047 738 3123 ebriantem,
770 3046 876 3108 cui
920 3045 1042 3109 erit
1083 3045 1363 3107 admixta
1406 3052 1641 3109 aeterna
1680 3064 1858 3107 secu·
1892 3050 2015 3117 cti
2062 3049 2332 3113 articulo
2389 3048 2596 3127 tactis,
2653 3048 2958 3112 adorandi
3004 3047 3148 3110 Filii
3210 3046 3308 3109 sui
3370 3066 3463 3109 re-

360 3145 537 3225 ritaS,
555 3146 865 3227 dotesque
897 3144 1205 3227 corporiS,
1232 3151 1295 3206 et
1326 3143 1452 3206 alia
1481 3144 1685 3206 multa
1708 3162 1859 3225 gau-

357 3244 541 3307 dium
574 3244 735 3307 illud
765 3242 1185 3326 perficientia.
1200 3242 1413 3305 Nihilo
1443 3242 1657 3305 minus
1688 3242 1860 3324 juxta

360 3362 624 3405 sensum
676 3342 1120 3425 praehabitum,
1158 3348 1367 3424 potest
1410 3340 1581 3403 istud
1625 3340 1858 3423 exponi

364 3441 431 3504 in
478 3459 752 3523 persona
790 3440 1074 3521 Virginis
1126 3458 1319 3504 sacrae
1367 3440 1445 3501 ad
1494 3457 1804 3522 sponsum
1840 3456 1855 3503 ε

362 3540 468 3605 cui
496 3540 575 3604 de
598 3540 1015 3604 conversione
1046 3547 1110 3602 et
1132 3539 1484 3603 salvatione
1508 3538 1865 3601 innumera-

362 3639 597 3702 bilium
632 3648 1174 3719 transgressorum
1203 3637 1862 3720 impiissimorumque

363 3738 703 3803 hominum
752 3737 927 3801 dedit
974 3735 1277 3820 poculum
1326 3756 1403 3799 ex
1451 3736 1603 3801 vino
1652 3736 1867 3799 condi-

367 3845 529 3915 tum,
582 3835 647 3899 id
692 3844 791 3899 est
840 3833 1217 3917 multiplicis
1265 3832 1685 3915 jucunditatis
1734 3853 1867 3896 ma-

372 3935 625 3998 teriam.

454 4037 649 4096 Loeva
696 4035 837 4111 ejus
881 4033 998 4093 sub
1035 4033 1243 4109 capite
1284 4052 1445 4100 meo,
1494 4040 1553 4091 ec
1600 4034 1867 4092 dextera

374 4136 561 4193 illius
600 4132 1082 4209 amplexabitur
1123 4150 1241 4191 me.
1283 4129 1724 4193 Certissimum
1772 4138 1869 4193 est

1967 3147 2166 3211 coluit
2214 3147 2598 3230 passionem,
2651 3146 2947 3209 videlicet
2995 3146 3072 3209 ad
3122 3143 3463 3208 condolen-

1968 3247 2144 3323 dum,
2179 3246 2258 3308 ad
2297 3245 2700 3322 imitandum,
2733 3245 2813 3307 ad
2857 3243 3350 3326 regratiandum,
3385 3241 3463 3303 ad

1968 3344 2437 3421 admirandum,
2471 3344 2550 3406 ad
2578 3344 3048 3425 gratulandum,
3080 3343 3160 3406 ad
3197 3340 3466 3421 diligen-

1969 3445 2144 3521 dum,
2165 3444 2244 3506 ad
2274 3441 2835 3524 contemplandum
2863 3460 2936 3504 ac
2969 3439 3416 3505 resolvendum
3443 3455 3460 3517 ;

1974 3542 2225 3623 fuitque
2273 3541 2339 3602 in
2387 3559 2460 3603 ea
2507 3538 2765 3602 dilectio
2812 3539 3012 3602 instar
3061 3539 3286 3602 mortis
3337 3535 3467 3600 for-

1969 3641 2238 3717 tissima,
2275 3657 2390 3721 pro
2419 3658 2547 3721 qua
2585 3638 2726 3721 ipsa
2764 3638 3053 3721 despexit
3090 3636 3461 3721 plenissime

1974 3747 2206 3804 cuncta
2246 3746 2516 3802 terrena.

2054 3841 2252 3900 Soror
2283 3846 2501 3897 nostra
2531 3839 2822 3914 parvula
2861 3846 2973 3908 esc,
3006 3845 3066 3897 ec
3105 3840 3300 3897 ubera
3336 3854 3466 3895 non

1973 3938 2182 3998 habet.
2218 3936 2344 3999 Hoc
2385 3934 2595 4017 potuit
2631 3932 2910 3997 Verbum
2957 3940 3287 4011 aeternum,
3322 3933 3471 3996 Uni-

1975 4034 2230 4113 genitus
2259 4033 2478 4110 Patris,
2513 4033 2592 4095 ad
2637 4031 2928 4096 coelestes
2965 4032 3138 4096 cives
3183 4030 3472 4114 proferre

1976 4133 2057 4195 de
2112 4132 2539 4195 sacratissima
2584 4131 2846 4212 Virgine
2903 4131 3113 4195 adhuc
3165 4131 3231 4193 in
3287 4131 3474 4194 annis

372 4231 547 4314 quod
590 4249 706 4313 per
733 4229 1113 4293 charismata
1150 4228 1391 4309 gratiae,
1427 4248 1541 4311 per
1577 4228 1867 4292 consola·
1899 4237 1948 4300 D
1979 4230 2269 4293 infantiae
2327 4230 2688 4305 exsistente,
2752 4230 3008 4311 quando
3067 4229 3274 4293 adhuc
3326 4237 3475 4312 apta

374 4330 583 4393 tiones
620 4329 924 4405 internaS,
961 4345 1076 4410 per
1114 4327 1572 4389 abundantiam
1612 4326 1869 4389 merito-

376 4446 541 4506 rum,
578 4427 737 4491 laeva
763 4425 997 4488 Christi
1031 4425 1312 4488 fulcierit
1350 4433 1628 4488 mentem
1658 4424 1867 4488 Matris

374 4545 506 4589 suae
535 4524 916 4588 dulcissimae
934 4543 948 4587 ε
968 4542 1155 4606 quam
1184 4531 1248 4586 et
1275 4524 1531 4586 dextera
1560 4543 1668 4586 sua
1696 4523 1872 4586 iami-

374 4623 721 4687 liarissime
761 4643 835 4686 ac
870 4622 1339 4706 jucundissime
1380 4630 1477 4685 est
1514 4622 1872 4705 amplexata

378 4724 446 4786 in
486 4723 691 4787 coeliS.

462 4826 619 4893 Quae
665 4832 754 4883 est
800 4824 925 4883 isca
972 4843 1116 4902 quoe
1154 4824 1442 4883 ascendit
1487 4824 1566 4881 de
1603 4824 1867 4892 deserte,

374 4924 635 4984 deliciis
662 4926 932 4999 affluens
953 4924 983 4982 ἓ
1011 4921 1139 4984 Hoc
1172 4921 1240 4983 in
1268 4920 1705 5002 assumptione
1736 4919 1875 4983 Vir-

375 5022 548 5102 ginis
596 5020 890 5101 gloriosae
935 5019 1146 5082 dicere
1189 5026 1535 5101 potuerunt
1578 5037 1727 5081 cum
1778 5018 1873 5080 in-

373 5121 553 5202 genti
588 5119 1009 5183 admiratione
1052 5118 1335 5181 universi
1378 5117 1654 5180 coelestis
1697 5117 1872 5180 Jeru-

375 5218 579 5282 salem
624 5218 818 5295 civeS,
854 5226 981 5280 tam
1022 5215 1545 5299 gloriosissimam
1591 5215 1871 5295 Virginis

375 5318 883 5401 assumptionem
934 5336 1061 5381 non
1119 5316 1525 5380 mediocriter
1570 5316 1869 5397 obstupe—

1978 4347 2106 4391 non
2154 4336 2289 4392 erat
2330 4328 2666 4409 concipere
2701 4345 2912 4406 regem
2943 4327 3252 4403 Messiam,
3289 4328 3476 4410 cujus

1976 4428 2288 4491 adventus
2335 4426 2403 4488 in
2441 4426 2752 4488 mundum
2794 4434 2944 4487 tunc
2984 4425 3464 4508 propinquavit.

1980 4529 2154 4596 Quid
2181 4527 2493 4604 faciemus
2520 4524 2727 4583 sorori
2757 4533 2988 4585 nostroe
3019 4526 3090 4586 in
3120 4527 3227 4585 die
3257 4544 3466 4605 quan-

1977 4629 2059 4686 do
2094 4626 2482 4704 alloquenda
2516 4631 2604 4682 esc
2647 4639 2760 4703 per
2796 4620 3152 4685 Gabrielem
3202 4623 3468 4687 archan-

1978 4723 2216 4804 gelum,
2240 4719 2724 4783 annuntiantem
2755 4719 2813 4783 ei
2844 4719 3304 4784 incarnationis
3335 4741 3473 4803 my-

1978 4820 2260 4895 sterium,
2277 4820 2342 4881 in
2374 4838 2465 4895 ea,
2480 4837 2556 4881 ex
2586 4824 2750 4895 ea,et
2778 4837 2891 4900 per
2919 4819 3061 4900 ejus
3088 4836 3471 4883 consensum

1980 4938 2119 4982 esse
2161 4917 2654 5000 complendum?
2685 4919 2765 4978 Si
2794 4938 3022 4979 murus
3052 4928 3166 4989 ese,
3195 4919 3470 4996 oedifice-

1982 5038 2123 5077 mus
2167 5036 2358 5093 super
2395 5036 2544 5075 eum
2585 5020 3082 5092 propuqnacula
3137 5028 3464 5094 arqencea.

1979 5114 2228 5197 Optima
2258 5113 2449 5191 Virgo
2489 5110 2615 5173 suit
2659 5121 2809 5174 tunc
2843 5132 3085 5191 muruS,
3122 5114 3274 5195 quia
3311 5134 3473 5198 prae-

1979 5213 2333 5279 clarissime
2387 5209 2787 5274 sanctificata
2837 5211 2903 5273 in
2961 5219 3163 5291 utero,
3214 5222 3279 5277 et
3316 5232 3469 5279 con-

1980 5314 2237 5377 firmata
2278 5310 2345 5374 in
2387 5309 2581 5389 bono,
2614 5318 2678 5373 et
2719 5317 2868 5375 ante
2913 5310 3174 5375 solitum
3213 5321 3468 5397 tempus
