4284 6267
1518 1446 2425 1561 PROOEMIUM

689 2336 977 2395 tur-nitas
1018 2336 1171 2395 vitoe
1210 2342 1271 2393 et
1314 2335 1547 2404 vicem,
1588 2336 1700 2394 ubi
1738 2336 1825 2395 sit
1868 2338 2087 2395 lumen
2130 2340 2488 2408 oculorum,
2530 2346 2588 2397 et
2623 2356 2784 2413 pam.
2831 2336 3074 2400 Baruch
3119 2354 3206 2414 111,
3251 2338 3348 2399 14.

799 2442 1016 2505 Virtus
1074 2448 1140 2505 et
1192 2440 1507 2523 sapientia
1563 2441 1674 2505 Dei
1732 2442 1930 2505 Patris
1987 2441 2296 2521 ChristuS,
2353 2443 2419 2506 in
2479 2451 2734 2506 tantum
2795 2444 3266 2507 commendavit
3328 2446 3512 2509 nobis
3543 2464 3806 2516 teos-...za

406 2548 792 2631 sapientiam
834 2568 973 2612 esse
1021 2549 1388 2632 optandam,
1436 2550 1868 2631 quaerendam,
1921 2549 2453 2632 amplectendam,
2496 2551 2668 2633 quod
2717 2550 3180 2613 beatitudinem
3233 2561 3513 2616 nostram

408 2657 481 2719 in
527 2664 674 2720 actu
724 2656 931 2739 ipsius
972 2656 1309 2720 constituit
1362 2676 1375 2719 :
1427 2657 1569 2719 Haec
1618 2665 1735 2733 est,
1781 2656 2104 2739 inquienS‚
2157 2658 2290 2719 vita
2338 2665 2594 2734 interna,
2651 2666 2722 2720 ut
2765 2666 3152 2738 cognoscant
3196 2667 3254 2721 te
3306 2661 3511 2723 solum
3541 2686 3806 2738 ,suanam

410 2765 610 2827 Deum
658 2783 909 2827 verum.
956 2764 1239 2846 Denique
1282 2764 1343 2827 S.
1394 2765 1666 2827 loannes
1722 2765 2047 2846 apostolus
2097 2765 2177 2828 ad
2228 2765 2348 2828 hoc
2396 2765 2719 2828 Christum
2771 2764 2838 2826 in
2895 2767 3205 2828 mundum
3261 2768 3514 2831 venisse
3544 2752 3583 2792 ³·

410 2871 669 2949 fatetur,
715 2880 787 2935 ut
834 2872 970 2937 veri
1017 2871 1125 2935 Dei
1172 2871 1465 2935 notitiam
1510 2871 1698 2934 nobis
1747 2871 2059 2935 tribueret
2106 2892 2119 2937 :
2168 2872 2438 2947 Scimus,
2485 2872 2596 2949 ait,
2653 2872 2958 2954 quoniam
3013 2872 3212 2935 Filius
3260 2873 3370 2936 Dei
3409 2892 3515 2939 ve-
3559 2890 3804 2941 uocum,

410 2978 530 3056 nit,
576 2986 643 3042 et
682 2978 860 3042 dedit
902 2978 1088 3043 nobis
1132 2998 1392 3042 sensum
1436 2987 1505 3041 ut
1547 2995 2003 3058 cognoscamus
2047 2998 2270 3043 verum
2313 2980 2533 3042 Deum.
3543 2956 3612 2997 ²⁰·

531 3086 785 3149 Discere
834 3104 985 3166 ergo
1032 3086 1339 3149 debemus
1390 3086 1501 3149 ubi
1550 3086 1634 3147 sit
1675 3086 1989 3168 sapientia
2028 3104 2041 3148 :
2088 3106 2216 3169 quo
2255 3085 2534 3168 cognito,
2569 3087 2842 3149 sciemus
2885 3087 2996 3150 ubi
3038 3086 3120 3149 sit
3164 3086 3318 3164 vita,
3360 3087 3514 3169 quia

406 3194 725 3277 sapientia
766 3195 900 3260 vita
938 3202 1035 3257 est
1085 3194 1419 3277 sapientis,
1473 3194 1631 3257 Hinc
1686 3202 1750 3257 et
1790 3204 2049 3258 sanctus
2100 3174 2217 3257 1013
2259 3194 2618 3257 sciscitatur
2667 3211 2680 3255 :
2735 3194 3058 3277 Sapientia
3105 3194 3217 3257 ubi
3267 3194 3515 3260 inveni·
3562 3210 3645 3254 ποὺ
3663 3222 3806 3262 mm,

408 3306 558 3365 tur‘l
608 3310 673 3365 et
721 3302 866 3383 quis
909 3309 1006 3365 est
1056 3301 1231 3365 locus
1282 3300 1775 3382 intelligentiae?
1816 3301 2005 3365 Porro
2057 3301 2354 3365 Salomon
2404 3301 2495 3364 ait
2539 3322 2553 3366 ε
2595 3301 2715 3364 Ubi
2759 3302 3110 3381 humilitas,
3164 3302 3255 3364 ibi
3311 3312 3376 3365 et
3419 3322 3515 3366 sa-
3542 3274 3806 3388 23ss„„,‚„

408 3409 685 3492 pientia3
723 3408 840 3473 Job
890 3428 1063 3486 vem,
1110 3410 1269 3472 Ecce
1315 3408 1506 3472 timor
1556 3408 1807 3473 Domini
1862 3409 2000 3492 ipsa
2046 3418 2143 3472 est
2191 3409 2528 3491 sapientia,
2572 3416 2636 3471 et
2676 3410 2972 3472 recedere
3006 3429 3043 3471 a
3091 3410 3280 3486 malo,
3328 3411 3516 3474 intel·
3568 3433 3807 3485 Jooxxvm,

412 3516 703 3598 ligentia.
740 3516 860 3580 Sed
889 3518 968 3580 ad
1001 3516 1152 3579 istas
1192 3516 1576 3598 quaestiones
1622 3524 1793 3599 patet
1836 3536 1911 3579 ex
1944 3516 2286 3598 Scripturis
2331 3516 2684 3600 responsio.
2718 3518 2911 3580 Docet
2945 3518 3119 3579 enim
3149 3537 3265 3581 nos
3298 3516 3515 3582 divina
3543 3498 3612 3540 ²⁸·

414 3624 767 3707 Scriptura,
821 3625 993 3706 quod
1039 3624 1205 3687 Deus
1254 3632 1352 3687 est
1406 3624 1719 3705 sapientia
1769 3641 1783 3684 :
1832 3632 1894 3686 et
1951 3624 2085 3687 haec
2137 3624 2464 3705 Sapientia
2523 3624 2806 3687 increata
2877 3624 3167 3687 absolute
3229 3634 3509 3707 accepta,

415 3731 622 3794 tribus
658 3732 915 3795 aeternis
957 3740 1023 3795 et
1064 3731 1363 3795 increatis
1409 3731 1701 3795 Personis
1746 3739 1844 3793 est
1892 3732 2279 3809 communis,
2333 3750 2477 3813 quae
2520 3731 2686 3794 sicut
2744 3740 2894 3793 sunt
2935 3750 3062 3794 una
3105 3732 3336 3810 DeitaS,
3384 3751 3512 3795 una

412 3840 713 3914 essentia,
765 3839 855 3901 ita
901 3848 965 3902 et
1012 3858 1141 3902 una
1189 3838 1535 3921 Sapientia.
1590 3838 1829 3901 Rursus
1878 3839 2184 3902 docemur
2235 3838 2302 3900 in
2356 3838 2592 3901 sanctis
2632 3838 2995 3921 Scripturis,
3048 3840 3223 3921 quod
3267 3839 3335 3901 in
3384 3840 3510 3902 Deo

412 3945 499 4009 sit
542 3946 870 4028 Sapientia
901 3948 1139 4027 genita,
1184 3965 1312 4010 non
1353 3954 1585 4008 creata.
1632 3946 1772 4008 Haec
1820 3953 1915 4008 est
1954 3945 2235 4009 Verbum
2285 3954 2616 4021 aeternum,
2661 3965 2697 4008 a
2750 3946 2871 4010 Deo
2911 3946 3088 4009 Patre
3132 3946 3504 4029 procedenS,
3569 3970 3807 4023 aronam,

412 4061 479 4117 et
526 4053 595 4115 in
644 4054 787 4136 ipso
830 4053 1298 4117 invariabiliter
1345 4070 1631 4115 manens.
1682 4052 1991 4133 Deinceps
2043 4050 2330 4133 loquitur
2375 4051 2707 4134 Scriptura
2752 4053 2832 4116 de
2874 4052 3221 4136 multiplici
3266 4053 3515 4135 sapien·
3541 4034 3804 4147 {3222}OE

416 4160 526 4237 tia,
572 4169 804 4237 creata,
849 4160 1085 4236 infusa,
1134 4180 1249 4223 seu
1298 4159 1631 4242 acquisita,
1685 4168 1875 4241 prout
1923 4178 2118 4242 super
2167 4159 2367 4222 libros
2416 4160 2623 4241 patuit
2673 4159 3051 4239 SalomoniS,
3107 4169 3171 4223 et
3223 4160 3396 4224 infra
3446 4160 3512 4223 in
3542 4162 3588 4204 ⁵·

412 4270 539 4333 isto
576 4268 711 4351 jam
750 4270 1126 4352 exponendo
1170 4269 1439 4333 clarebit
1477 4268 1827 4331 volumine.
1871 4266 2045 4342 Quod
2090 4267 2458 4350 specialiter
2505 4267 2668 4331 liber
2717 4267 3056 4351 Sapientiae
3100 4268 3462 4332 intitulatur
3497 4287 3512 4331 ε

411 4377 569 4459 quia
606 4377 685 4439 de
733 4376 1069 4459 sapientia,
1110 4385 1176 4439 et
1210 4375 1491 4453 nomine,
1533 4375 1800 4456 origine,
1843 4374 2176 4455 dignitate,
2232 4375 2481 4437 actibus
2526 4382 2591 4437 et
2637 4374 3052 4454 differentiis,
3097 4384 3411 4458 potestate
3453 4384 3518 4439 et

407 4482 728 4549 efficaciis
770 4484 908 4565 ejus
950 4492 1176 4547 tractat
1218 4481 1498 4563 diffuse3
1546 4482 1912 4565 specialiter
1958 4482 2039 4544 de
2086 4481 2360 4559 Christo,
2400 4480 2512 4564 qui
2557 4490 2655 4544 est
2703 4482 3017 4564 sapientia
3066 4483 3289 4560 PatriS,
3333 4492 3398 4547 et
3436 4484 3517 4547 de

406 4592 551 4673 ejus
594 4592 873 4655 adventu
914 4611 988 4654 ac
1030 4591 1345 4673 passione.
1390 4589 1510 4653 Sed
1542 4598 1606 4653 et
1647 4590 2032 4653 documenta
2073 4590 2216 4669 ejus
2257 4598 2406 4651 sunt
2447 4589 2716 4653 moralia
2756 4599 2820 4652 et
2861 4589 3265 4671 sapientialia
3305 4589 3508 4653 valde.

528 4700 843 4763 Videntur
886 4707 1099 4762 autem
1147 4698 1394 4781 antiqui
1445 4706 1509 4760 et
1557 4697 1758 4760 sancti
1802 4699 2093 4760 doctores
2126 4697 2392 4773 sentire,
2437 4697 2674 4760 librum
2715 4697 2886 4760 hunc
2925 4716 2964 4760 a
2994 4697 3331 4761 Salomone
3381 4698 3516 4760 edi-

406 4815 547 4870 tum
591 4825 755 4870 esse.
795 4806 972 4871 Unde
1007 4806 1381 4871 Ambrosius
1435 4824 1449 4868 ε
1504 4806 1569 4867 In
1622 4805 1809 4882 libro,
1857 4804 2087 4887 inquit,
2140 4806 2252 4887 qui
2314 4804 2641 4887 Sapientia
2692 4804 3048 4868 Salomonis
3109 4804 3508 4869 inscribitur.

404 4915 487 4977 Et
513 4914 908 4995 Augustinus
956 4934 1149 4996 super
1182 4914 1461 4977 Psalmos
1513 4914 1783 4995 loquens
1826 4914 1905 4975 de
1932 4911 2166 4976 Judaeis
2198 4911 2693 4976 crucifixoribus
2746 4912 3113 4989 Salvatoris,
3167 4911 3457 4975 affirmat
3491 4933 3506 4978 :

410 5023 647 5087 Vocem
690 5041 913 5086 eorum
957 5022 1023 5085 in
1070 5022 1397 5105 Sapientia
1429 5021 1786 5085 Salomonis
1831 5020 2278 5101 cognoscimus
2315 5038 2329 5082 :
2365 5019 2556 5084 Morte
2596 5020 2967 5102 turpissima
3007 5020 3510 5083 condemnemus
3540 5043 3806 5097 ειμιῃο.

412 5150 585 5195 eum.
636 5130 785 5205 Quae
841 5132 1057 5208 verba,
1110 5130 1277 5193 sicut
1329 5139 1393 5193 et
1441 5138 1652 5193 cetera
1700 5148 1841 5210 quae
1907 5128 1997 5190 ibi
2048 5128 2302 5209 allegat,
2357 5128 2424 5189 in
2474 5127 2594 5191 hoc
2654 5127 2820 5191 libro
2889 5126 3319 5190 continentur.
3373 5127 3514 5191 Hie·

416 5258 721 5321 ronymus
771 5248 983 5302 autem
1021 5245 1337 5302 testatur:
1372 5238 1557 5300 Liber
1602 5236 1943 5319 Sapientiae
1995 5236 2164 5318 apud
2208 5234 2503 5298 Hebraeos
2541 5253 2858 5315 nusquam
2906 5242 3022 5295 est.
3073 5234 3226 5296 Nam
3266 5243 3329 5298 et
3377 5235 3515 5317 ipse

417 5346 605 5410 stilus
632 5346 914 5411 Graecam
944 5346 1149 5427 magis
1177 5344 1609 5427 eloquentiam
1657 5344 1922 5408 redolet.
1960 5344 2138 5406 Hunc
2174 5342 2374 5406 Judaei
2414 5342 2638 5405 dicunt
2679 5361 2716 5405 a
2756 5342 3018 5405 Philone
3061 5342 3511 5425 compositum.

406 2226 860 2499 DISCE'
889 2228 1003 2287 ubi
1036 2227 1123 2286 sit
1160 2227 1487 2305 sapiencia
1514 2226 1562 2295 *,
1602 2228 1717 2287 ubi
1751 2230 1838 2288 sit
1876 2228 2109 2300 υἰνιιιε,
2142 2230 2258 2288 ubi
2294 2231 2673 2301 intellectu&
2721 2239 2794 2291 ut
2830 2232 2995 2290 scias
3033 2232 3148 2289 ubi
3180 2232 3266 2291 sit
3305 2232 3513 2309 lonqi—
3540 2242 3810 2299 'prudentia
