4284 6267
94 3561 189 3606 Aet.
212 3578 285 3617 ιιι,
302 3568 347 3609 2.

76 4939 197 4983 Rmn.
219 4956 249 4993 ι,
268 4946 339 4987 32.

1036 506 1388 565 numano
1429 517 1493 563 m
1540 516 1678 564 ω.
1723 517 1807 562 xv
1846 516 2005 562 mnu
2048 516 2407 563 samam-m.
2455 536 2536 546 —
2575 517 2717 563 Am.
2763 515 2845 562 xv

3359 494 3480 557 539

381 687 590 750 litatis
628 687 909 751 habebit.
944 688 1057 751 Vel
1091 708 1105 752 :
1156 687 1350 765 Scire,
1397 707 1511 771 per
1548 688 1882 751 seientiam
1910 688 1961 750 A
1991 708 2165 759 ram,
2222 688 2465 752 scilicet
2522 688 2750 766 lutum,
2801 709 3100 766 premens
3159 688 3482 757 manibus,

376 788 700 851 actualem
740 796 802 851 et
850 806 1206 869 operosam,
1240 788 1553 869 justitiam
1588 796 1649 850 et
1689 788 1886 851 virtu-

382 893 515 947 tem
566 895 762 963 tuam,
815 885 882 949 id
926 895 1023 949 est
1064 886 1324 949 sciendo
1372 905 1665 949 exercere
1705 894 1884 948 actus

375 983 649 1063 justitiae
691 1003 763 1047 ac
803 984 1112 1047 virtutum
1157 982 1537 1062 infusarum,
1571 984 1747 1047 radix
1788 991 1886 1047 θεῖ

381 1080 1078 1164 immortalitatis,quia
1105 1082 1184 1144 ad
1214 1082 1754 1146 immortalitatem
1785 1081 1886 1145 be-

380 1188 555 1242 atam
587 1182 902 1263 perducit.

470 1282 619 1343 Non
648 1282 827 1341 enim
858 1283 929 1341 in
962 1300 1245 1342 errorem
1284 1278 1659 1344 idololatriae
1690 1282 1887 1341 indu-

378 1382 488 1439 mit
522 1398 634 1439 nos
666 1380 1009 1441 hominum
1047 1384 1236 1441 malae
1274 1381 1438 1440 artis
1474 1382 1881 1456 eoecoyitatiO,

384 1477 450 1539 id
483 1484 581 1539 est
611 1477 984 1540 adinventio
1014 1477 1347 1541 hominum
1381 1477 1748 1564 impiorum,
1770 1478 1883 1559 qui

380 1584 522 1639 arte
563 1594 765 1657 prava
801 1575 1043 1657 operati
1091 1584 1241 1638 sunt
1278 1575 1467 1651 idola,
1502 1596 1618 1637 nec
1656 1579 1885 1636 umbra

372 1677 685 1751 picturae,
717 1674 782 1737 id
812 1682 908 1737 est
944 1674 1319 1756 apparentia
1357 1674 1675 1755 imaginiS,
1708 1677 1885 1735 labor

378 1777 523 1834 sine
550 1776 805 1853 fructu,
840 1771 905 1835 id
947 1779 1065 1848 est,
1100 1791 1243 1853 quae
1282 1772 1531 1854 pictura
1576 1771 1741 1835 facta
1789 1779 1885 1834 est

1992 789 2270 869 aptando
2301 788 2459 851 illud
2493 789 2571 850 ad
2605 788 2774 851 vasis
2814 786 3282 863 formationem,
3319 788 3485 846 labo-

1993 888 2158 946 riose
2184 890 2408 964 fingit,
2442 886 2504 949 id
2535 896 2630 949 θεῖ
2664 885 2916 961 format,
2939 888 3027 947 ad
3057 906 3211 945 usus
3239 894 3485 945 nostros

1994 988 2499 1065 unumquodque
2545 1007 2695 1058 vas;
2721 996 2782 1047 ec
2832 989 2912 1047 de
2955 989 3172 1047 eodem
3219 989 3379 1054 lut0,
3421 983 3484 1046 id

1992 1092 2088 1146 est
2131 1085 2210 1147 de
2241 1102 2367 1146 una
2405 1092 2584 1167 parte
2617 1084 2905 1165 ejusdem
2945 1083 3085 1160 luti,
3118 1083 3314 1160 finyit
3344 1102 3487 1161 quoe

1992 1186 2244 1244 munda
2289 1192 2442 1244 sunt
2490 1185 2562 1244 in
2611 1202 2802 1243 usum
2848 1202 3027 1249 vasa,
3079 1180 3142 1243 id
3193 1188 3288 1244 est
3334 1198 3486 1243 vasa

1992 1289 2141 1363 apta
2189 1290 2251 1343 et
2304 1282 2595 1344 ordinata
2641 1282 2716 1343 ad
2768 1299 2954 1342 usum
3005 1280 3364 1357 honestum,
3416 1287 3485 1340 ut

1992 1382 2161 1461 quod
2205 1382 2623 1444 manducetur
2659 1401 2734 1443 ex
2772 1381 2889 1457 θίε,
2923 1389 2980 1440 et
3008 1380 3314 1440 similiter
3343 1398 3486 1456 quae

1992 1482 2095 1541 his
2123 1488 2272 1541 sunt
2298 1482 2654 1547 contraria,
2688 1479 2750 1541 id
2781 1488 2897 1556 est,
2928 1479 3006 1540 de
3044 1476 3168 1539 alia
3198 1476 3482 1557 ejusdem

1994 1577 2111 1641 luti
2144 1586 2342 1660 parte,
2376 1576 2608 1640 format
2648 1596 2798 1640 vasa
2835 1577 2913 1639 ad
2945 1575 3104 1638 viles
3144 1593 3320 1637 usus,
3355 1576 3484 1635 Ho-

1991 1699 2143 1739 rum
2173 1687 2390 1738 autem
2421 1696 2720 1737 vasorum
2749 1678 2896 1757 quis
2931 1678 3017 1737 sit
3045 1694 3222 1745 usus,
3257 1672 3320 1735 id
3361 1681 3477 1749 θεῖ,

1992 1776 2069 1837 ad
2106 1794 2298 1856 quem
2347 1792 2532 1836 usum
2585 1774 2712 1836 sint
2757 1773 3022 1855 aptiora,
3040 1774 3260 1851 judeca
3287 1783 3378 1834 est
3406 1777 3484 1850 fi*-

384 1871 789 1936 infructuoso
829 1872 1068 1949 labore,
1098 1883 1157 1933 ec
1184 1875 1444 1950 effiyies,
1474 1873 1537 1935 id
1577 1881 1674 1935 est
1713 1871 1883 1934 simi·
1918 1873 1963 1934 B
1989 1878 2184 1950 ytalus
2215 1894 2236 1932 .·
2268 1872 2420 1953 quia
2455 1872 2804 1953 unicuique
2843 1871 2908 1933 in
2951 1890 3064 1933 sua
3103 1879 3237 1933 arte
3275 1870 3481 1952 perito

384 1971 613 2047 litudo,
646 1974 899 2048 sculpta
927 1979 991 2032 et
1020 1971 1311 2033 decorata
1336 1990 1453 2049 per
1483 1974 1697 2031 varios
1724 1975 1883 2031 eolo-

382 2090 483 2130 res
522 2091 544 2129 .·
581 2070 772 2146 majus
820 2072 1155 2145 adspectus
1205 2071 1525 2130 insensato
1574 2072 1687 2129 dat
1736 2090 1880 2131 eon-

382 2169 872 2245 cupiscentia-m,
907 2165 971 2228 id
1010 2174 1129 2243 est,
1162 2165 1473 2229 affectum
1515 2166 1879 2248 insipie-ntis

382 2264 766 2346 inspectoris
799 2264 1068 2327 inclinat
1104 2265 1181 2327 ad
1214 2264 1368 2328 idoli
1408 2265 1651 2327 cultum
1689 2273 1879 2346 atque

379 2383 688 2427 amorem.
730 2364 901 2426 Istud
945 2363 1025 2425 ad
1066 2363 1341 2427 litteram
1391 2364 1613 2426 recitat
1660 2372 1880 2427 auctor

379 2463 575 2545 hujus
609 2462 952 2526 voluminis
983 2463 1060 2525 de
1089 2461 1327 2545 populo
1349 2462 1704 2525 Judaeorum
1739 2471 1877 2525 tem·

377 2562 553 2643 poris
603 2561 724 2623 sui.
773 2562 924 2623 Nam
986 2570 1272 2642 tempore
1326 2560 1616 2642 judicum
1666 2569 1730 2624 et
1778 2580 1876 2624 re-

376 2678 528 2741 gum
589 2660 821 2741 saepius
882 2658 1051 2722 idola
1108 2658 1464 2735 coluerunt,
1519 2659 1707 2721 etiam
1761 2678 1877 2741 pro

378 2768 562 2841 parte
600 2759 677 2820 ad
722 2757 982 2839 aliquod
1034 2765 1283 2839 tempus
1328 2765 1468 2838 post
1518 2758 1789 2820 reditum
1841 2777 1878 2820 a

378 2856 763 2939 Babylonica
795 2855 1162 2937 captivitate
1202 2855 1322 2918 sub
1354 2855 1661 2918 Antiocho
1705 2873 1871 2936 rege.

375 2956 498 3019 Sed
547 2974 584 3017 a
629 2963 912 3036 tempore
960 2972 1090 3034 quo
1134 2953 1529 3035 praet'uerunt
1574 2954 1874 3017 Ionathas

1992 1981 2052 2035 et
2081 1980 2338 2054 experto
2369 1971 2754 2033 credendum
2786 1980 2900 2033 est.
2937 1970 3040 2032 His
3070 1977 3378 2033 consonat
3406 1968 3482 2030 il-

1991 2070 2100 2133 lud
2130 2070 2413 2152 Apostoli
2453 2087 2466 2131 :
2501 2069 2730 2132 Annon
2761 2069 2952 2131 habet
2991 2076 3362 2151 potestatem
3401 2066 3483 2129 fi-
3509 2084 3772 2135 nomam.

1987 2170 2177 2249 gulus
2219 2188 2296 2231 ex
2338 2168 2556 2231 eadem
2591 2186 2796 2229 massa
2842 2166 3116 2230 faciendi
3155 2185 3266 2228 vas
3306 2166 3480 2228 aliud

1991 2267 2057 2329 in
2117 2267 2446 2341 honorem,
2498 2266 2670 2327 aliud
2721 2265 2786 2327 in
2841 2264 3347 2329 contumeliam?
3403 2267 3481 2325 Ει

1987 2387 2135 2427 cum
2186 2368 2400 2426 labore
2447 2385 2636 2436 vanc,
2671 2364 2736 2426 id
2787 2372 2882 2426 θεῖ
2930 2382 3190 2446 prorsus
3239 2362 3476 2437 inutili,

1986 2468 2178 2525 deum
2209 2466 2404 2541 fingit
2441 2467 2521 2523 de
2557 2467 2772 2524 eodem
2807 2466 2960 2533 lucc,
2997 2463 3061 2524 id
3099 2471 3196 2525 θεῖ
3238 2462 3480 2524 luteum

1989 2556 2254 2634 idolum,
2289 2557 2459 2637 quod
2511 2557 2648 2639 ipse
2694 2556 2936 2637 aliique
2981 2556 3330 2619 idololatrae
3375 2575 3483 2618 no-

1988 2655 2237 2718 minant
2285 2657 2497 2718 deum.
2555 2656 2862 2737 Pauperes
2924 2656 3186 2737 quippe,
3239 2655 3352 2736 qui
3402 2656 3482 2717 de

1987 2754 2282 2835 pretiosis
2328 2753 2610 2816 materiis
2657 2772 2784 2816 non
2826 2762 3116 2835 poterant
3145 2752 3267 2815 sibi
3311 2753 3481 2816 idola

1986 2871 2346 2937 procurare,
2390 2853 2469 2914 de
2513 2851 2847 2916 vilioribus
2890 2852 3198 2928 materiis,
3234 2852 3481 2915 scilicet

1987 2953 2181 3032 ligno,
2225 2970 2395 3028 saxo,
2439 2950 2597 3027 luto,
2651 2968 2724 3013 ea
2771 2958 3292 3033 procuraverunt.
3330 2954 3476 3018 Ille,

374 3073 449 3116 ac
480 3052 699 3116 Simon
734 3051 961 3115 fratres
994 3052 1168 3115 Judae
1198 3051 1557 3129 Machabaei‚
1593 3071 1665 3114 ac
1698 3052 1875 3114 dein·
1904 3060 1947 3124 C
1985 3051 2230 3114 scilicet
2271 3050 2532 3129 figuluS‚
2581 3052 2699 3130 qui
2738 3053 2938 3127 paulo
2986 3060 3136 3111 ante
3181 3053 3261 3109 de
3306 3058 3479 3110 terra

376 3153 473 3228 de,
493 3170 623 3215 non
657 3152 954 3216 videntur
984 3150 1050 3212 in
1084 3148 1509 3214 idololatriam
1540 3150 1733 3232 lapsi;
1761 3168 1875 3213 nec

376 3260 649 3312 statuam
704 3248 837 3311 Caii
896 3248 1297 3331 imperatoris
1345 3248 1606 3310 missam
1652 3249 1747 3311 eis
1796 3249 1874 3310 ad

374 3349 792 3425 adorandum,
854 3348 1116 3410 adorare
1166 3346 1565 3427 acquicrunt.
1614 3347 1876 3429 Propter

376 3446 552 3529 quod
580 3446 766 3509 Caius
804 3444 897 3508 eis
936 3445 1349 3508 vehementer
1394 3444 1755 3525 indignam,
1793 3446 1874 3508 ab

380 3545 644 3619 Herode,
678 3544 789 3626 qui
822 3544 884 3606 S.
926 3543 1227 3606 Jacobum
1274 3542 1633 3617 decollavit,
1673 3544 1875 3625 placa-

372 3653 481 3707 tus
512 3652 630 3706 est.
666 3646 751 3705 Et
780 3644 1006 3720 diliyit
1037 3641 1173 3723 ipse
1217 3642 1574 3704 insensatus
1604 3653 1875 3705 mortua»

374 3743 693 3819 imayinis
719 3744 987 3819 effiyiem
1028 3742 1169 3800 sine
1206 3742 1458 3808 anima,
1499 3740 1562 3801 id
1604 3748 1698 3801 θεῖ
1740 3740 1874 3802 ina-

375 3841 683 3903 nimatam
724 3839 995 3903 formam
1046 3837 1343 3918 imaginis
1392 3858 1520 3902 non
1570 3838 1867 3917 viventiS,

376 3958 491 4002 seu
536 3939 715 4002 idoli.

474 4042 829 4108 Malorum,
881 4036 945 4100 id
1002 4044 1098 4098 est
1152 4035 1477 4112 vitiorum,
1529 4046 1868 4105 amatorem,

372 4138 569 4213 diym'
586 4145 742 4197 sunt
762 4144 962 4196 morte
989 4142 1240 4197 aeternae
1272 4132 1720 4208 damnationiS,
1742 4131 1870 4195 imo

376 4333 610 4410 taliter,
646 4340 927 4395 meretur
970 4351 1009 4393 a
1046 4331 1170 4394 Deo
1217 4329 1517 4412 relinqui,
1560 4338 1623 4392 et
1661 4349 1699 4391 a
1736 4330 1868 4392 dia-

372 4430 523 4494 bolo
555 4428 821 4513 perimi3
854 4429 972 4509 qui
1006 4449 1181 4506 spem
1218 4431 1450 4490 habent
1489 4430 1563 4488 in
1606 4430 1867 4499 talibuS,

371 4540 527 4613 puta
556 4528 622 4590 in
654 4526 864 4603 idolis,
900 4546 1010 4589 seu
1042 4526 1411 4590 hominibus
1443 4526 1683 4609 impiis,
1720 4546 1868 4608 quo-

374 4647 513 4690 rum
546 4634 694 4688 sunt
734 4624 919 4687 idola-
934 4624 1043 4686 illa
1078 4625 1595 4707 repraesentativa
1614 4644 1631 4707 ;
1661 4636 1721 4687 ec
1748 4629 1868 4707 qui

370 4727 633 4803 faciunt
663 4725 913 4793 illos,et
941 4726 1057 4804 qui
1076 4726 1369 4800 diliqunt
1398 4742 1619 4787 eorum
1649 4724 1867 4806 imagi-

372 4843 485 4887 nes
517 4831 586 4885 ut
614 4821 925 4899 colantur,
959 4832 1019 4882 et
1048 4824 1165 4901 qui
1191 4825 1430 4883 colunt.
1464 4823 1567 4885 Sic
1600 4830 1664 4885 et
1702 4824 1867 4905 Apo-

370 4922 572 4985 stolus
610 4919 699 4982 ait
734 4937 748 4981 :
792 4918 971 5001 Digni
1018 4928 1167 4982 sunt
1217 4927 1441 4997 morte,
1481 4940 1609 4983 non
1656 4922 1863 4985 solum

370 5020 484 5103 qui
526 5019 770 5081 faciunt
808 5036 902 5095 ea,
939 5019 1046 5081 sed
1080 5027 1139 5081 et
1179 5019 1292 5100 qui
1334 5020 1741 5083 consentiunt
1772 5020 1865 5084 fa-

369 5117 713 5184 cientibuS.

450 5216 691 5280 Deinde
731 5233 843 5297 per
880 5215 1244 5297 exemplum
1276 5215 1552 5279 ostendit
1601 5216 1863 5280 idolola-

370 5316 509 5380 triae
542 5313 919 5377 fatuitatem.
942 5316 1072 5376 Sed
1100 5324 1160 5375 et
1186 5318 1432 5392 fiyulus
1462 5318 1714 5377 mollem
1747 5326 1863 5376 ter-

1982 3152 2197 3228 faccus
2223 3149 2466 3226 fuerat,
2502 3148 2565 3209 id
2605 3155 2700 3210 est
2737 3166 2811 3210 ex
2855 3147 3188 3210 elementis
3228 3168 3480 3231 compo-

1984 3248 2165 3324 situS‚
2202 3246 2267 3309 in
2306 3246 2538 3327 quibus
2572 3246 2640 3308 in
2681 3264 2944 3328 corpore
2987 3246 3268 3309 humano
3313 3256 3478 3310 terra

1986 3345 2506 3428 praedominatur,
2538 3355 2599 3406 ec
2619 3354 2762 3422 post
2784 3348 3106 3422 pusillum
3139 3349 3390 3407 reducit
3415 3368 3479 3407 se

1981 3448 2158 3506 unde
2207 3454 2499 3520 acceptus
2543 3453 2655 3514 est,
2711 3443 2773 3505 id
2825 3452 2940 3520 cst,
2991 3462 3066 3505 ex
3129 3443 3477 3508 intrinseco

1984 3542 2305 3624 principio
2355 3541 2558 3604 tendit
2607 3542 2683 3604 ad
2743 3550 3011 3604 mortem
3065 3560 3078 3603 :
3124 3561 3240 3624 per
3284 3562 3474 3624 quam

1984 3640 2325 3704 resolvitur
2372 3640 2438 3701 in
2487 3658 2562 3701 ea
2611 3658 2684 3701 ex
2729 3640 2964 3720 quibus
3009 3659 3238 3722 corpus
3290 3660 3475 3703 suum

1984 3738 2107 3801 suit
2163 3738 2613 3819 compositum,
2661 3738 2966 3819 quoniam
3015 3757 3090 3800 ex
3142 3740 3478 3802 contrariis

1981 3844 2269 3915 constat3
2309 3840 2615 3914 repetitus
2660 3838 2900 3898 animoe
2948 3839 3236 3898 debitum
3279 3859 3476 3917 quam

1982 3938 2273 4005 habebat,
2307 3934 2368 3996 id
2409 3944 2505 3997 est
2541 3943 2816 4009 exactuS‚
2852 3934 2977 3997 Deo
3015 3933 3302 4016 jubente,
3337 3955 3479 4019 pro-

1980 4034 2185 4116 priam
2217 4033 2498 4095 animam
2528 4033 2842 4107 exhalare,
2877 4032 3040 4096 sicut
3071 4034 3342 4115 requirit
3373 4035 3478 4096 hu-

3624 2271 3660 2326 8

1980 4152 2170 4195 mana
2214 4132 2519 4196 conditio.
2570 4131 2745 4195 Unde
2796 4131 3028 4213 legitur
3061 4150 3074 4195 :
3109 4133 3234 4196 Hac
3293 4142 3477 4197 nocte
3505 4152 3771 4205 mamm.

374 4242 440 4297 et
471 4234 807 4316 temporali
829 4251 842 4295 ε
864 4252 1060 4315 quum
1092 4232 1263 4295 enim
1296 4232 1437 4313 quis
1466 4239 1687 4313 peccat
1714 4248 1871 4293 mor·
1902 4238 1951 4300 D
1978 4232 2259 4295 animam
2293 4240 2464 4293 tuam
2508 4238 2802 4312 repetunt
2833 4250 2870 4293 a
2902 4239 2983 4294 te.
3025 4232 3099 4294 Et
3137 4231 3290 4295 alibi
3321 4232 3476 4295 dicit

1977 4330 2303 4412 Scriptura
2357 4346 2370 4389 :

1977 4528 2169 4590 Deum
2217 4526 2328 4607 qui
2372 4526 2547 4589 dedit
2594 4525 2801 4589 illum.

2056 4629 2188 4688 Sed
2225 4636 2314 4685 esc
2354 4626 2486 4695 illi,
2517 4624 2814 4689 videlicet
2859 4625 3082 4705 figulo,
3117 4646 3301 4695 cura,
3342 4648 3472 4689 non

1975 4727 2133 4804 quia
2176 4727 2589 4785 laboraturus
2635 4734 2751 4794 est,
2792 4724 2962 4787 idola
3012 4723 3326 4797 faciende,
3359 4746 3474 4785 nec

1976 4825 2290 4904 quoniam
2319 4824 2525 4883 brevis
2554 4824 2663 4884 illi
2695 4826 2831 4885 vita
2860 4834 2971 4896 est,
3007 4823 3068 4886 id
3109 4832 3205 4886 cst
3245 4825 3322 4886 de
3353 4824 3472 4887 hoc

1975 4921 2148 5002 quod
2191 4919 2324 4984 vita
2365 4940 2478 4982 sua
2521 4939 2649 4984 non
2689 4920 2799 4983 diu
2844 4922 3098 4985 durabit
3134 4939 3148 4983 :
3183 4921 3302 4985 hoc
3351 4932 3467 4999 est,

1976 5038 2103 5082 non
2171 5018 2376 5081 solum
2437 5018 2817 5081 sollicitatur
2873 5028 3130 5101 propter
3191 5019 3470 5083 laborem

1973 5134 2164 5199 quem
2195 5116 2458 5179 habebit
2488 5116 2552 5178 in
2584 5116 2899 5180 idolorum
2933 5117 3334 5193 formatione,
3356 5138 3472 5181 nec

1972 5223 2237 5298 propter
2285 5216 2434 5279 vitae
2478 5234 2610 5279 suae
2659 5216 3146 5279 incertissimam
3200 5217 3475 5281 brevita-

1974 5323 2152 5396 tem3
2199 5317 2308 5375 sed
2362 5324 2768 5376 concertatur
2812 5317 3197 5393 aurificibus
3249 5326 3310 5378 et
3361 5340 3471 5379 ar-

2425 4330 2796 4392 Revertatur
2845 4330 3057 4411 pulvis
3119 4331 3185 4392 in
3241 4340 3470 4395 terram
3529 4350 3767 4403 aalma,

1978 4447 2182 4505 suam,
2234 4428 2402 4490 unde
2461 4436 2615 4503 erat,
2677 4436 2739 4490 et
2795 4427 3059 4510 spiritus
3121 4431 3338 4493 redeat
3392 4431 3470 4492 ad
3505 4416 3543 4456 ⁷·

3615 4630 3652 4685 9
