4284 6267
1071 535 1423 582 manau-10
1466 535 1529 580 m
1573 535 1711 582 cAr.
1758 535 1801 580 x
1842 534 2330 582 rnovnnmontm.
2377 555 2458 565 —-
2498 536 2639 583 Aur.
2685 537 2726 580 x
3366 521 3446 585 69

286 719 291 722 ·
342 715 465 769 tur.
496 706 598 769 Ira
631 725 786 770 vero
819 715 1039 790 aperta
1069 714 1185 782 est,
1221 715 1283 770 et
1313 705 1571 789 publice
1608 705 1851 789 appetit
1877 705 1923 767 Α
1958 707 2131 770 enim
2172 709 2335 771 scire
2371 727 2446 772 ea
2483 727 2628 791 quae
2669 717 2819 771 sunt
2861 709 3217 773 necessaria
3253 710 3330 773 ad
3361 730 3450 773 sa-

342 806 595 880 laedere‚
640 814 714 868 ut
762 807 853 869 ait
900 806 1345 888 Philosophus,
1397 807 1557 870 Hinc
1600 806 1665 866 in
1706 806 1851 869 Pro-

340 904 583 971 verbiis
622 905 760 967 suis
792 905 1031 968 Seneca
1068 904 1353 987 loquitur
1388 923 1403 966 ε
1436 904 1591 968 Odia
1621 905 1852 969 multo-

341 1023 480 1066 rum
525 1004 649 1066 sub
691 1003 914 1067 osculo
944 1004 1165 1066 latent.
1208 1003 1283 1065 Et
1324 1023 1545 1066 rursus
1582 1023 1595 1066 :
1631 1002 1850 1082 Pejora

344 1111 515 1177 sunt,
552 1103 791 1183 inquit,
826 1111 991 1165 tecta
1030 1101 1175 1164 odia
1203 1120 1395 1183 quam
1438 1111 1676 1183 aperta.
1710 1102 1850 1164 Pro-

346 1211 565 1283 pterea
611 1202 846 1283 loquax
898 1201 1197 1264 inimicus
1253 1210 1317 1264 te
1367 1201 1581 1263 minus
1639 1199 1851 1264 ol'l'en-

124 1317 319 1370 uawn,
345 1300 456 1376 dit,
483 1320 682 1382 quam
712 1300 1094 1363 taciturnus
1119 1300 1290 1363 Istud
1322 1300 1386 1362 in
1416 1299 1571 1362 Joab
1602 1309 1663 1362 et
1691 1300 1849 1361 Juda

104 1379 320 1494 {xssfssj
346 1400 549 1482 patuit
608 1400 959 1482 proditore.
1009 1401 1137 1469 Qui
1176 1401 1431 1478 profert
1478 1400 1851 1460 contumeli-

347 1519 469 1568 am,
502 1498 569 1561 id
600 1506 713 1574 est,
748 1497 933 1560 alteri
963 1498 1361 1573 convitiatur,
1397 1499 1713 1574 insipiens
1740 1506 1846 1566 esc,

347 1597 409 1658 id
436 1605 537 1660 est
568 1597 935 1680 impatienS‚
970 1598 1371 1680 passionatus
1400 1603 1463 1659 et
1494 1594 1847 1677 improbuS‚

345 1713 471 1759 non
513 1697 856 1758 attendens
886 1715 954 1758 se
986 1696 1222 1778 ipsum,
1254 1704 1315 1758 et
1355 1695 1714 1777 proximum
1746 1694 1852 1757 lae-

346 1794 491 1856 dere
526 1812 661 1857 non
710 1793 1062 1858 formidans
1100 1812 1113 1855 :
1150 1794 1320 1875 quod
1369 1792 1615 1856 caritati
1662 1801 1850 1874 atque

344 1891 611 1974 justitiae
652 1900 752 1955 est
789 1892 1203 1956 contrarium.

184 1994 239 2049 19
438 1995 527 2054 In
574 1994 991 2071 multiloquio
1040 2011 1171 2052 non
1216 1994 1421 2052 deerit
1455 1999 1790 2068 peccatum
1826 2011 1849 2049 .·

346 2091 493 2172 quia
524 2089 780 2172 aliquid
808 2090 959 2152 mali
992 2109 1060 2152 se
1090 2074 1337 2165 miscet,
1359 2097 1423 2152 et
1454 2089 1851 2151 indiscretio-

346 2191 443 2252 nis
479 2197 581 2253 est
621 2189 770 2271 plus
814 2188 991 2271 loqui
1033 2207 1227 2269 quam
1267 2186 1541 2271 expedit.
1585 2186 1851 2250 Muttito-

347 2290 573 2371 quium
618 2296 833 2350 autem
864 2286 1119 2364 dicitur,
1145 2305 1275 2351 non
1303 2287 1455 2369 quia
1484 2285 1706 2361 multa,
1738 2284 1850 2348 sed

348 2389 496 2471 quia
540 2385 879 2468 superflua
919 2386 1115 2450 verba
1154 2393 1557 2467 promuntur.
1592 2384 1745 2446 Nam
1788 2393 1849 2446 et

114 2509 193 2552 Aa.
210 2513 324 2560 na.
348 2487 578 2550 Paulus
606 2485 675 2547 in
699 2483 965 2547 Actibus
989 2484 1223 2564 legitur
1248 2501 1451 2566 usque
1480 2483 1547 2544 in
1576 2483 1849 2545 mediam

350 2595 601 2650 noctem
659 2582 1047 2666 protraxisse
1103 2601 1483 2646 sermonem.
1545 2581 1852 2644 Similiter

41 2699 43 2730 1
130 2698 325 2742 uaeas-
348 2685 637 2748 Christus
671 2683 737 2745 in
768 2689 985 2746 monte
1016 2691 1079 2745 et
1107 2690 1252 2764 post
1280 2681 1561 2758 Coenam,
1587 2681 1849 2762 longum

104 2761 323 2868 xxm.
351 2783 501 2847 fecit
562 2800 949 2846 sermonem.
1016 2783 1144 2850 Qui
1199 2789 1416 2842 autem
1472 2783 1851 2840 moderatur

351 2885 525 2943 labia
569 2901 717 2952 sua,
750 2879 1073 2960 loquendo
1114 2897 1285 2953 vera,
1321 2877 1620 2951 salubria,
1655 2878 1846 2958 justa,

349 3000 493 3044 cum
526 2977 941 3050 discretione,
976 2976 1605 3058 circumstantiisque
1652 2975 1851 3039 virtu-

1958 806 2178 884 lutem,
2215 826 2331 870 nec
2371 817 2686 891 praecepta
2725 817 2968 891 queunt
3007 809 3282 891 impleri,
3321 810 3446 872 nisi

1958 905 2262 968 sciantur.
2281 907 2544 970 Necesse
2574 916 2668 969 est
2697 926 2954 988 quoque
2981 907 3218 971 donum
3249 909 3450 971 scien-

1958 1005 2062 1067 tiae
2090 1025 2127 1066 a
2158 1004 2395 1087 Spiritu
2429 1005 2656 1068 Sancto
2694 1006 2946 1069 habere.
2981 1007 3137 1069 Hinc
3167 1007 3257 1068 ait
3283 1007 3448 1088 Apo-

1959 1103 2160 1164 stolus
2207 1121 2221 1165 :
2268 1103 2385 1177 Qui
2443 1104 2710 1184 ignorat,
2772 1105 3184 1185 ignorabitur.
3235 1105 3312 1168 Et
3368 1107 3447 1168 de
3499 1123 3740 1173 iconam,

1957 1201 2178 1266 electis
2219 1202 2308 1264 ait
2351 1201 2636 1265 Salvator
2672 1221 2684 1264 :
2719 1203 2919 1264 Erunt
2955 1221 3174 1266 omnes
3211 1202 3450 1266 docibi-
3473 1187 3658 1290 ‘'fjm
3685 1261 3738 1300 n,

1958 1302 2050 1365 les
2080 1301 2214 1363 Dei.
2247 1301 2464 1364 Omnis
2503 1301 2613 1383 qui
2645 1302 2890 1366 audivit
2919 1321 2956 1364 a
2985 1301 3164 1365 Patre
3193 1309 3256 1365 et
3281 1302 3444 1365 didi·
3472 1311 3541 1354 ⁴⁵·
3661 1279 3673 1290 ’

1957 1403 2066 1478 cit,
2100 1403 2280 1465 venit
2310 1401 2387 1463 ad
2419 1420 2544 1463 me.

2034 1502 2411 1562 Benedictio
2456 1501 2724 1561 Domini
2763 1501 2998 1561 divites
3039 1503 3203 1578 facit
3249 1499 3448 1562 homi·
3571 1499 3641 1554 22

1959 1616 2070 1660 nes
2102 1596 2170 1658 in
2200 1595 2542 1659 virtutibus
2579 1613 2592 1658 :
2629 1596 2780 1677 quia
2809 1596 3167 1660 benedictio
3196 1595 3445 1660 Domini

1958 1704 2055 1760 est
2092 1695 2347 1758 collatio
2389 1713 2726 1757 munerum
2764 1697 2928 1775 ejuS‚
2961 1704 3024 1759 et
3066 1695 3452 1776 multiplica·-

1958 1796 2049 1858 tio
2109 1795 2516 1874 eorumdem.;
2565 1814 2680 1855 nec
2731 1797 3082 1856 sociabitur
3137 1797 3230 1854 eis
3285 1796 3451 1872 affli-

1885 1894 1931 1955 B
1957 1897 2106 1963 etin,
2140 1894 2204 1955 id
2237 1901 2330 1956 est
2363 1910 2550 1974 poena
2582 1893 2962 1971 inordinata,
2991 1901 3101 1956 aut
3128 1893 3449 1956 damnatio

1959 1992 2349 2075 sempiterna
2405 2009 2419 2052 :
2477 1991 2604 2054 imo
2670 2011 2814 2054 cum
2873 1993 3106 2072 gaudio
3163 1993 3450 2056 serviunt

1959 2093 2108 2155 Deo.
2144 2092 2438 2154 Attamen
2473 2091 2552 2152 de
2586 2091 2862 2172 peccatis
2905 2092 3036 2153 suis
3069 2111 3142 2154 ac
3175 2090 3445 2154 aliorum

1958 2192 2313 2254 tristantur.
2348 2188 2498 2251 Nam
2529 2198 2591 2252 et
2620 2189 2775 2252 alibi
2815 2189 3120 2271 scriptum
3152 2197 3249 2252 est
3282 2207 3296 2251 ε
3330 2188 3446 2263 Qui
3531 2205 3676 2250 geete.
3699 2220 3729 2258 ι,

1956 2291 2133 2352 addit
2161 2289 2516 2362 scientiam,
2548 2288 2724 2350 addit
2753 2296 2816 2351 et
2845 2288 3151 2351 dolorem.
3184 2289 3271 2351 De
3311 2286 3450 2350 tali·
3477 2269 3546 2314 ¹⁸·

1957 2389 2078 2452 bus
2127 2388 2219 2450 ait
2263 2386 2602 2468 Apostolus
2640 2403 2654 2448 ε
2690 2386 2930 2449 Divites
2980 2386 3132 2450 facti
3176 2388 3328 2450 estis
3379 2387 3448 2448 in
3488 2395 3734 2448 teor.1‚⁵.

1958 2488 2094 2564 illo,
2128 2488 2197 2548 in
2223 2485 2397 2550 omni
2429 2484 2623 2549 verbo
2653 2493 2715 2548 et
2745 2484 2814 2546 in
2844 2486 3018 2548 omni
3051 2486 3338 2549 scientia.

2041 2588 2244 2657 Quasi
2261 2604 2384 2663 per
2405 2585 2614 2646 risum
2642 2589 2878 2645 stultus
2901 2595 3206 2662 operatur
3229 2588 3448 2656 sceluS,
3576 2586 3647 2641 23

1958 2686 2022 2748 id
2054 2692 2174 2760 est,
2209 2682 2405 2764 impie
2445 2683 2576 2762 agit
2613 2702 2758 2745 cum
2797 2682 3028 2762 gaudio
3068 2701 3254 2757 van0‚
3288 2683 3451 2745 sicut

1958 2782 2382 2868 praehabitum
2421 2790 2519 2844 est
2552 2799 2566 2844 τ
2601 2781 2920 2844 Laetantur
2958 2801 3156 2862 quum
3196 2780 3454 2844 malefe-
3478 2791 3743 2843 Prov-mu.

1957 2883 2182 2946 cerint.
2209 2880 2339 2944 lmo
2369 2880 2626 2961 quidam
2660 2887 2809 2942 sunt
2838 2880 2927 2942 ita
2956 2879 3350 2942 obtenebrati
3380 2899 3454 2942 ac

1958 2979 2271 3044 habituati
2299 2978 2366 3040 in
2388 2978 2580 3054 vitiis
2596 2979 2766 3059 quod
2797 2978 2986 3040 etiam
3015 2986 3272 3059 peccata
3297 2995 3456 3042 mor·

350 3090 507 3154 tum,
564 3077 868 3144 videlicet
915 3077 1057 3141 loco
1106 3085 1167 3140 et
1216 3085 1501 3157 tempore
1547 3083 1851 3157 opportu-
1884 3071 1928 3133 C
1961 3079 2111 3142 talia
2171 3077 2401 3153 facere,
2455 3084 2754 3158 reputant
2799 3076 2984 3158 quasi
3041 3077 3285 3154 ludum,
3337 3095 3456 3140 nec

348 3197 452 3254 no,
490 3187 667 3241 recta
696 3177 1079 3253 intentione,
1114 3183 1176 3239 ct
1214 3175 1426 3236 taliter
1458 3182 1527 3236 ut
1557 3182 1847 3257 oportet3

342 3277 902 3357 prudentissimus
930 3284 1020 3335 est
1051 3296 1074 3334 .·
1105 3274 1257 3356 quia
1300 3273 1419 3336 hoc
1459 3273 1713 3353 signum
1756 3281 1853 3336 est

351 3386 411 3440 et
452 3374 735 3440 effectus
778 3391 1026 3453 magnae
1066 3371 1421 3456 prudentiae
1457 3391 1530 3435 ac
1570 3371 1847 3436 virtutis,

182 3485 243 3540 20
356 3513 435 3523 —
468 3480 839 3553 Argentum
867 3477 1157 3545 electum,
1186 3473 1418 3549 linqua
1430 3473 1631 3549 justi,
1664 3470 1727 3533 id
1758 3479 1854 3532 est

351 3573 631 3658 pretiosa
659 3579 722 3634 et
750 3571 952 3633 instar
980 3570 1207 3652 optimi
1237 3569 1508 3649 argenti,
1540 3588 1576 3630 a
1607 3568 1853 3631 macula

348 3672 691 3735 verborum
740 3687 1083 3750 pravorum
1146 3667 1471 3742 immuniS,
1525 3686 1598 3730 ac
1647 3665 1855 3748 splen-

349 3773 503 3835 dens
537 3787 652 3852 per
685 3767 1021 3850 pulchram
1052 3767 1430 3839 doctrinam,
1450 3773 1642 3846 atque
1673 3784 1855 3828 sono-

352 3889 417 3932 ra
445 3867 775 3950 loquendo
804 3865 1179 3945 salubriter3
1201 3884 1308 3925 cor
1336 3867 1599 3942 [autem]
1628 3865 1855 3942 impio-

352 3991 495 4029 rum
518 3986 643 4046 pro
669 3966 882 4026 nihilo
912 3971 1008 4027 est
1037 3962 1423 4038 habendum,
1445 3962 1512 4024 in
1541 3971 1851 4044 quantum

352 4063 746 4147 hujusmodi.
785 4062 938 4125 Nam
978 4069 1041 4125 et
1070 4069 1403 4144 peccatum
1446 4060 1607 4123 nihil
1641 4068 1757 4134 est,
1792 4067 1855 4122 et

354 4165 515 4227 nihil
550 4163 724 4225 fiunt
754 4162 1050 4225 homines
1081 4159 1427 4242 peccando.
1450 4159 1627 4222 Unde
1657 4161 1734 4222 de
1763 4159 1856 4240 ju-

1960 3177 2320 3261 ponderant
2358 3175 2503 3257 plus
2543 3194 2735 3256 quam
2773 3175 2997 3236 risum.
3032 3173 3241 3238 Potest
3277 3174 3458 3254 etita

1960 3274 2193 3357 exponi
2227 3294 2240 3338 :
2276 3273 2465 3348 Quasi
2497 3291 2610 3355 per
2649 3272 2847 3335 risum
2889 3271 3120 3334 stultus
3159 3279 3458 3353 operatur

1961 3374 2192 3450 sceluS‚
2236 3372 2300 3433 id
2351 3380 2468 3448 est,
2523 3371 2882 3454 proximum
2935 3371 3213 3451 graviter
3261 3370 3454 3447 laedit,

1961 3473 2156 3553 idque
2196 3470 2484 3533 faciendo
2524 3470 2722 3532 risum
2754 3468 3094 3550 quemdam
3133 3476 3197 3532 et
3233 3468 3458 3550 jucun-

1960 3573 2112 3634 dum
2158 3569 2406 3634 vultum
2450 3568 2738 3642 assumit,
2774 3587 2854 3630 ne
2893 3566 3286 3648 malignandi
3323 3565 3459 3629 ani-

1960 3688 2067 3732 mo
2128 3667 2250 3731 hoc
2308 3667 2512 3747 egisse
2570 3675 2849 3748 putetur,
2905 3666 3018 3728 sed
3075 3665 3286 3748 potius
3343 3664 3461 3726 im-

1961 3768 2238 3850 provise,
2283 3773 2392 3828 aut
2433 3765 2694 3826 ludendi
2734 3763 3112 3839 intentione,
3159 3764 3247 3826 ita
3285 3763 3457 3845 quod

1960 3865 2302 3929 commisso
2360 3862 2666 3940 facinore,
2719 3863 2876 3925 dicit
2925 3881 2939 3926 ε
2994 3862 3242 3924 Ludens
3301 3860 3451 3924 feci.
3497 3875 3746 3926 laianu.

1960 3965 2307 4042 Sapientia
2335 3971 2552 4022 autem
2580 3971 2669 4022 est
2700 3963 2840 4022 viro
2865 3963 3246 4038 prudentia,
3266 3959 3331 4022 id
3361 3967 3458 4022 est
3486 3941 3552 3981 ¹⁹·

1962 4082 2152 4126 causa
2179 4059 2586 4124 discretionis
2624 4067 2686 4122 et
2712 4059 3124 4142 provisionis
3158 4058 3457 4133 Quamvis

1962 4160 2135 4223 enim
2167 4158 2479 4241 sapientia
2508 4166 2569 4220 et
2594 4157 2930 4239 prudentia
2960 4156 3455 4235 distinguantur,

129 4285 329 4338 rama.
355 4273 449 4328 sto
492 4270 791 4327 cantatur
824 4279 839 4323 ε
872 4260 965 4323 Ad
1008 4259 1287 4321 nihilum
1319 4259 1627 4321 deductus
1658 4267 1753 4320 est
1783 4256 1853 4319 in
1883 4261 1933 4323 D
1963 4269 2175 4323 tamen
2207 4258 2274 4320 in
2304 4257 2669 4321 divinorum
2700 4255 3062 4335 cognitione
3093 4255 3454 4332 illuminati,

354 4369 701 4445 conspectu
732 4359 873 4440 ejus
906 4358 1247 4440 malignus
1280 4357 1485 4418 Etiam
1523 4357 1601 4419 de
1632 4357 1854 4437 iniquo

140 4473 207 4516 ποὺ
232 4491 329 4530 m...
356 4461 679 4526 inducitur
709 4457 879 4539 apud
904 4456 1021 4519 Job
1041 4475 1055 4518 ε
1078 4455 1371 4519 Habitent
1396 4455 1461 4516 in
1493 4454 1857 4517 tabernacu-

116 4539 163 4579 ¹⁵'
188 4595 243 4650 ῃ
356 4561 414 4624 lo
446 4558 627 4623 illius
671 4555 833 4620 socii
862 4556 1026 4636 ejuS‚
1060 4553 1175 4634 qui
1219 4571 1345 4615 non
1390 4561 1506 4615 est.
1537 4588 1618 4598 —
1652 4554 1857 4614 Labia

340 4661 513 4739 justi
538 4657 863 4718 erudiunt
883 4656 1234 4732 plurimos,
1254 4651 1681 4733 corripiendo,
1716 4650 1860 4714 hor-

354 4759 567 4830 tando,
600 4753 1001 4819 consulendo
1040 4771 1152 4814 seu
1182 4750 1609 4832 praedicando.
1641 4748 1857 4830 Aliqui

356 4867 564 4919 tamen
600 4861 751 4916 sunt
780 4849 1210 4933 justi,quibus
1248 4867 1378 4912 non
1410 4849 1693 4930 suppetit
1722 4865 1861 4928 gra-

356 4955 443 5018 tia
488 4949 879 5017 eruditionis
928 4949 1008 5011 ad
1048 4947 1547 5031 praedicandum.
1585 4949 1711 5017 Qui
1745 4967 1861 5006 au-

362 5065 481 5114 tem
532 5051 785 5111 indocti
832 5055 1013 5116 sunt,
1050 5048 1123 5106 in
1169 5047 1383 5106 cordis
1430 5053 1697 5121 eyestate
1738 5065 1862 5105 mo·

359 5154 643 5220 rientur,
696 5145 761 5208 id
805 5153 925 5220 est,
971 5163 1047 5206 ex
1089 5142 1343 5206 defectu
1388 5141 1861 5205 informationis

1964 4378 2041 4422 ex
2088 4358 2233 4439 ipsa
2279 4354 2818 4437 contemplatione
2867 4362 3247 4417 aeternorum
3301 4353 3462 4416 inci-

1966 4464 2182 4519 tantur
2209 4455 2288 4517 ad
2322 4453 2682 4516 habendum
2723 4472 2790 4515 se
2821 4453 3166 4535 prudenter
3194 4461 3256 4515 et
3293 4452 3462 4516 ordi-

1964 4563 2109 4616 nate
2143 4553 2209 4614 in
2241 4552 2431 4614 rebus
2463 4551 2839 4631 actibusque
2868 4549 3188 4612 humaniS.
3212 4551 3365 4614 Nam
3398 4557 3462 4612 et

1966 4661 2125 4714 teste
2157 4649 2479 4733 Apostolo,
2515 4649 2875 4731 Spiritualis
2907 4649 3097 4711 homo
3125 4648 3338 4711 omnia
3367 4649 3462 4730 ju·
3489 4657 3624 4702 10⁰²·-
3639 4658 3749 4708 nst&

1966 4750 2157 4812 dicat.
2205 4748 2625 4829 Philosophus
2668 4765 2926 4828 quoque
2971 4753 3256 4821 testatur,
3289 4746 3458 4827 quod

1968 4845 2286 4929 sapientia
2323 4853 2623 4926 tanquam
2662 4843 2994 4926 capitanea
3031 4842 3316 4924 judicare
3355 4843 3465 4906 ha-

1967 4944 2077 5007 bet
2119 4944 2201 5006 de
2241 4942 2662 5007 inferioribus
2706 4940 3246 5005 intellectualibus
3287 4939 3465 5003 habi-

1969 5043 2165 5105 tibus.

2054 5145 2236 5211 Quod
2285 5142 2463 5201 timet
2513 5143 2782 5218 impius,
2812 5140 3018 5200 veniet
3057 5158 3252 5216 super
3290 5157 3462 5208 eum,
3588 5141 3661 5197 24

365 5250 633 5311 internae
672 5242 1029 5306 morientur
1066 5242 1257 5303 modo
1297 5259 1409 5322 per
1448 5239 1726 5321 culpam,
1760 5239 1867 5301 de-
1972 5238 2274 5303 videlicet
2322 5237 2535 5301 debita
2580 5255 2788 5318 poena,
2824 5255 3015 5318 quam
3054 5235 3154 5298 vel
3199 5235 3266 5297 in
3309 5254 3468 5317 prae-

370 5347 516 5409 inde
574 5362 691 5428 per
751 5358 1007 5424 poenam
1066 5348 1391 5404 aeternam.
1451 5337 1715 5401 Necesse
1772 5345 1869 5402 est
1976 5337 2164 5415 senti,
2199 5335 2404 5400 autin
2436 5334 2652 5398 futuro
2688 5332 3078 5397 sustinebit:
3114 5333 3463 5417 praesertim
