4284 6267
626 1102 661 1157 '1

639 2184 674 2239 9

803 494 880 569 54
1472 522 1824 569 amanum
1866 522 1929 567 lN
1953 520 2108 569 car.
2143 519 2251 566 vm
2293 520 2776 566 Pnovnantonuu.
2825 540 2905 549 —
2947 520 3087 565 An‘r.
3122 518 3229 565 vm

808 692 1054 756 ratione
1089 702 1341 758 aeternae
1377 692 1714 776 Sapientiae
1757 692 2052 756 increatae
2089 710 2162 753 ac
2190 708 2294 770 ge-
2326 690 2373 752 A
2399 700 2601 767 potest
2649 692 3037 768 comparari,
3090 689 3155 751 id
3202 698 3300 752 est
3358 688 3603 751 nullum
3652 688 3891 751 bonum

805 792 979 868 nine,
1031 793 1109 855 de
1154 792 1648 875 proprietatibus
1695 790 2027 875 sapientiai
2067 798 2293 853 creatae

809 888 1067 967 infusoe,
1104 896 1400 952 locutura
1429 912 1600 962 sum,
1619 900 1677 951 et
1709 893 2088 969 aperientur
2119 891 2291 949 labia

807 1009 971 1059 mea,
995 1000 1069 1050 ut
1097 1000 1290 1062 recta,
1315 989 1379 1051 id
1411 997 1507 1051 est
1534 988 1701 1071 justa
1731 990 2110 1052 documenta
2141 1006 2294 1070 prae-

809 1095 1139 1168 ceptaque,
1164 1090 1546 1166 praedicent.
1589 1090 1930 1149 Veritatem
1959 1088 2296 1147 meditabi-

810 1196 918 1247 tur
950 1195 1188 1262 ⁴quitur
1231 1206 1443 1246 meum
1491 1186 1837 1262 internum,
1871 1185 2114 1248 scilicet
2161 1203 2289 1258 cor,

804 1302 933 1365 quo
962 1284 1230 1348 verbum
1263 1283 1692 1346 intellectuale
1722 1281 2061 1365 profertur,
2076 1290 2296 1363 guttur

806 1401 1062 1463 quoque
1107 1382 1458 1463 corporale,
1493 1381 1558 1443 in
1605 1389 1914 1462 quantum
1951 1381 2143 1445 verba
2181 1400 2295 1463 per

809 1480 969 1543 illud
1015 1482 1472 1561 enuntiantur3
1519 1491 1579 1542 et
1622 1483 1794 1543 labia
1845 1502 1982 1541 mea
2028 1484 2295 1541 detesta-

807 1582 1054 1640 buntur
1083 1582 1386 1657 impium.
1418 1582 1591 1641 Jusci
1631 1588 1780 1641 sunl
1821 1600 2031 1641 omnes
2071 1598 2298 1639 sermo-

807 1699 919 1739 nes
957 1680 1108 1746 mei,
1141 1688 1201 1739 et
1238 1698 1366 1739 non
1412 1688 1502 1739 est
1545 1681 1617 1739 in
1664 1682 1754 1739 eis
1783 1700 2070 1757 pravum
2105 1681 2291 1759 quid,

807 1798 1010 1857 neque
1050 1797 1451 1854 perversum.
1502 1776 1826 1840 Pertinent
1878 1777 2050 1840 enim
2101 1776 2297 1840 verba

2408 809 2519 852 seu
2560 788 2913 871 appetibile
2952 788 3351 866 sensitivum‚
3375 807 3576 869 quum
3616 787 3896 851 diverso-

2406 907 2549 950 rum
2602 887 2732 950 sint
2785 905 3091 968 generum
3139 906 3154 951 τ
3201 886 3739 968 quemadmodum
3787 886 3899 949 do-

2408 1006 2488 1049 na
2528 996 2770 1050 naturae
2810 985 3189 1068 comparari,
3238 985 3301 1048 id
3344 993 3439 1049 est.
3481 984 3546 1046 in
3587 985 3896 1064 dignitate

2404 1084 2667 1167 aequari,
2705 1093 3033 1167 nequeunt
3061 1085 3245 1147 donis
3276 1083 3517 1164 gratiae,
3555 1101 3671 1146 nec
3702 1083 3899 1146 sensi-

2406 1183 2607 1246 tivum
2644 1181 3247 1256 intellectivo.Quod
3277 1181 3331 1243 si
3362 1182 3482 1243 ista
3510 1182 3589 1244 de
3618 1180 3899 1244 increata

2408 1282 2729 1365 Sapientia
2786 1289 3206 1363 exponantur,
3258 1289 3505 1343 constat
3558 1280 3731 1361 quod
3786 1280 3898 1341 illa

2410 1379 2665 1443 infinite
2716 1380 2993 1443 emineat
3035 1379 3282 1443 cunctis
3331 1378 3581 1442 creatis.
3629 1378 3899 1442 Possunt

2407 1488 2619 1542 tamen
2655 1481 2735 1542 de
2778 1478 3086 1561 sapientia
3134 1487 3363 1553 creata,
3399 1496 3473 1540 ea
3518 1478 3891 1559 praesertim,

2405 1598 2546 1661 quae
2592 1581 2829 1641 donum
2874 1586 2990 1656 est,
3035 1577 3261 1660 accipi.
3310 1579 3392 1640 De
3425 1595 3551 1656 qua
3586 1576 3895 1658 scriptum

2406 1688 2503 1741 est
2538 1696 2551 1739 ε
2587 1677 2735 1751 Quae
2764 1679 3099 1740 desursum
3132 1686 3227 1740 est
3257 1676 3591 1758 sapientia,
3618 1674 3891 1758 primum

2406 1776 2665 1858 quidem
2702 1775 2933 1858 pudica
2959 1783 3077 1852 est,
3097 1775 3327 1837 deinde
3356 1774 3651 1856 pacifica,
3684 1775 3897 1837 mode-
3928 1761 3947 1802 ¹

808 1874 943 1938 haec
974 1874 1330 1938 Salomonis
1362 1876 1437 1937 ad
1470 1874 1857 1957 Scripturam
1895 1874 2291 1951 canonicam,
2332 1873 2379 1933 B
2408 1883 2523 1951 sta,
2577 1874 2923 1951 suasibiliS,
2978 1874 3166 1937 bonis
3222 1874 3651 1951 consentienS,
3705 1873 3897 1955 plena

810 1974 876 2036 in
928 1993 1056 2054 qua
1115 1991 1446 2054 nunquam
1493 1994 1530 2036 a
1576 1974 1842 2038 veritate
1890 1983 1953 2037 et
1999 1974 2296 2056 aequitate

809 2072 1147 2148 receditur,
1183 2080 1493 2153 quantum
1543 2073 1620 2136 ad
1662 2091 1734 2136 ea
1774 2092 1917 2155 quae
1956 2071 2094 2155 ipsa
2133 2072 2299 2136 Scri-

809 2179 996 2253 ptura
1024 2172 1247 2233 asserit
1279 2189 1427 2233 vera
1451 2190 1590 2233 esse
1621 2180 1682 2233 et
1712 2190 1912 2252 aequa.
1936 2173 2118 2233 Recci
2145 2180 2299 2231 sunt

807 2271 1316 2348 intelliqentibus
1347 2288 1477 2343 θοε,
1504 2289 1618 2351 per
1655 2268 1852 2332 fidem
1885 2278 1948 2331 et
1978 2268 2297 2331 illumina—

808 2368 1045 2431 tionem
1107 2367 1413 2445 divinam,
1467 2377 1576 2430 aut
1632 2366 2151 2431 informationem
2200 2386 2299 2429 ca-

516 2484 551 2529 11
570 2486 778 2537 cor.x‚5.
811 2466 1112 2529 tholicam
1165 2484 1179 2527 ε
1231 2467 1344 2547 qui
1396 2467 1460 2528 in
1512 2466 1940 2549 captivitatem
2003 2466 2299 2546 redigunt

614 3946 682 4002 10

611 4732 674 4787 Η

811 2564 1138 2647 proprium
1197 2564 1618 2641 intellectum,
1651 2572 1715 2627 et
1753 2565 1987 2628 divinae
2028 2564 2298 2628 auctori-

801 2662 920 2725 tati
972 2662 1301 2725 humiliter
1351 2682 1418 2725 se
1468 2662 1793 2743 subdunt3
1833 2674 1893 2724 et
1919 2665 2093 2743 oequi
2121 2666 2299 2724 inve-

804 2763 1136 2823 nientibus
1163 2763 1524 2830 scientiam,
1557 2780 1700 2842 quae
1741 2770 1838 2824 est
1880 2762 2118 2824 donum
2160 2762 2291 2838 Dei,

804 2880 928 2943 per·
945 2879 1138 2941 quam
1179 2860 1412 2922 veritas
1453 2861 1738 2923 noscitur
1771 2860 2240 2943 Scripturarum
2278 2878 2291 2924 ε

803 2960 931 3022 imo
959 2960 1150 3021 etiam
1182 2959 1507 3021 scientiam
1526 2978 1672 3052 quae
1691 2967 1788 3021 est
1814 2960 2046 3022 donum
2078 2960 2295 3040 gratiae

2408 1973 2849 2037 misericordia
2882 1981 2943 2036 et
2976 1971 3289 2036 [ructibus
3321 1972 3529 2035 boniS.

2487 2075 2626 2148 Eyo
2657 2074 2981 2149 sapientia
3009 2074 3224 2133 habito
3254 2074 3326 2131 in
3346 2073 3641 2141 consiliO,
3668 2080 3729 2131 et
3756 2092 3898 2131 eru-

2408 2172 2567 2231 dicis
2599 2172 2915 2230 intersum
2944 2168 3765 2246 coyitatiom‘bus.1ncreata
3792 2168 3900 2231 Sa-

2410 2269 2650 2351 pientia
2692 2286 2805 2350 per
2847 2268 3115 2349 gratiam
3158 2268 3335 2329 adest
3374 2276 3436 2331 et
3474 2276 3901 2331 commoratur

2410 2368 2477 2430 in
2508 2367 2800 2443 consili0,
2836 2366 2899 2428 id
2939 2374 3035 2430 est
3074 2366 3239 2428 inter
3268 2384 3376 2429 eos
3414 2366 3525 2447 qui
3570 2366 3644 2427 ad
3690 2366 3901 2447 inqui-

2410 2466 2678 2529 rendum
2724 2464 2825 2527 vel
2871 2465 3153 2527 dandum
3194 2463 3475 2526 salubria
3517 2464 3785 2527 consilia
3826 2484 3901 2527 ac

2408 2566 2683 2641 decreta,
2738 2572 2887 2625 sunt
2944 2563 3328 2643 congregati.
3385 2562 3486 2626 Sic
3542 2563 3903 2645 specialiter

2407 2672 2505 2725 est
2547 2663 2611 2723 in
2658 2663 2899 2745 synodo
2940 2660 3244 2742 generali,
3281 2680 3473 2741 quam
3511 2662 3899 2724 credendum

2407 2770 2503 2824 est
2533 2780 2569 2823 a
2597 2760 2837 2842 Spiritu
2868 2760 3095 2823 Sancto
3124 2758 3465 2841 gubernari
3498 2778 3571 2822 ac
3600 2758 3788 2840 dirigi
3820 2760 3900 2821 ad

2406 2858 2849 2922 definiendum
2888 2878 2959 2921 ac
3010 2857 3173 2921 bene
3216 2858 3620 2921 sentiendum
3668 2860 3747 2921 de
3796 2856 3897 2920 his

2406 2977 2547 3039 quae
2577 2957 2931 3021 necessaria
2962 2965 3110 3018 sunt
3138 2957 3350 3032 saluti,
3375 2964 3438 3019 et
3464 2967 3725 3039 propter
3752 2976 3897 3038 quae

799 3059 998 3139 gratis
1029 3058 1208 3135 datae,
1227 3076 1339 3139 per
1369 3076 1562 3139 quam
1593 3076 1668 3121 ea
1695 3077 1838 3139 quae
1870 3057 2029 3121 fidei
2059 3066 2296 3121 suntet
2329 3058 2371 3120 C
2406 3056 2545 3138 ipsa
2607 3057 2884 3140 synodus
2947 3054 3393 3138 principaliter
3447 3064 3545 3117 est
3600 3056 3889 3131 collecta,

802 3156 1166 3237 Scripturae,
1203 3163 1634 3237 agnoscuntur
1681 3154 1922 3219 diffuse
1969 3175 2042 3219 ac
2080 3156 2295 3240 limpi-

802 3257 902 3332 de,
937 3263 999 3317 et
1037 3262 1258 3318 contra
1298 3253 1580 3335 perfidos
1619 3252 2068 3317 defenduntur.
2102 3255 2292 3318 Porro

803 3370 930 3415 non
965 3351 1471 3431 intelligentibus
1511 3359 1572 3413 et
1604 3352 1886 3434 perversi
1924 3372 2149 3415 sensus
2188 3353 2295 3416 ho-

802 3450 1107 3525 minibuS,
1161 3450 1274 3531 qui
1321 3470 1397 3512 ea
1445 3469 1589 3531 quae
1643 3448 1800 3513 fidei
1849 3459 2017 3527 sunt,
2069 3452 2291 3514 volunt

801 3568 915 3611 suo
968 3548 1295 3611 intellectu
1341 3548 1554 3611 metiri
1598 3566 1671 3610 ac
1715 3557 2070 3630 penetrare,
2101 3557 2292 3631 atque

727 3644 732 3649 ’
803 3648 1197 3711 tantumdem
1237 3647 1495 3710 credere
1540 3654 1846 3727 quantum
1895 3648 2052 3730 ipsis
2099 3668 2293 3731 appa-

804 3754 900 3809 ret
929 3746 1340 3820 credendum,
1380 3762 1508 3807 non
1540 3745 1835 3809 videntur
1869 3765 2193 3809 sermones
2225 3747 2289 3809 hi

805 3862 944 3907 esse
984 3843 1118 3906 veri
1157 3851 1221 3905 et
1257 3843 1436 3924 justi.

885 3944 1176 4019 Accipite
1203 3943 1626 4019 disciplinam
1655 3962 1890 4013 meam,
1921 3942 1985 4004 id
2029 3950 2124 4007 est
2166 3963 2295 4007 cor-

805 4038 1172 4114 rectionem,
1194 4037 1734 4118 informationem,
1761 4041 2131 4104 modestiam
2168 4062 2294 4105 me-

805 4158 930 4217 am,
963 4149 1022 4200 et
1057 4158 1184 4199 non
1207 4140 1558 4215 pecuniam
1591 4157 1819 4201 meam.
1852 4137 2041 4212 Quasi
2072 4139 2242 4203 dicat
2276 4160 2289 4204 :

2405 3174 2601 3236 quum
2655 3154 2721 3215 in
2771 3154 3115 3234 Evangelio
3162 3154 3331 3216 dicat
3378 3153 3661 3217 Salvator
3706 3172 3721 3215 ε
3774 3152 3891 3216 Ubi

2403 3254 2531 3316 duo
2562 3253 2663 3316 vel
2698 3260 2823 3315 tres
2855 3252 3221 3333 congregati
3265 3250 3505 3315 fuerint
3538 3252 3602 3315 in
3636 3253 3897 3316 nomine
3921 3251 3947 3279 ¹

2404 3370 2570 3428 mec,
2626 3351 2716 3413 ibi
2778 3351 2843 3413 in
2895 3351 3105 3413 medio
3154 3370 3375 3414 eorum
3429 3369 3591 3413 sum.
3645 3350 3895 3413 Habitat

2402 3470 2659 3532 quoque
2691 3450 2757 3512 in
2788 3449 3082 3526 consilio,
3110 3450 3171 3512 id
3203 3458 3299 3512 est
3328 3450 3395 3512 in
3425 3450 3665 3513 salubri
3694 3458 3759 3513 et
3790 3450 3895 3532 pia

2405 3549 2823 3630 inquisitione
2869 3549 2947 3611 de
2995 3548 3279 3629 agendiS,
3330 3547 3394 3611 in
3446 3568 3573 3629 qua
3620 3549 3895 3612 libenter

2402 3647 2622 3729 dirigit
2653 3647 3113 3722 consulentem,
3148 3646 3448 3728 quoniam
3484 3647 3689 3729 placet
3718 3648 3775 3709 ei
3810 3655 3895 3709 ta-

2403 3746 2483 3808 lis
2541 3745 2947 3809 consultati0.
3000 3745 3323 3827 Sapientia
3380 3764 3636 3827 quoque
3686 3754 3893 3809 creata

2403 3843 2649 3907 habitat
2680 3846 2747 3907 in
2779 3843 3073 3922 consilio,
3109 3844 3261 3925 quia
3293 3843 3646 3907 formaliter
3678 3844 3896 3923 dirigit

2403 3944 2470 4005 in
2502 3944 2757 4022 eodem3
2797 3952 2858 4006 et
2878 3943 3190 4025 sapientia
3220 3942 3335 4005 illa
3361 3962 3504 4024 quae
3534 3952 3629 4007 est
3657 3944 3892 4007 donum

2402 4040 2620 4120 gratiae
2660 4041 2855 4121 gratis
2900 4042 3082 4120 datae,
3118 4050 3213 4105 est
3252 4042 3474 4123 utique
3504 4042 3571 4104 in
3612 4043 3894 4122 generali

2403 4139 2699 4203 concilio.
2736 4138 3041 4203 Similiter
3083 4140 3397 4222 sapientia
3446 4160 3589 4222 quae
3638 4149 3735 4203 est
3780 4142 3893 4205 do-

803 4236 1194 4319 Spiritualia,
1247 4254 1375 4299 non
1425 4236 1800 4317 corporalia,
1827 4237 1995 4300 bona
2040 4239 2293 4321 praebeo
2326 4242 2374 4303 D
2405 4258 2579 4315 num,
2615 4247 2711 4301 est
2740 4238 2805 4299 in
2846 4238 2940 4301 eis
2969 4239 3076 4320 qui
3120 4239 3185 4301 in
3218 4238 3479 4303 caritate
3512 4241 3849 4303 exsistunt.

803 4335 1008 4401 vobiS.
1035 4336 1412 4397 Doctrinam
1449 4337 1656 4413 mayis
1685 4356 1882 4416 quam
1917 4358 2157 4399 aarum
2185 4341 2295 4399 eli-

795 4438 956 4513 9ίιθ,
995 4434 1059 4496 id
1109 4441 1206 4497 est
1255 4433 1620 4497 thesaurum
1672 4435 2046 4498 exteriorem
2084 4454 2098 4497 :
2140 4437 2296 4518 quia

804 4553 933 4615 quo
963 4533 1176 4597 anima
1207 4540 1304 4595 est
1333 4533 1726 4614 praestantior
1764 4553 2048 4616 corpore,
2081 4553 2156 4597 eo
2186 4536 2296 4599 do·

804 4632 1010 4694 ctrina
1043 4630 1340 4693 thesauro
1384 4638 1480 4693 est
1521 4630 2108 4714 incomparabiliter
2148 4632 2293 4715 plus

804 4730 1102 4813 optanda.
1146 4729 1303 4793 Hinc
1348 4728 1642 4791 subditur
1676 4746 1690 4791 :
1723 4732 1954 4792 melior
1991 4741 2082 4792 est
2116 4734 2294 4793 enim

801 4830 1126 4905 sapientia
1149 4830 1397 4890 cunctis
1421 4829 1910 4906 pretiosissimis
1936 4830 2189 4907 Opimia,
2210 4829 2295 4892 vi·

801 4926 1032 4989 delicet
1075 4944 1252 5001 aum,
1285 4924 1579 5005 gemmis,
1609 4934 1671 4988 et
1711 4924 2156 4989 consimilibus
2198 4945 2294 4989 re-

803 5025 923 5088 bus
966 5043 1037 5087 ac
1081 5023 1519 5106 corporalibus
1561 5023 1895 5105 speciebus
1933 5023 1999 5086 in
2039 5043 2155 5087 suo
2195 5043 2295 5105 ge-

803 5142 955 5186 nere
1003 5122 1188 5185 valde
1245 5121 1563 5204 pretiosiS,
1619 5129 1689 5183 ut
1746 5140 1820 5185 ea
1877 5142 2017 5203 quae
2073 5123 2292 5203 regina

539 5231 772 5287 1¹¹Re9-1.
797 5223 961 5286 Saba
1021 5221 1254 5302 legitur
1311 5222 1498 5285 tertio
1556 5220 1794 5302 Regum
1849 5220 2156 5284 detulisse
2212 5224 2289 5285 ad

509 5294 550 5343 2,
573 5295 638 5336 to.

799 5321 1234 5399 Salomonem3
1277 5330 1336 5381 et
1371 5341 1556 5383 omne
1587 5323 2034 5393 desiderabile,
2063 5324 2126 5382 ei
2158 5342 2287 5384 non

2484 4337 2770 4419 Denique
2798 4338 2878 4400 de
2907 4346 3175 4419 utraque
3205 4339 3321 4401 bac
3350 4338 3661 4421 sapientia
3687 4340 3894 4420 accipi

3954 1696 4114 1800 ’facea
4130 1710 4181 1745 m,

4033 2084 4098 2138 12

3978 3173 4146 3216 matth.

3954 3252 4043 3287 vm,
4074 3240 4139 3279 2⁰.

2404 4444 2611 4517 potest
2642 4436 2813 4517 quod
2846 4436 2933 4498 ait
2962 4436 3303 4518 Apostolus
3340 4457 3353 4502 :
3390 4437 3779 4519 Sapientiam
3811 4438 3897 4502 lo·
3948 4459 4188 4509 iconae.

2405 4533 2663 4614 quimur
2694 4534 2861 4597 inter
2893 4535 3207 4616 perfectos
3236 4553 3249 4597 :
3276 4535 3651 4618 sapientiam
3682 4545 3893 4601 autem
3924 4524 3947 4563 ⁷

2405 4651 2533 4695 non
2584 4632 2775 4714 hujus
2820 4635 3068 4712 mundi,
3105 4653 3223 4697 nec
3264 4634 3629 4717 principum
3679 4636 3895 4700 saeculi

2406 4732 2640 4813 huJus3
2698 4733 2806 4795 sed
2857 4732 3179 4814 loquimur
3224 4733 3337 4796 Dei
3400 4734 3775 4816 sapientiam
3828 4736 3894 4799 in

2404 4830 2728 4912 mysterio,
2763 4849 2905 4910 quae
2942 4830 3315 4895 abscondita
3346 4840 3462 4895 est.
3498 4832 3761 4915 Insuper
3799 4854 3897 4897 sa-

2405 4928 2645 5012 pientia
2679 4936 2805 4992 tam
2836 4930 3114 4993 increata
3132 4950 3323 5012 quam
3355 4933 3890 5013 creata,eruditi3,

2404 5027 2467 5089 id
2500 5035 2596 5089 est
2625 5028 3047 5108 prudentibus
3078 5038 3141 5091 et
3170 5030 3463 5105 sensatiS,
3500 5038 3691 5111 atque
3727 5032 3895 5095 salu-

2402 5124 2621 5187 bribus
2650 5126 3131 5205 cogitationibus
3159 5128 3337 5190 adest
3360 5137 3423 5191 et
3449 5124 3728 5207 interest,
3744 5130 3895 5211 quia

2401 5224 2753 5304 procedunt
2790 5243 2866 5287 ex
2908 5224 3240 5306 sapientia,
3274 5234 3337 5288 et
3376 5226 3632 5307 placent
3674 5247 3894 5310 super-

2400 5320 2874 5405 sapientissimo
2939 5323 3065 5387 Deo
3099 5340 3117 5404 3
3176 5322 3671 5405 cogitationibus
3738 5346 3891 5393 vero
