4284 6267
1064 516 1415 563 numano
1458 514 1521 563 IN
1563 514 1703 563 cAP.
1740 516 1825 563 vn
1866 514 2304 567 nchESIAsTAE.
2347 540 2428 551 —-
2469 522 2610 571 Am.
2648 522 2732 571 vu

3317 506 3436 573 257

342 685 577 747 retrahi
626 705 743 769 per
788 688 1057 767 gratiam
1108 688 1241 751 Dei.
1276 724 1353 735 —
1384 686 1834 770 Spiritualiter,
1868 688 1920 751 A
1950 688 2116 752 sicut
2172 700 2237 754 et
2285 692 2351 755 in
2409 694 2810 759 naturalibus
2859 696 2983 759 viri
3032 695 3437 778 praefulgent.

340 800 450 863 per
482 784 827 847 mulierem
858 786 1069 861 istam,
1101 786 1399 849 haeretica
1431 786 1709 868 pravitas
1738 786 1840 849 de-

342 881 651 961 signatur,
686 902 830 965 quae
869 883 1265 947 amarissime
1303 885 1597 957 vulnerat
1624 886 1834 962 corda,

342 988 405 1041 et
460 1000 577 1062 per
636 1000 833 1063 quam
892 983 1327 1047 haeresiarchae
1384 984 1709 1047 maledicti
1767 1003 1841 1047 ac

342 1078 689 1156 daemoneS,
741 1081 1054 1163 plurimos
1100 1082 1510 1165 deceperunt.

418 1180 585 1239 Ecce
613 1182 753 1249 hoc,
786 1180 957 1261 quod
992 1180 1124 1261 jam
1154 1181 1397 1245 dictum
1436 1189 1554 1259 est,
1588 1183 1839 1250 inveni,

346 1275 407 1338 id
442 1285 563 1354 est,
600 1277 1067 1342 considerando
1104 1287 1168 1342 et
1197 1279 1584 1361 inquirendo
1613 1297 1844 1359 cogno-

345 1374 428 1452 vi,
462 1377 645 1437 dimit
677 1379 1107 1450 Ecclesia-5833,
1126 1398 1337 1439 unum
1365 1388 1425 1438 et
1451 1382 1759 1448 alteru-m,
1778 1377 1843 1440 id

342 1482 458 1550 est,
502 1475 627 1537 ista
670 1484 733 1537 et
774 1474 887 1537 illa
922 1474 1346 1551 discutiendo,
1380 1486 1453 1537 ut
1481 1478 1844 1538 invenirem

340 1576 661 1635 rationem
684 1574 765 1636 de
790 1573 1075 1655 singulis
1088 1574 1253 1637 sicut
1279 1574 1407 1656 jam
1438 1582 1673 1637 tactum
1703 1583 1799 1638 est
1825 1592 1839 1637 z

341 1692 537 1752 quam
566 1676 789 1734 adlam-
814 1676 1051 1753 quoerit
1080 1674 1307 1735 anima
1340 1696 1499 1736 mea.
1524 1674 1696 1750 Nam,
1733 1674 1845 1737 sic-

342 1777 409 1832 ut
455 1770 653 1835 homo
700 1770 929 1834 videns
977 1790 1015 1834 a
1064 1772 1251 1853 longe
1302 1790 1435 1835 rem
1482 1772 1838 1855 pulchram,

1946 788 2123 851 Unde
2156 790 2221 851 in
2255 792 2470 872 regula
2497 813 2610 855 sua
2631 794 2854 857 beatus
2882 794 2973 856 ait
3001 794 3439 879 HieronymuS,

1950 888 2118 967 quod
2150 897 2740 972 quantumcumque
2769 892 3052 955 virtuosa
3079 893 3161 955 sit
3189 894 3440 970 mulier,

1950 985 2001 1046 si
2046 986 2250 1049 virtus
2291 988 2358 1050 in
2405 988 2543 1052 viro
2585 988 2866 1068 deficiat,
2915 991 3169 1054 tandem
3219 992 3444 1055 deficit

1949 1091 2012 1147 et
2056 1083 2121 1146 in
2167 1085 2457 1149 muliere.

2043 1184 2484 1253 Solummodo,
2529 1184 2592 1247 id
2641 1193 2737 1247 est
2783 1185 3124 1269 praecipue,
3176 1190 3291 1248 hoc
3338 1190 3441 1249 in-

1950 1282 2126 1349 veni,
2151 1284 2322 1361 quod
2346 1283 2573 1360 fecerit
2603 1286 2772 1344 Deus
2801 1285 3124 1346 hominem
3155 1295 3396 1347 rectum
3418 1307 3441 1347 .·

1952 1379 2016 1440 id
2046 1387 2166 1455 est,
2202 1379 2663 1462 protoplastum
2696 1390 3024 1463 parentem
3053 1382 3118 1445 in
3147 1383 3445 1463 originali

1950 1475 2200 1557 justitia
2255 1477 2558 1555 condidit,
2621 1479 2908 1543 scientiis
2961 1480 3446 1564 {virtutibusque

1951 1574 2344 1658 perfectum3
2378 1575 2504 1654 vel,
2539 1578 2891 1658 quemlibet
2919 1579 3239 1643 hominem
3282 1581 3445 1644 Deus

1952 1672 2166 1737 efficit
2212 1682 2480 1751 rectum,
2531 1674 2596 1736 id
2639 1684 2736 1739 est
2777 1676 2842 1738 in
2894 1677 3292 1741 naturalibus
3337 1678 3448 1741 bo-

1953 1792 2129 1850 num,
2165 1773 2244 1835 ad
2273 1773 2540 1837 virtutes
2571 1774 2974 1856 dispositum,
3008 1775 3350 1841 habentem
3378 1777 3445 1840 in

338 1868 587 1950 appetit
634 1888 778 1932 eam
824 1869 1059 1932 clarius
1102 1888 1383 1948 cernere,
1417 1879 1481 1933 et
1523 1870 1841 1933 desiderio
1879 1872 1925 1933 B
1952 1890 2021 1934 se
2052 1872 2390 1952 quamdam
2426 1871 2894 1936 inchoationem
2925 1874 3330 1937 scientiarum
3365 1882 3450 1938 at-

339 1968 619 2047 quodam
653 1968 1055 2048 accenditur3
1090 1968 1178 2031 ita
1205 1968 1319 2049 qui
1350 1968 1559 2031 studet
1590 1987 1709 2051 pro
1736 1987 1843 2031 ve-

340 2069 529 2131 ritate
581 2066 1023 2147 intelligenda‚
1074 2068 1229 2129 dum
1278 2067 1509 2149 incipit
1556 2086 1697 2131 eam
1744 2086 1845 2130 co-

337 2184 673 2247 gnoscere,
709 2165 1154 2228 inflammatur
1192 2166 1272 2228 ad
1312 2165 1665 2247 pleniorem
1704 2165 1843 2246 ejus

340 2266 637 2330 notitiam
679 2264 1119 2328 obtinendam.
1150 2267 1239 2327 Ει
1276 2284 1407 2327 non
1443 2267 1671 2325 inveni
1704 2283 1845 2327 eam

1950 1988 2077 2051 que
2110 1970 2415 2033 virtutum
2445 1979 2866 2034 concreatam.
2889 1974 2973 2035 De
2995 1973 3202 2055 primo
3237 1982 3446 2037 tamen

1950 2067 2211 2131 homine
2241 2068 2442 2149 magis
2472 2077 2683 2151 potest
2713 2070 3011 2151 intelligi,
3045 2080 3118 2134 ut
3145 2090 3222 2134 ex
3249 2071 3446 2135 Gene-

1951 2167 2039 2229 sis
2084 2167 2291 2249 primo
2331 2186 2408 2229 ac
2450 2169 2731 2231 secundo
2772 2169 3073 2251 capitulis
3117 2169 3442 2234 elucescit.

1952 2266 2105 2327 Nam
2150 2274 2213 2328 et
2259 2265 2414 2329 alibi
2455 2266 2760 2329 asseritur
2793 2287 2808 2331 z
2844 2268 3005 2330 Deus
3055 2268 3292 2331 creavit
3338 2269 3448 2332 ho·
3473 2293 3586 2351 Sap.
3609 2296 3736 2347 ma.

1953 2363 2192 2427 minem
2227 2363 2866 2429 inexterminabilem.
2901 2365 2968 2427 ln
3005 2366 3448 2431 Ecclesiastico

1953 2480 2210 2543 quoque
2233 2462 2313 2524 de
2343 2461 2567 2543 primis
2591 2464 2962 2545 parentibus
2990 2463 3221 2544 legitur
3240 2482 3254 2527 ε
3273 2464 3449 2529 Crea-
3487 2491 3736 2543 neceam„

1956 2561 2049 2625 vit
2078 2560 2209 2622 illis
2241 2560 2576 2624 scientiam
2616 2562 2904 2644 spirituS‚
2939 2582 3129 2626 sensu
3161 2564 3452 2646 implevit
3476 2558 3518 2600 ⁶·

1956 2660 2148 2723 corda
2188 2658 2465 2721 illorum.
2503 2663 2586 2721 Ec
2617 2662 2750 2737 ipse
2777 2680 2842 2720 se
2873 2662 3161 2739 infinitis
3191 2664 3452 2723 miscue-

1956 2760 2048 2819 rit
2087 2759 2569 2837 quoestionibm,
2607 2757 2668 2819 id
2708 2766 2806 2820 est
2842 2758 3447 2838 innumerabilibuS,

1959 2874 2088 2918 non
2126 2854 2334 2917 solum
2365 2853 2828 2936 quaestionibus
2857 2854 3144 2933 utilibus,
3176 2855 3454 2921 fructuo-

342 2364 655 2447 pcrfecte.
704 2363 825 2425 Vix
880 2362 1053 2426 enim
1104 2382 1441 2445 possumus
1492 2364 1571 2426 de
1629 2361 1845 2443 aliqua

341 2472 637 2527 creatura
686 2462 1019 2526 universas
1063 2462 1206 2543 ejus
1252 2481 1475 2526 causas
1524 2462 1847 2541 assignare

343 2572 453 2625 aut
502 2562 694 2639 scire,
738 2579 1091 2642 omnesque
1138 2563 1279 2642 ejus
1322 2560 1742 2643 proprietates
1784 2567 1846 2623 et

344 2661 515 2727 vires
565 2660 965 2742 dignoscere,
1015 2660 1553 2741 quemadmodum
1601 2658 1850 2741 exposi-

348 2770 483 2823 tum
542 2767 644 2823 est
701 2777 893 2841 super
948 2758 1134 2836 illud,
1190 2758 1447 2823 Cunctae
1506 2777 1607 2821 res
1664 2756 1846 2820 diffi-

344 2858 525 2923 cileS.

444 2960 679 3018 Virum
718 2959 799 3016 de
844 2957 1023 3016 mille
1066 2975 1276 3016 unum
1322 2956 1536 3032 reperi
1565 2975 1587 3013 .·
1620 2952 1683 3016 id
1726 2960 1845 3030 est,
1959 2954 2045 3016 sis
2076 2962 2137 3016 et
2170 2952 2386 3029 licitis,
2413 2952 2523 3015 sed
2551 2953 2816 3036 insuper
2845 2952 3136 3032 curiosiS,
3156 2955 3455 3037 supersti-

346 3065 589 3120 tantam
632 3053 850 3116 inveni
881 3053 947 3115 in
992 3051 1362 3116 hominibus
1403 3050 1848 3115 defectuosita-
1882 3049 1928 3112 C
1959 3051 2160 3128 tiosiS,
2197 3050 2438 3113 illicitis
2474 3068 2489 3112 ε
2524 3069 2638 3133 per
2668 3070 2938 3132 quarum
2967 3052 3450 3135 occupationem

344 3165 493 3231 tem,
527 3154 702 3236 quod
740 3154 820 3215 de
854 3152 1031 3215 mille
1072 3151 1227 3215 viris
1258 3152 1362 3216 vix
1403 3150 1609 3233 reperi
1641 3169 1841 3212 unum
1958 3149 2222 3231 negligit
2269 3168 2411 3231 quae
2460 3158 2610 3213 sunt
2657 3150 2901 3225 salutiS,
2955 3159 3020 3214 et
3067 3160 3314 3235 tempus
3358 3152 3454 3214 in-

88 2780 217 2825 seete.
234 2796 261 2833 ι,
278 2785 315 2825 8.

348 3253 613 3319 nomine
664 3250 788 3314 viri
845 3250 1134 3331 dignum,
1186 3257 1407 3331 utpote
1463 3249 1842 3324 virtuosum,

346 3350 733 3436 perfectum,
769 3347 1051 3413 feminea
1080 3348 1517 3412 blandimenta
1551 3366 1851 3430 spernen-

348 3462 505 3515 tem.
555 3450 626 3512 In
674 3447 913 3530 quibus
961 3448 1173 3512 verbis
1224 3446 1486 3529 ponitur
1545 3464 1851 3510 numerus

350 3548 819 3613 determinatus
871 3565 986 3629 pro
1044 3544 1558 3620 indeterminato,
1619 3545 1698 3607 ad
1758 3546 1855 3606 in-

352 3648 685 3711 nuendum
744 3644 1128 3727 paucitatem
1187 3640 1499 3707 bonorum
1560 3651 1852 3726 respectu

354 3746 697 3822 malorum,
747 3744 1286 3826 quemadmodum
1341 3742 1436 3804 ait
1491 3741 1779 3807 Salvator
1836 3760 1849 3805 :

1960 3252 2284 3314 fructuose
2329 3249 2668 3313 consumit.

2068 3349 2228 3419 Quis
2276 3350 2548 3410 talis-ut
2605 3351 2860 3426 sapiens
2906 3354 3042 3411 est?
3090 3347 3452 3413 Secundum

1957 3447 2242 3510 Glossam
2274 3445 2524 3511 videtur
2553 3446 2675 3510 hoc
2717 3446 3012 3511 Salomon
3045 3446 3358 3529 implicite
3391 3456 3456 3511 et

1960 3546 2222 3627 oblique
2258 3544 2471 3607 dicere
2509 3545 2589 3607 de
2632 3563 2701 3607 se
2727 3545 2901 3626 ¹ipso,
2942 3554 3014 3607 ut
3052 3546 3136 3609 sit
3174 3564 3398 3609 sensus
3434 3566 3449 3610 :
3501 3552 3510 3558 ’

1961 3643 2110 3719 Quis
2145 3642 2292 3705 talis
2335 3650 2406 3704 ut
2433 3642 2688 3724 sapiens
2719 3646 2849 3705 est?
2883 3643 2944 3705 id
2981 3651 3098 3720 est,
3132 3643 3279 3725 quis
3321 3652 3457 3706 tan-

1964 3750 2041 3805 tae
2078 3739 2381 3816 scientiae,
2419 3747 2487 3801 ut
2525 3756 2642 3819 ego
2679 3739 2999 3817 Salomon,
3037 3740 3150 3821 qui
3187 3748 3456 3804 antono-

103 3862 325 3917 κώμη,
354 3846 531 3909 Multi
578 3852 729 3907 sunt
786 3842 1015 3919 vocati,
1067 3841 1258 3924 pauci
1306 3859 1456 3904 vero
1512 3841 1723 3904 electi.
1778 3842 1858 3904 Et
1963 3840 2227 3904 mastice
2255 3838 2517 3921 Sapiens
2546 3841 2770 3902 vocor?
2801 3848 2862 3902 et
2893 3848 3105 3903 tamen
3143 3839 3207 3902 in
3241 3859 3454 3903 rerum

95 3926 325 4047 ’,ἶῆζξέζ
356 3942 703 4027 Apostolus
740 3941 831 4005 ait
867 3958 881 4002 ε
911 3940 1143 4005 Omnes
1182 3958 1326 4021 quae
1364 3958 1481 4002 sua
1513 3948 1662 4001 sunt
1691 3959 1857 4021 quae-
1963 3938 2250 4022 plenaria
2280 3936 2784 4020 perscrutatione
2814 3938 2880 3999 in
2917 3946 3160 4000 tantum
3189 3937 3451 4001 deficio.

356 4051 531 4107 runt.
564 4042 772 4122 Atque
801 4040 869 4101 in
906 4038 1153 4103 Psalmo
1189 4055 1204 4100 t
1234 4037 1467 4102 Omnes
1495 4037 1857 4102 declinave-

234 4131 261 4169 '’
299 4150 312 4160 ·
358 4148 531 4217 runt,
572 4137 767 4201 simul
809 4136 1069 4199 inutiles
1112 4133 1265 4199 facti
1305 4143 1474 4197 sunt.
1509 4138 1852 4198 Mulierem

1962 4038 2106 4101 Ideo
2136 4036 2248 4099 alii
2278 4035 2511 4097 debent
2547 4035 2627 4098 de
2658 4034 3079 4099 immoderato
3110 4044 3173 4099 et
3202 4036 3456 4099 curioso

1964 4133 2275 4199 scrutinio
2333 4134 2768 4215 supersedere.
2820 4136 2904 4196 Ec
2963 4136 3111 4214 quis
3161 4136 3456 4213 coynovic

351 4261 439 4301 eoe
470 4239 775 4299 omnibus
808 4256 941 4297 non
974 4238 1202 4297 inveni
1229 4255 1251 4295 .·
1284 4233 1346 4296 id
1391 4242 1507 4312 est,
1552 4233 1620 4296 in
1671 4233 1856 4297 femi·
1884 4222 1937 4298 D'
1960 4235 2344 4296 solucionem
2389 4233 2586 4301 verbi,
2618 4231 2683 4293 id
2734 4240 2830 4294 est
2867 4230 3241 4295 difficilium
3285 4251 3456 4314 quae-

352 4338 457 4401 nis
490 4346 731 4399 tantam
762 4332 981 4397 inveni
1012 4332 1443 4414 fragilitatem,
1478 4341 1547 4395 ut
1578 4332 1756 4395 nulla
1785 4332 1851 4394 in

350 4436 447 4500 eis
494 4436 783 4497 virtuosa
822 4440 1146 4514 appareat.
1196 4430 1332 4493 Non
1373 4432 1545 4511 quod
1594 4430 1851 4514 penitus

351 4534 534 4597 nulla
582 4532 666 4595 sit
712 4530 1017 4608 virtuosa,
1068 4529 1178 4592 sed
1227 4530 1582 4611 respective
1631 4537 1693 4591 et
1739 4548 1853 4612 per

350 4630 751 4717 hyperbolen
801 4628 1046 4692 dictum
1091 4637 1191 4691 est
1239 4627 1359 4691 hoc
1416 4645 1432 4689 ε
1483 4627 1635 4709 quia
1681 4629 1849 4709 quod

348 4730 679 4794 modicum
704 4736 823 4804 est,
856 4743 974 4809 pro
1002 4725 1205 4789 nihilo
1236 4733 1587 4807 reputatur,
1612 4733 1676 4789 et
1702 4726 1857 4808 quia

350 4829 419 4892 in
443 4825 846 4892 naturalibus
868 4824 1161 4888 mulieres
1187 4822 1687 4906 imperfectiores
1713 4834 1857 4887 sunt

350 4927 511 4994 viris
542 4924 993 5001 communiter,
1029 4922 1321 5005 quamvis
1360 4941 1489 4988 non
1530 4923 1613 4985 sit
1652 4922 1739 4986 ita
1777 4924 1855 4987 de

352 5024 655 5107 singulis.
690 5022 921 5105 Sieque
949 5040 1064 5104 per
1093 5020 1285 5086 verba
1317 5021 1451 5084 haec
1480 5020 1729 5084 videtur
1757 5022 1856 5083 in-

354 5123 624 5201 sinuari,
638 5121 808 5204 quod
830 5120 1047 5203 plures
1072 5119 1202 5183 sint
1224 5119 1493 5185 virtuosi
1518 5119 1641 5183 viri
1670 5138 1856 5201 quam

362 5220 644 5285 feminae.
695 5219 774 5281 Et
812 5218 1120 5283 credibile
1158 5218 1312 5281 satis
1351 5226 1639 5299 apparet,
1686 5218 1857 5299 quod

359 5321 580 5404 plures
625 5319 759 5382 sint
804 5317 929 5382 viri
979 5315 1271 5399 perfecti,
1323 5335 1516 5399 quam
1570 5313 1853 5397 feminae,

611 5452 679 5505 T.
714 5452 766 5504 7.

1962 4333 2243 4396 stionum
2275 4349 2388 4413 per
2419 4328 2612 4393 verba
2639 4329 3152 4412 propositarqu
3182 4330 3320 4408 Vel,
3356 4330 3458 4395 So-

1962 4431 2272 4494 lutionem
2321 4426 2523 4505 verbi,
2551 4427 2616 4491 id
2655 4436 2752 4491 est
2793 4428 2882 4492 rei
2927 4428 3308 4509 significatae
3342 4448 3456 4513 per

1961 4530 2179 4597 verba.
2213 4529 2315 4593 Sic
2344 4529 2516 4591 enim
2547 4528 2814 4593 verbum
2844 4547 2961 4610 pro
2992 4547 3060 4592 re
3088 4526 3457 4612 frequenter

1962 4631 2297 4714 accipitur,
2333 4638 2402 4691 ut
2447 4627 2534 4691 ibi
2571 4645 2586 4690 t
2618 4626 2795 4703 Quod
2837 4637 2935 4692 est
2976 4628 3243 4694 verbum
3283 4628 3456 4710 quod
3483 4646 3748 4705 naam.

1966 4730 2202 4793 factum
2251 4730 2385 4791 est‘t
2426 4726 2617 4801 Quasi
2666 4726 2834 4790 dicat
2875 4744 2889 4789 :
2935 4726 3147 4789 Talem
3196 4726 3460 4790 solutio-

1964 4846 2113 4891 nem
2143 4844 2260 4907 ego
2289 4844 2421 4906 prae
2448 4824 2592 4887 aliis
2622 4824 2776 4902 scio,
2809 4844 2927 4888 nec
2957 4833 3168 4888 tamen
3199 4843 3458 4907 respon·-

1964 4928 2114 4990 dere
2163 4925 2239 4987 ad
2289 4922 2502 4987 omnia
2551 4922 2731 4988 valeo
2766 4940 2780 4984 :
2814 4931 3053 5005 quanto
3099 4922 3301 5003 magis
3346 4923 3458 4986 alii

1964 5023 2203 5088 debent
2230 5040 2490 5085 manum
2532 5039 2962 5103 superponere
2999 5020 3131 5085 ori?
3158 5021 3273 5084 Vel
3314 5020 3405 5085 sic
3439 5038 3454 5083 :

1966 5121 2116 5197 Quis
2165 5120 2310 5183 talis
2359 5127 2432 5182 ut
2477 5118 2774 5200 sapiens?
2804 5117 2868 5180 id
2913 5126 3028 5195 est,
3075 5137 3274 5199 quum
3329 5126 3458 5181 tam

1967 5219 2238 5283 arduum
2267 5218 2351 5280 sit
2377 5225 2442 5281 et
2470 5235 2701 5293 rarum,
2727 5216 2806 5279 ad
2836 5215 3213 5298 sapientiam
3244 5234 3462 5298 perve-

1970 5316 2132 5394 nire,
2166 5316 2312 5399 quis
2342 5314 2509 5393 talis,
2543 5314 2605 5377 id
2637 5321 2752 5389 est,
2789 5312 2936 5395 quis
2967 5312 3036 5375 in
3071 5314 3303 5378 soeculo
3337 5314 3460 5379 isto

3147 5448 3208 5498 17
