4284 6267
846 509 964 574 100

1532 523 1882 571 malumno
1926 523 1988 568 m
2030 523 2170 569 CAP-
2215 523 2298 568 XV
2339 521 2822 568 Pnovlmmonux.
2873 541 2954 552 —
2993 522 3136 567 ΛΒΤ.
3181 521 3262 566 XV

842 707 948 758 rat
996 699 1257 774 faciem.
1306 695 1459 758 Nam
1511 695 1645 758 sive
1695 694 1841 776 quis
1890 693 2334 776 spiritualiter,
2366 693 2415 755 Α
2447 712 2593 756 vere
2625 693 2904 756 adhaeret
2933 693 3080 767 Deo,
3115 699 3178 754 et
3211 691 3446 755 bonam
3475 686 3929 752 conscientiam

845 795 981 858 sive
1028 795 1366 858 carnaliter
1405 794 1755 856 delectetur
1792 793 1859 854 in
1908 792 2118 868 corde,
2155 793 2337 871 signa

846 894 1167 956 interioris
1220 891 1639 974 jucunditatis
1696 891 1981 953 relucent
2032 891 2096 951 in
2147 890 2332 964 facie,

846 992 1199 1074 praesertim
1236 991 1301 1052 in
1332 990 1559 1054 oculis,
1586 994 1667 1052 In
1697 1009 1964 1051 moerore
1993 991 2209 1050 animi
2235 993 2340 1048 de-

830 1093 1075 1168 jicitur
1102 1092 1401 1168 spiritua,
1432 1089 1498 1152 id
1528 1097 1646 1166 est,
1670 1088 1887 1150 anima
1917 1088 2006 1150 ita
2034 1087 2340 1169 deprimi-

846 1197 971 1264 tur,
1011 1189 1181 1270 quod
1214 1188 1397 1270 signa
1434 1189 1699 1251 internae
1730 1186 2145 1250 desolationis
2179 1185 2339 1248 relu-

572 1297 817 1352 nssaaenn,
846 1295 992 1349 cent
1021 1287 1089 1348 in
1120 1286 1323 1364 vultu,
1345 1287 1527 1367 juxta
1559 1285 1716 1348 illud
1752 1306 1765 1348 ε
1794 1286 1917 1348 Cur
1946 1285 2162 1348 vultus
2193 1291 2336 1344 tuus

554 1363 597 1408 ²·
850 1386 1047 1448 tristis
1078 1394 1197 1462 θεῖ,
1222 1405 1423 1466 quum
1455 1393 1517 1446 ῖθ
1546 1393 1851 1464 aegrotum
1885 1403 2011 1446 non
2044 1383 2336 1446 videam?

846 1483 983 1546 Non
1030 1491 1129 1546 est
1176 1483 1296 1547 hoc
1344 1482 1603 1559 frustra,
1648 1482 1758 1544 sed
1806 1482 2069 1558 malum,
2121 1481 2338 1544 nescio

654 1597 723 1653 14
845 1582 1038 1663 quod,
1085 1581 1149 1644 in
1194 1582 1384 1644 corde
1433 1589 1540 1643 tuo
1582 1588 1700 1642 θεῖ.
1743 1617 1819 1626 -
1866 1583 1985 1640 Cor
2026 1580 2338 1659 sapientis

845 1682 1123 1760 quoeret‘
1160 1682 1527 1740 doctrinam
1556 1701 1580 1738 .·
1609 1679 1761 1760 quia
1796 1697 1925 1741 non
1960 1677 2166 1741 solum
2201 1677 2340 1738 vult

846 1777 1007 1841 alios
1057 1777 1427 1854 informare,
1472 1777 1578 1840 sed
1628 1778 1823 1840 etiam
1872 1775 2208 1840 informari
2257 1775 2338 1837 ab

582 1704 603 1725 ·
630 1704 792 1758 querit

2445 793 2746 874 possidet,
2799 811 2872 854 ac
2916 811 3134 874 pacem
3185 791 3502 853 internam
3547 787 3738 850 habet
3785 804 3930 848 cum

2443 891 2757 954 Creatore.
2791 890 2938 964 Quae
2973 891 3185 953 dicere
3214 909 3291 951 ex
3321 887 3638 952 sententia
3679 893 3884 967 potest
3913 901 3928 944 :

2446 990 2752 1052 Dominus
2799 990 3186 1054 illuminatio
3231 1008 3392 1064 mea,
3427 995 3490 1050 et
3527 986 3698 1048 salus
3739 1002 3926 1047 mea:
3965 997 4180 1042 Paxm.
4205 1003 4246 1042 ι.

2445 1108 2637 1171 quem
2697 1089 2990 1152 timebo?
3049 1089 3356 1152 Dominus
3413 1093 3730 1169 protector
3785 1083 3934 1148 vitae

2445 1207 2604 1250 meae
2637 1209 2652 1252 :
2691 1208 2730 1250 a
2766 1207 2894 1270 quo
2945 1187 3318 1271 trepidabo?
3347 1187 3506 1250 Sunt
3543 1193 3753 1248 autem
3793 1181 3935 1264 qui-

2445 1287 2590 1348 dam
2630 1286 3004 1364 intimorati,
3038 1287 3150 1368 qui
3190 1285 3382 1349 etiam
3425 1286 3492 1346 in
3533 1283 3804 1365 quadam
3839 1281 3935 1342 vi-

2447 1393 2606 1446 vunt
2652 1385 3014 1462 securitate,
3051 1404 3178 1448 non
3228 1391 3568 1467 pensantes
3606 1400 3720 1442 sua
3761 1378 3933 1461 peri-

2445 1483 2591 1544 cula
2637 1491 2698 1544 et
2746 1491 3004 1565 peccata
3037 1501 3052 1544 :
3088 1483 3324 1565 quibus
3367 1491 3432 1544 θῖ
3473 1499 3588 1544 sua
3628 1476 3933 1542 securitas

2446 1581 2651 1644 dulcis
2689 1590 2809 1658 est,
2841 1583 2950 1645 sed
2981 1583 3320 1646 admodum
3353 1579 3732 1664 periculosa.

2529 1683 2766 1740 Melius
2793 1691 2886 1742 est
2905 1703 3150 1759 parum
3179 1681 3258 1744 de
3291 1677 3768 1761 temporalibu8‚
3809 1673 3933 1736 sci·
4067 1683 4144 1737 16

2449 1777 2596 1840 licet
2634 1778 2994 1861 simplicem
3027 1780 3268 1842 victum
3305 1787 3369 1842 et
3397 1776 3696 1842 vestitum
3735 1772 3932 1835 habe-

846 1876 991 1939 aliis
1032 1895 1144 1958 per
1174 1877 1370 1939 verba
1408 1882 1518 1937 aut
1556 1875 1813 1958 scripta,
1848 1883 1913 1937 θῖ
1950 1875 2129 1956 cupit
2169 1893 2336 1936 seme·
2373 1880 2420 1942 Β
2450 1895 2538 1952 re,
2573 1898 2720 1938 eum
2766 1880 2993 1938 timore
3019 1879 3289 1939 Domini
3322 1875 3534 1952 filiali,
3567 1895 3762 1955 quam
3803 1875 3934 1932 the-

846 1995 961 2058 per
1018 1975 1375 2058 proficere3
1427 1986 1488 2037 et
1538 1995 1602 2036 os
1650 1979 1997 2036 stultorum
2044 1976 2340 2052 pascitur

848 2077 1205 2154 imperitia,
1242 2073 1304 2137 id
1344 2082 1461 2150 θεῖ,
1498 2073 1675 2136 stulti
1710 2081 1773 2136 et
1800 2072 2039 2154 garruli
2077 2073 2336 2154 propria

849 2173 1252 2254 loquacitate,
1290 2171 1731 2254 imperitisque
1778 2170 2117 2252 colloquiis
2168 2170 2338 2233 dele-

847 2280 1121 2335 ctantur.

655 2391 723 2446 15
929 2376 1157 2434 Omnes
1184 2373 1320 2430 dies
1344 2371 1683 2448 pauperis,
1714 2371 1878 2428 mali
1906 2390 1929 2428 :
1962 2368 2025 2431 id
2070 2376 2188 2445 est,
2221 2368 2336 2449 qui

848 2469 915 2532 in
946 2468 1401 2550 temporalibus
1434 2487 1676 2550 pauper
1707 2475 1824 2543 θεῖ,
1863 2467 1998 2530 dies
2028 2466 2220 2528 habet
2249 2467 2339 2529 la-

848 2567 1155 2644 boriOSOS,
1189 2575 1448 2650 propter
1478 2566 1832 2628 necessaria
1862 2565 2334 2647 conquirenda3

846 2675 909 2730 θῖ
940 2665 994 2728 si
1029 2673 1367 2747 paupertas
1406 2683 1521 2726 sua
1564 2664 1861 2746 displicet
1901 2664 2047 2738 sibi,
2084 2664 2151 2725 in
2183 2662 2339 2726 assi-

846 2763 991 2826 duis
1016 2762 1485 2826 afflictionibus
1516 2762 1849 2843 taediisque
1877 2762 2186 2826 consistit.
2201 2762 2340 2824 Por-

848 2881 919 2926 ro
965 2863 1076 2944 qui
1127 2879 1367 2944 pauper
1415 2869 1511 2924 est
1560 2859 1811 2942 spiritu,
1866 2869 1929 2924 et
1976 2859 2338 2924 voluntarie

848 2961 1057 3043 inopS,
1104 2962 1356 3042 Deoque
1400 2959 1707 3036 serviem,
1756 2959 2333 3041 persecutionibuS,

2445 1978 2633 2036 sauri
2655 1978 2884 2054 maqni
2908 1987 2970 2037 et
2999 1978 3421 2037 insatiabiles.
3445 1975 3573 2036 lmo
3605 1973 3792 2034 timor
3819 1968 3930 2032 Dei

2447 2092 2560 2154 per
2608 2092 2676 2136 se
2725 2069 3309 2156 incomparabiliter
3355 2072 3602 2136 cunctis
3659 2068 3930 2133 terrenis

2445 2171 2676 2253 opibus
2708 2181 2910 2235 exstat
2942 2173 3376 2255 praestantior3
3428 2171 3648 2234 utilius
3676 2184 3931 2250 quoque

2445 2278 2543 2332 est
2571 2272 2649 2333 ad
2681 2270 2846 2334 bene
2875 2271 3240 2346 vivendum,
3280 2269 3634 2333 necessaria
3663 2267 3793 2331 sola
3827 2265 3933 2326 ha·

2445 2367 2616 2446 bere,
2649 2389 2839 2450 quam
2891 2368 3346 2451 temporalibus
3384 2368 3730 2444 abundare,
3772 2382 3930 2446 quo-

2447 2466 2615 2530 niam
2650 2466 2852 2530 multa
2880 2467 3036 2532 vitia
3064 2475 3492 2548 assequuntur
3519 2464 3796 2528 divitias.
3831 2462 3928 2524 ld·—

2447 2583 2522 2626 θο
2565 2575 2780 2629 monet
2817 2565 3157 2648 Apostolus
3187 2585 3201 2629 :
3235 2565 3547 2628 Habentes
3588 2563 3826 2628 victum
3867 2567 3930 2624 et
3963 2576 4238 2626 trimme.

2448 2663 2684 2743 quibus
2714 2673 3022 2744 tegamur,
3057 2664 3157 2726 his
3197 2663 3478 2727 contenti
3511 2663 3732 2724 simus.
3769 2660 3930 2722 Hinc

2447 2770 2508 2824 θῖ
2559 2762 2742 2824 multi
2802 2762 3166 2845 philosophi
3225 2762 3484 2825 divitias
3531 2769 3929 2841 contempse-

2449 2869 2618 2939 runt,
2652 2870 2966 2943 quatenus
2994 2861 3416 2945 philosophiae
3445 2868 3740 2924 vacarent
3774 2858 3932 2921 libe-

2450 2960 2597 3023 rius.
2630 2961 2773 3024 ldeo
2805 2961 2869 3022 in
2900 2961 3178 3024 secunda
3207 2960 3478 3043 epistola
3505 2961 3585 3023 ad
3615 2958 3926 3021 Lucilium

850 3059 1305 3122 tentationibus
1334 3067 1398 3122 ct
1435 3058 1905 3122 afflictionibus
1944 3059 2336 3140 quotidianis
2373 3055 2416 3119 C
2450 3059 2684 3122 Seneca
2715 3069 3012 3122 testatur:
3037 3061 3312 3123 Honesta
3341 3077 3440 3122 res
3469 3068 3585 3135 est,
3610 3058 3751 3120 laeta
3780 3075 3933 3138 pau-

587 3175 819 3228 Pmum,
850 3176 976 3221 non
1006 3167 1196 3220 caret.
1230 3157 1435 3220 Multae
1463 3157 1637 3221 enim
1670 3158 2112 3221 tribulationes
2141 3159 2340 3239 justo-

580 3270 817 3352 nim-‚ut
848 3276 1013 3320 rum.
1046 3257 1123 3318 Et
1166 3276 1386 3320 omnes
1424 3256 1537 3338 qui
1580 3257 1802 3319 volunt
1844 3257 1949 3340 pie
1994 3258 2211 3320 vivere
2268 3257 2330 3318 in

558 3367 625 3410 ιε.
848 3354 1120 3430 Christ0,
1142 3355 1649 3437 persecutionem
1679 3355 2032 3437 patiuntur.
2052 3355 2148 3430 Et,
2171 3355 2336 3417 sicut

850 3455 939 3516 ait
964 3452 1321 3532 GregoriuS,
1341 3453 1496 3516 Abel
1526 3472 1663 3516 esse
1695 3454 1925 3530 renuit,
1963 3473 2153 3536 quem
2182 3454 2334 3518 Cain

556 3567 767 3616 laeuam,
782 3567 822 3609 ε.
850 3551 1095 3614 malitia
1126 3569 1251 3613 non
1282 3559 1553 3614 exercet.
1579 3551 1862 3633 Insuper,
1894 3552 1961 3614 in
1993 3552 2213 3615 multis
2245 3551 2339 3617 of-

852 3649 1173 3713 fendimus
1216 3667 1458 3712 omneS.
1492 3649 1567 3711 Et
1608 3650 1699 3713 sic
1737 3651 1872 3713 dies
1916 3652 2115 3715 nostri
2160 3652 2336 3735 pleni

850 3756 999 3812 sunt
1028 3747 1211 3812 malis
1242 3747 1449 3830 culpae
1475 3757 1539 3811 θῖ
1572 3766 1795 3830 poenae.
1829 3750 2004 3813 Unde
2036 3759 2098 3813 et
2131 3751 2338 3833 quoti-

850 3846 1039 3910 diana
1095 3846 1478 3909 contritione
1536 3865 1609 3909 ac
1667 3848 2047 3929 poenitentia
2094 3849 2338 3929 indige-

591 3961 758 4020 Epnee.
780 3975 821 4015 v,
852 3965 1018 4006 muS.
1052 3945 1197 4008 ldeo
1226 3943 1314 4006 ait
1342 3944 1681 4025 Apostolus
1716 3965 1729 4010 :
1757 3945 2160 4010 Redimentes
2189 3957 2339 4010 tem-

561 4029 627 4070 ¹⁶·
852 4063 994 4126 puS,
1018 4042 1321 4124 quoniam
1360 4042 1496 4105 dies
1546 4043 1697 4106 mali
1748 4053 1915 4107 sunt.
1947 4046 2107 4109 Hinc
2144 4047 2336 4110 Jacob

558 4159 822 4266 ocenum,
852 4141 1213 4224 patriarcha
1264 4159 1278 4204 :
1321 4140 1485 4216 Dies,
1530 4140 1761 4222 inquit,
1805 4145 2336 4224 peregrinationis

850 4358 994 4402 rum
1044 4345 1212 4415 sunt,
1268 4338 1448 4420 parvi
1497 4347 1560 4402 et
1605 4340 1778 4402 mali.
1832 4341 2073 4404 Dicitur
2121 4352 2332 4406 autem

850 4445 1101 4519 tempus
1154 4437 1414 4514 malum,
1467 4457 1595 4501 non
1643 4441 1811 4520 quod
1864 4441 1928 4502 in
1979 4461 2047 4504 se
2095 4443 2332 4506 malum

850 4535 955 4612 sit,
990 4537 1099 4598 sed
1139 4545 1398 4618 propter
1446 4556 1519 4600 ea
1566 4556 1711 4619 quae
1749 4548 1899 4601 sunt
1945 4548 2008 4603 θῖ
2058 4540 2229 4603 siunt
2267 4543 2333 4604 in

852 4643 1156 4718 tempore,
1192 4653 1231 4696 a
1261 4635 1493 4716 quibus
1526 4637 1721 4698 sumit
1748 4637 2330 4704 denominationem

574 4744 822 4799 iunctim.
854 4732 1295 4815 multiplicem.
1330 4733 1507 4796 Unde
1554 4734 1861 4817 scriptum
1905 4745 2002 4799 est
2046 4755 2059 4800 :
2097 4739 2333 4803 Videns

558 4809 603 4854 ¹·
846 4831 1145 4896 Jonathas
1186 4831 1339 4913 quia
1382 4838 1629 4913 tempus
1668 4851 1815 4895 eum
1852 4835 2052 4916 juvat.
2088 4841 2332 4900 Secura

848 4953 1047 5002 mens,
1099 4949 1241 5011 quae
1286 4929 1530 4992 scilicet
1580 4931 1959 4995 inordinatis
2001 4935 2334 4998 anxietati-

847 5030 988 5106 bus,
1015 5028 1429 5091 immoderata
1460 5029 1910 5108 sollicitudine,
1935 5033 2336 5114 passionum-

848 5147 973 5209 que
1021 5125 1507 5189 immoderantia
1563 5135 1755 5204 caret,
1805 5137 1901 5191 est
1947 5132 2137 5208 quasi
2169 5135 2335 5211 juqe

846 5228 1217 5286 convivium
1249 5243 1272 5285 .·
1301 5224 1453 5305 quia
1500 5224 1753 5288 assidue
1800 5226 2085 5291 laetificat
2134 5230 2334 5295 homi-

848 5341 1018 5386 nem.
1061 5322 1139 5384 At
1170 5339 1321 5386 vero
1362 5341 1541 5386 mens
1580 5323 1743 5388 bene
1787 5345 2010 5391 secura
2043 5337 2164 5406 est,
2189 5349 2334 5410 quae

2447 3167 2690 3240 pertas3
2739 3159 2867 3221 imo
2910 3159 3042 3240 jam
3093 3177 3221 3221 non
3270 3167 3365 3220 est
3415 3165 3774 3240 paupertas,
3817 3153 3928 3216 sed

2444 3257 2771 3338 opulentia
2801 3257 3032 3334 cordiS,
3067 3257 3120 3319 si
3151 3257 3294 3320 laeta
3321 3265 3438 3320 θεῖ.
3475 3256 3758 3337 Denique
3799 3271 3926 3316 non

2445 3354 2558 3436 qui
2590 3374 2814 3437 parum
2845 3355 3057 3432 habet,
3091 3356 3199 3418 sed
3231 3357 3342 3437 qui
3364 3355 3520 3438 {plus
3551 3353 3744 3436 cupit,
3779 3371 3936 3434 pau-

2449 3472 2560 3535 per
2589 3462 2706 3516 est.
2743 3453 2903 3527 Quid
2933 3453 3106 3516 enim
3137 3452 3350 3531 refert,
3385 3461 3692 3535 quantum
3725 3450 3821 3512 illi
3866 3450 3933 3511 in

2447 3571 2610 3628 arca,
2646 3560 2960 3633 quantum
2991 3553 3059 3614 in
3099 3552 3343 3616 horreis
3379 3553 3598 3634 jaceat,
3618 3557 3932 3632 quantum

2448 3659 2663 3733 pascat
2707 3659 2817 3712 aut
2865 3650 3233 3728 foeneretur,
3275 3651 3329 3712 si
3369 3650 3660 3713 imminet
3695 3647 3930 3723 alien0,

2447 3749 2498 3811 si
2532 3769 2660 3812 non
2691 3750 3019 3831 acquisita,
3041 3750 3150 3812 sed
3173 3749 3558 3831 acquirenda
3581 3749 3936 3829 computet?

2446 3847 2596 3921 Quis
2625 3849 2708 3910 sit
2737 3847 3104 3910 divitiarum
3133 3847 3357 3909 modus
3387 3845 3930 3929 quaerisssprimuS,

2447 3947 2680 4010 habere
2717 3965 2860 4028 quae
2907 3965 3165 4008 necesse
3211 3953 3338 4024 θεῖς
3385 3945 3721 4021 secunduS,
3759 3944 3932 4025 quod

2446 4044 2598 4107 satis
2633 4053 2748 4107 est.
2782 4045 3091 4107 Dicuntur
3122 4052 3332 4106 autem
3365 4043 3646 4106 thesauri
3678 4041 3932 4104 insatia-

2449 4143 2629 4220 biles,
2652 4143 2834 4224 quasi
2863 4142 3091 4220 active,
3108 4143 3228 4204 hoc
3257 4151 3354 4205 est
3382 4141 3748 4216 insatiativi,
3779 4159 3934 4222 quo-

851 4259 1011 4303 meae
1038 4258 1227 4322 super
1257 4247 1511 4316 terram,
1546 4249 1803 4303 centum
1844 4242 2105 4324 triginta
2133 4264 2334 4308 anno·
2366 4243 2415 4304 D
2447 4243 2617 4304 niam
2656 4243 3009 4325 appetitum
3055 4260 3182 4303 non
3223 4241 3470 4317 satiant,
3507 4241 3616 4304 sed
3649 4240 3924 4302 irritant.

2443 4377 2522 4387 —-
2553 4343 2793 4402 Melius
2836 4350 2925 4401 est
2975 4343 3193 4401 vocari
3227 4343 3314 4401 ad
3350 4343 3524 4400 olera
3571 4361 3718 4401 cum
3761 4341 3931 4399 cari·
4070 4346 4140 4401 17

2447 4451 2598 4510 cate,
2643 4461 2843 4520 quam
2889 4443 2978 4500 ad
3026 4442 3308 4500 vitulum
3351 4439 3726 4516 saginatum
3781 4459 3930 4498 cum

2445 4542 2642 4600 odio:
2685 4538 2748 4600 id
2795 4547 2913 4614 θεῖ,
2965 4537 3284 4600 salubrius
3331 4544 3396 4599 et
3439 4535 3929 4600 desiderabilius

2443 4646 2538 4701 θεῖ
2567 4638 2644 4700 ad
2673 4637 2888 4700 cibum
2925 4635 3232 4712 sobrium,
3267 4653 3396 4697 non
3426 4634 3773 4717 pretiosum
3807 4653 3928 4696 nec

2444 4736 2709 4810 lautum,
2745 4755 2820 4798 ex
2851 4735 3114 4798 caritate
3159 4733 3438 4810 invitari,
3471 4753 3663 4815 quam
3701 4733 3778 4794 ad
3813 4732 3928 4794 fer·

2443 4835 2586 4898 cula
2615 4834 2873 4916 copiosa
2901 4841 2964 4896 et
2994 4833 3183 4907 lauta,
3207 4851 3284 4895 ex
3315 4830 3726 4904 rancore.Qui
3755 4830 3926 4894 enim

2442 4953 2520 4996 ex
2549 4933 2694 4996 odio
2726 4932 2976 5008 invitat,
2998 4931 3366 5012 frequenter
3397 4930 3658 4994 molitur
3685 4929 3923 4992 malum

2443 5032 2501 5095 ei
2550 5051 2742 5114 quem
2794 5029 3110 5106 invitavit,
3151 5028 3684 5111 quemadmodum
3730 5028 3928 5091 Ptole-
4017 5047 4214 5092 luuh.

2443 5151 2642 5196 maeus
2692 5130 2872 5194 filius
2922 5129 3149 5207 Abobi,
3186 5128 3459 5208 Simoni3
3510 5135 3574 5190 et
3623 5127 3924 5204 Absalon,
3955 5113 4222 5228 {QZ-‘¹¹2'

2443 5232 2690 5293 Amnon
2741 5249 2857 5293 suo
2909 5227 3113 5290 fratri.
3145 5227 3339 5290 Nemo
3380 5226 3572 5306 igitur
3609 5225 3926 5290 desiderio
3955 5237 4102 5279 27-29-

2442 5329 2808 5396 divitiarum
2843 5328 3162 5408 relinquat
3188 5325 3297 5389 Dei
3329 5325 3621 5389 timorem
3659 5333 3724 5388 ct
3753 5343 3928 5388 com-
