4284 6267
883 480 1005 543 206
1474 498 1825 545 numano
1868 496 1931 543 m
1971 496 2111 543 car.
2159 496 2308 543 xxxi
2350 495 2835 543 rnovanmonmt.
2877 516 2958 525 —
2997 497 3139 544 aar.
3185 496 3380 543 xxxin

885 668 1317 734 inordinatum
1366 668 1567 733 sensit
1615 676 1857 733 motum
1908 666 1975 731 in
2024 686 2216 732 carne
2257 686 2373 729 sua
2403 665 2456 729 A
2490 686 2666 746 num,
2713 677 2778 731 et
2825 668 2996 731 facta
3041 676 3136 732 est
3184 667 3402 749 gratias
3449 676 3672 743 mater,
3717 666 3981 749 pietatis

884 768 1325 831 mundissima.
1374 768 1643 849 Fuitque
1696 767 2076 831 castimonia
2134 766 2248 829 illa
2305 766 2372 828 in
2486 768 2726 849 regina,
2767 768 3026 830 domina
3068 766 3313 844 mundi,
3361 766 3744 849 principissa
3785 764 3984 829 coelo·

883 982 1027 1045 quae
1076 984 1191 1029 sua
1236 966 1471 1029 virtute
1528 986 1601 1029 ac
1650 965 1993 1029 influentia
2050 966 2374 1027 intuentes
2565 968 2843 1027 Manum
2869 986 3060 1026 suam
3086 967 3344 1042 aperuit
3375 966 3580 1041 inopi,
3608 973 3671 1023 et
3709 965 3978 1040 palmas
4109 973 4179 1027 20

884 1062 977 1127 sic
1018 1064 1393 1145 penetravit,
1426 1065 1598 1147 quod
1640 1064 1779 1147 ipsa
1825 1064 2015 1127 unica
2056 1062 2166 1126 Dei
2213 1082 2376 1124 nun·
2480 1084 2634 1124 suas
2679 1067 2970 1125 extendit
3011 1066 3100 1125 ad
3138 1084 3512 1143 pauperem.
3544 1060 3798 1125 Certum
3848 1068 3976 1135 est,

880 1179 1069 1242 quam
1115 1162 1324 1244 potuit
1362 1163 1445 1226 ab
1485 1163 1724 1245 alique,
1770 1170 1839 1225 ut
1881 1162 2184 1238 creditur,
2229 1178 2374 1224 con·
2486 1160 2654 1240 quod
2709 1160 3171 1241 gratiosissima
3215 1159 3429 1240 Virgo,
3483 1160 3668 1240 cujus
3727 1157 3978 1223 viscera

880 1259 1149 1344 cupisci.
1181 1264 1266 1324 Et
1298 1265 1625 1323 roboravit
1654 1264 1995 1323 brachium
2027 1281 2243 1321 suum.
2280 1259 2371 1322 Ad
2483 1266 2665 1320 erant
2711 1258 2773 1321 in
2830 1258 3136 1337 caritatiS,
3173 1258 3448 1341 pietatis,
3485 1257 3979 1338 dulcedinisque

880 1365 1119 1421 tantam
1150 1358 1447 1441 equidem
1476 1358 1874 1442 spiritualem
1907 1358 2368 1433 fortitudinem,
2481 1355 2792 1421 affectum
2837 1376 3142 1422 conversa
3187 1375 3262 1420 ac
3309 1354 3781 1432 transformata,
3818 1356 3976 1418 totis

880 1455 1362 1540 perfectionem,
1396 1457 2003 1540 exuberantiamque
2051 1455 2368 1538 pervenit,
2483 1454 2730 1520 viribus
2771 1474 2962 1537 opera
3007 1454 3462 1519 misericordiae
3499 1454 3854 1538 corporalia
3898 1474 3976 1518 ac

881 1556 1053 1637 quod
1086 1574 1341 1619 omnem
1371 1557 1573 1620 aciem
1606 1556 1930 1633 vitiorum,
1966 1574 2222 1620 omnem
2254 1554 2371 1617 dae-
2481 1554 2840 1637 spiritualia
2889 1554 3287 1638 adimplevit,
3339 1563 3404 1618 et
3451 1573 3655 1637 usque
3703 1555 3770 1616 in
3819 1574 3978 1639 prae-

880 1672 1143 1717 monum
1175 1654 1448 1732 turbam,
1482 1674 1737 1719 omnem
1768 1654 2278 1738 persecutionem
2307 1660 2371 1716 et
2481 1673 2629 1717 sens
2651 1654 2900 1717 cunctis
2928 1652 3362 1737 peccatoribus
3393 1662 3978 1736 quantumcumque

878 1752 1349 1832 adversitatem,
1384 1762 1513 1815 tam
1550 1753 2074 1818 victoriosissime
2117 1769 2370 1834 supera·
2481 1753 2879 1831 miserrimis,
2925 1753 3185 1831 vilibus,
3218 1753 3543 1829 desolatis,
3584 1751 3845 1833 iniquis,
3893 1762 3979 1815 ta-

882 1852 993 1929 vit,
1027 1853 1199 1934 quod
1238 1872 1553 1934 nusquam
1594 1853 1816 1916 saltem
1864 1852 1929 1915 in
1964 1852 2234 1914 minimo
2268 1868 2370 1933 po-
2407 1856 2453 1917 B
2483 1871 2626 1915 men
2653 1852 2732 1914 ad
2771 1852 2977 1935 ipsam
3013 1851 3558 1933 confugientibuS,
3594 1851 3975 1933 suspiranti-

882 1958 1087 2013 terant
1134 1970 1275 2015 eam
1334 1951 1564 2015 laedere
1619 1959 1729 2014 aut
1788 1970 2055 2031 nocere3
2110 1960 2366 2032 tamque
2479 1950 2613 2027 buS,
2630 1950 3096 2029 anhelantibus
3113 1970 3372 2014 manum
3405 1970 3584 2013 suam
3613 1949 3968 2034 piissimam

880 2050 1321 2114 strenuissime
1346 2051 1583 2133 jugiter
1614 2050 1739 2114 fuit
1782 2050 2030 2113 actibus
2062 2047 2368 2114 virtuosis
2481 2050 2751 2133 porrigit
2803 2049 3202 2131 adjutricem.
3253 2052 3404 2111 Non
3453 2051 3693 2111 timebit
3737 2048 3970 2109 domui
4101 2057 4166 2109 2¹

880 2148 1145 2223 intenta,
1170 2149 1341 2230 quod
1374 2168 1704 2231 nunquam
1731 2146 1835 2212 vel
1872 2148 2140 2211 minima
2172 2146 2369 2226 negli-
2477 2170 2609 2211 suoe
2635 2171 2677 2209 a
2703 2150 3060 2229 friqoribus
3089 2152 3286 2211 niviS.
3310 2148 3544 2211 Domus
3575 2147 3968 2229 dignissimae

878 2246 1113 2327 gentia,
1148 2247 1475 2311 distractio
1504 2255 1613 2309 aut
1643 2247 1901 2330 pigritia
1932 2247 1992 2311 ei
2024 2245 2366 2327 subrepsit.
2478 2247 2781 2322 Dominae,
2813 2256 2911 2311 est
2955 2254 3084 2310 tota
3127 2246 3428 2321 Ecclesia,
3454 2247 3636 2327 cujus
3683 2245 3822 2329 ipsa
3877 2254 3975 2309 est

881 2344 1163 2428 Denique
1206 2345 1343 2427 ipsa
1366 2354 1463 2407 est
1489 2345 1707 2427 virago
1738 2344 1847 2409 illa
1878 2346 2246 2421 fortissima,
2291 2344 2370 2406 de
2478 2347 2785 2410 advocata
2830 2354 2894 2409 et
2950 2346 3181 2409 rectrix
3239 2357 3429 2427 atque
3486 2344 3852 2428 protectrix,
3911 2352 3976 2407 et

590 2460 766 2514 omna,
786 2462 853 2509 us.
882 2463 1007 2525 qua
1036 2444 1101 2506 in
1130 2444 1358 2507 Genesi
1389 2444 1693 2508 Dominus
1720 2444 1881 2507 dixit
1912 2443 2193 2528 serpenti
2220 2462 2232 2507 :
2255 2441 2371 2505 lni-
2479 2444 2938 2526 spiritualiter*
2976 2445 3065 2520 hi,
3099 2444 3209 2527 qui
3260 2452 3390 2508 tota
3435 2444 3774 2507 devotione
3823 2462 3964 2506 eam
4031 2458 4050 2477 ·
4077 2456 4252 2512 speci-ti-

882 2740 1181 2803 calcaneo
1220 2740 1383 2822 erS.
2478 2748 2722 2803 veroni.
2749 2744 3202 2818 Straqulatam
3240 2751 3462 2801 vestem
3481 2741 3636 2818 feeit
3663 2742 3789 2801 sibi
3807 2761 3830 2800 .·
3853 2738 3974 2802 sic·
4099 2748 4166 2800 22

689 2846 756 2901 18
965 2841 1284 2911 Gustavit,
1316 2850 1377 2901 et
1399 2841 1566 2900 vidit
1596 2842 1753 2921 quia
1782 2842 1945 2901 bona
1972 2850 2061 2901 est
2089 2841 2368 2917 περσεία·
2481 2848 2551 2901 ut
2581 2840 2648 2902 in
2667 2838 2914 2902 Psalmo
2941 2840 3021 2903 de
3047 2858 3123 2902 ea
3147 2848 3450 2915 cantatur,
3466 2838 3722 2901 Adstitit
3753 2838 3973 2919 regina
4003 2854 4066 2896 Ρ.
4071 2867 4187 2902 ......
4193 2856 4246 2892 ω.

885 2942 970 3001 tio
996 2942 1157 3017 ejus,
1183 2938 1429 3015 Quanto
1458 2958 1587 3021 prae
1620 2938 1847 3003 ceteris
1878 2939 2119 3022 optima
2151 2939 2364 3018 VirgO,
2479 2957 2516 3001 a
2541 2938 2778 3001 dextris
2810 2938 2936 3000 tuis
2975 2937 3041 2999 in
3075 2938 3308 3003 vestitu
3349 2938 3672 3013 deaurato,
3703 2937 3976 3001 circum-

880 3036 1165 3117 virginea
1202 3036 1414 3114 Mater,
1452 3035 1701 3100 Deifera
1739 3055 1991 3119 parenS,
2025 3036 2150 3099 fuit
2196 3036 2367 3099 dono
2405 3041 2448 3105 C
2477 3036 2622 3099 data
2649 3036 2966 3102 varietate.
2980 3036 3165 3100 Omni
3194 3036 3428 3100 etenim
3455 3044 3977 3111 venustate,tem·

880 3135 1208 3219 sapientiae
1249 3135 1616 3217 adimpleta,
1641 3143 1704 3199 et
1747 3135 2206 3217 omnipotentis
2256 3134 2365 3198 Dei
2479 3136 2784 3218 perantia,
2825 3136 3254 3221 proportione,
3291 3136 3609 3218 intextura
3639 3134 3974 3211 virtutum,

880 3234 1218 3299 secretaria
1244 3252 1319 3297 ac
1347 3232 1711 3298 consiliaria
1740 3234 2092 3317 praeelecta,
2126 3253 2200 3297 ac
2231 3232 2364 3298 fide
2477 3235 2792 3299 donorum
2829 3243 2895 3298 et
2938 3233 3262 3298 fructuum
3306 3233 3431 3298 fuit
3469 3234 3975 3298 eminentissime

882 3332 1151 3398 formata
1192 3352 1338 3399 cum
1384 3331 1737 3396 rationibus
1781 3332 2265 3411 credendorum,
2300 3341 2364 3396 et
2476 3342 2832 3417 perornata.
2875 3338 3116 3412 Byssus
3162 3344 3222 3395 et
3263 3354 3570 3413 purpura
3619 3336 3963 3395 indumen-

881 3430 1239 3517 purificatae
1292 3431 1713 3513 intelligentia
1770 3432 2003 3495 mentis
2062 3431 2363 3515 plenissi-
2481 3444 2618 3495 tum
2643 3434 2806 3511 ejns.
2841 3433 3039 3495 Tanta
3077 3432 3396 3514 siquidem
3425 3432 3744 3495 munditia
3785 3431 3973 3496 casti-

882 3549 1020 3611 ma3
1073 3538 1247 3595 tanto
1288 3530 1548 3595 suavius
1592 3530 2059 3615 experiebatur,
2106 3529 2367 3595 affectu·
2481 3531 2626 3595 tatis
2662 3531 3038 3615 splendebat
3069 3531 3136 3594 in
3175 3549 3462 3614 corpore,
3495 3540 3559 3595 et
3598 3539 3775 3595 tanto
3805 3530 3965 3595 cari-

881 3630 1055 3694 osius
1102 3629 1434 3705 sentiebat,
1470 3628 1996 3712 splendidiusque
2043 3628 2367 3706 cernebat,
2481 3630 2625 3693 tatis
2653 3631 2878 3694 ardore
2911 3629 3224 3710 flagrabat
3254 3630 3322 3693 in
3356 3631 3571 3709 corde,
3604 3630 3774 3712 quod
3811 3630 3973 3693 Deus

883 3746 1075 3811 quam
1116 3727 1370 3792 salubre
1407 3726 1737 3791 othonum
1776 3727 1881 3805 sit,
1916 3726 2278 3791 transitoria
2306 3735 2371 3789 et
2480 3729 2776 3814 puritatis
2817 3748 2890 3792 ac
2927 3729 3277 3811 majestatis
3317 3729 3672 3807 immensa,
3708 3727 3973 3809 dignum

882 3826 1162 3891 carnalia
1189 3834 1417 3901 cuncta
1446 3826 1827 3907 relinquere,
1848 3826 1925 3889 ad
1956 3826 2368 3890 mercandum
2479 3829 2660 3891 duxit
2689 3828 3006 3891 incarnari
3035 3847 3112 3891 ex
3140 3847 3236 3905 ea,
3261 3828 3644 3892 commorari
3676 3828 3744 3890 in
3789 3846 3883 3905 ea,
3909 3835 3973 3890 et

882 3934 943 3991 et
991 3926 1412 3990 obtinendum
1458 3923 1625 3987 bona
1667 3924 1973 4002 coelestia,
2020 3923 2366 4001 aeternalia,
2479 3927 2841 3991 conversari
2889 3946 3036 3990 cum
3080 3946 3176 4004 ea,
3223 3926 3706 3992 conversatione
3753 3926 3972 4008 utique

882 4024 1240 4109 spiritualia
1294 4042 1367 4087 ac
1423 4022 1663 4086 divina.
1718 4024 1865 4085 Non
1914 4026 2367 4102 exstinquetur
2482 4024 2691 4101 filiali,
2718 4024 3217 4089 familiarissima
3247 4034 3309 4089 et
3339 4034 3612 4089 secreta.

883 4127 957 4185 in
986 4133 1163 4186 nocte
1191 4127 1459 4185 lucerna
1492 4122 1653 4199 ejus.
1686 4120 2049 4185 Clarissima
2092 4139 2368 4203 namque
2563 4126 2815 4189 Nobilis
2835 4126 2908 4185 in
2931 4127 3139 4202 portis
3171 4127 3278 4185 vir
3303 4126 3488 4203 ejus:
3520 4125 3686 4187 sicut
3719 4122 3968 4206 exposi-
4093 4132 4160 4187 23

882 4222 1023 4305 ejus
1069 4220 1350 4301 cognitio
1391 4237 1720 4300 nunquam
1771 4219 2026 4298 defecit,
2060 4221 2173 4284 sed
2214 4219 2372 4283 assi·
2406 4224 2454 4286 D
2485 4231 2618 4286 tum
2665 4231 2780 4286 est.
2815 4224 3175 4286 Sindonem
3213 4224 3394 4300 feeit,
3426 4233 3485 4284 et
3535 4224 3872 4295 vendidit,·
3911 4233 3972 4283 et
4094 4231 4160 4285 24

882 4320 1007 4385 due
1052 4319 1157 4385 hic
1196 4318 1442 4404 accepit
1482 4316 1862 4403 profectum,
1900 4328 1962 4382 et
2009 4318 2181 4384 fama
2229 4320 2370 4401 ejus
2481 4324 2821 4399 cinyulum
2877 4324 3156 4384 tradidit
3211 4324 3594 4384 Chananoeo.
3648 4320 3970 4385 Castitatis

884 4419 951 4483 in
994 4427 1129 4484 toto
1165 4418 1319 4483 orbe
1357 4416 1650 4499 refulget,
1681 4426 1745 4481 et
1794 4418 1934 4501 ipsa
1982 4426 2179 4482 totam
2227 4418 2373 4482 illu·
2485 4420 2656 4484 enim
2700 4420 3059 4504 exemplum
3104 4428 3169 4483 et
3206 4428 3447 4485 vestem
3493 4419 3688 4484 totius
3725 4419 3974 4483 mundi-

883 4527 1043 4583 strat
1099 4516 1469 4583 Ecclesiam.
1519 4516 1639 4579 Nec
1698 4524 1981 4600 tempore
2032 4517 2372 4581 dominice
2487 4520 2588 4583 tiae
2639 4518 2908 4602 praebuit
2952 4519 3222 4595 cunctiS,
3272 4520 3449 4599 juxta
3506 4518 3966 4602 expositionem

885 4615 1223 4702 passioniS,
1257 4634 1372 4680 nec
1402 4614 1469 4678 in
1500 4614 1723 4697 eclipsi
1754 4624 1905 4679 tunc
1936 4615 2123 4691 facta,
2160 4634 2278 4679 nec
2306 4616 2372 4679 in
2487 4617 2924 4700 praehabitam.
2949 4621 3288 4680 Fortitudo
3317 4628 3377 4679 et
3405 4621 3594 4679 decor
3631 4620 3973 4679 indumen·
4093 4628 4159 4681 25

883 4715 1097 4780 triduo
1134 4714 1357 4779 mortis
1398 4714 1545 4775 Filii
1586 4713 1706 4789 sui,
1743 4714 2001 4778 lucerna
2046 4714 2200 4778 fidei
2241 4734 2372 4779 suae
2489 4727 2626 4777 tum
2673 4719 2836 4794 ejus.
2871 4716 3045 4795 Nam,
3099 4724 3171 4779 ut
3213 4716 3305 4779 ait
3350 4715 3710 4793 AnselmuS,
3756 4716 3968 4780 decuit

884 4812 1009 4877 fuit
1055 4814 1364 4878 exstincta
1410 4821 1522 4875 aut
1558 4814 1893 4891 minorata,
1927 4823 2240 4896 quantum
2297 4814 2374 4876 ad
2487 4834 2650 4892 eam,
2684 4823 2986 4895 tanquam
3025 4814 3285 4877 Matrem
3322 4814 3456 4891 Dei,
3491 4823 3668 4878 tanta
3697 4817 3976 4897 puritate

690 4916 758 4975 19
884 4912 1487 4978 habitum.Manum
1512 4932 1701 4973 suam
1734 4914 2016 4975 misitad
2042 4915 2276 4990 fortia,
2313 4912 2378 4976 id
2490 4912 2716 4989 nitere,
2761 4913 2934 4994 quod
2971 4912 3092 4975 sub
3133 4913 3256 4976 Deo
3295 4913 3502 4995 major
3543 4912 3818 4994 intelligi
3867 4932 3976 4976 ne·

883 5020 980 5075 est
1015 5012 1094 5075 ad
1136 5010 1519 5075 arduissima
1555 5030 1628 5074 ac
1673 5008 2141 5093 perfectissima
2181 5010 2378 5076 virtu·
2490 5011 2651 5093 quit.
2671 5016 2749 5075 Os
2777 5032 2970 5073 suum
2992 5012 3974 5093 aperuitsapieutioe.Nunquam
4092 5018 4156 5077 26

883 867 1298 949 conceptione
1348 867 1490 929 Filii
1534 866 1643 931 Dei
1692 866 2073 930 mirabiliter
2115 874 2303 929 aucta
2351 884 2368 929 z

881 2542 1155 2605 micitias
1185 2560 1417 2627 ponam
1449 2542 1613 2605 inter
1646 2552 1705 2605 te
1736 2552 1797 2605 et
1828 2543 2196 2620 mulierem3
2234 2541 2371 2626 ipsa

881 2649 1167 2706 conteret
1224 2650 1415 2724 caput
1474 2650 1675 2719 tuum,
1728 2651 1790 2705 et
1845 2650 1909 2703 tu
1959 2640 2366 2703 insidiaberis

882 5118 1017 5173 tum
1048 5110 1368 5187 exercitia,
1400 5109 1479 5174 ad
1510 5110 2001 5192 expugnandum
2032 5130 2178 5175 cum
2212 5110 2373 5175 Filio

881 5227 998 5273 suo
1026 5208 1227 5273 aerias
1265 5215 1605 5292 potestates
1644 5227 1659 5273 z
1696 5207 1783 5271 ita
1810 5209 1981 5291 quod
2010 5208 2244 5273 meruit
2275 5228 2370 5273 re-

878 5324 1077 5391 gnum
1132 5306 1585 5373 misericordiae
1639 5326 1831 5391 super
1879 5326 2081 5390 genus
2140 5308 2366 5373 huma-

2485 884 2649 942 rum,
2682 866 3182 959 angelorumque
3221 864 3610 947 imperatrix.

2479 2542 2757 2624 diligunt
2784 2552 2848 2605 et
2887 2544 3247 2608 honorant:
3289 2545 3369 2606 de
3410 2542 3644 2624 quibus
3695 2542 3836 2625 ipsa
3877 2550 3974 2605 est
4003 2524 4050 2563 ιο

2479 2650 2652 2705 certa
2689 2643 2861 2723 quod
2895 2641 3332 2719 salvabuntur,
3367 2641 3710 2705 dummodo
3754 2658 3966 2722 perse-

2491 5110 2664 5175 enim
2707 5109 3093 5192 insipientiae
3121 5111 3390 5174 verbum
3426 5110 3506 5173 ab
3543 5130 3620 5174 ea
3658 5111 3974 5195 prolatum

2491 5218 2608 5285 est,
2658 5217 2722 5273 et
2769 5209 2960 5272 verba
3017 5218 3268 5274 aeternae
3315 5209 3676 5293 Sapientiae,
3729 5209 3974 5274 scilicet

2492 5307 2726 5373 Christi
2757 5306 2882 5371 filii
2911 5308 3417 5386 sui,avidissime
3443 5309 3718 5393 sumpsit
3743 5316 3808 5373 et
3835 5327 3978 5374 con-
