4284 6267
794 494 914 557 246
1518 514 1869 560 manna-no
1912 514 1973 560 m
2018 514 2156 560 car.
2192 515 2278 561 vu
2320 514 2754 561 nccmsmsm.
2800 536 2880 545 —
2922 517 3064 562 aar.
3100 517 3184 562 vn

798 683 1048 747 riumve
1094 684 1353 745 exsistat
1408 682 1475 745 in
1528 684 1650 746 isto
1697 684 1923 747 exsilio
1971 684 2049 746 ad
2102 684 2300 746 beati·
2326 684 2377 745 A
2411 684 2609 747 Homo
2638 684 2823 766 quasi
2856 685 2983 748 flos
3014 686 3336 766 egreditur
3363 695 3428 749 et
3455 689 3816 767 conteritur,
3835 697 3906 752 et
3951 707 4066 751 ποι
4087 708 4259 756 m,2.

801 782 1088 845 tudinem
1134 782 1621 864 impetrandam.
1658 782 1811 845 Nam
1854 790 1917 845 et
1958 782 2298 865 Apostolus
2411 784 2577 864 fugit
2607 784 2783 848 velut
2813 786 3062 863 umbra,
3097 793 3161 848 et
3199 804 3529 868 nunquam
3569 787 3636 850 in
3675 790 3904 852 eodem

534 894 769 947 Rom-vm,
800 881 889 945 ait
921 899 936 944 :
969 880 1129 955 Quid
1160 899 1413 944 oremus
1454 880 1617 943 sicut
1649 888 1920 964 oportet,
1950 882 2295 944 nescimus.
2410 890 2576 944 statu
2621 891 2972 966 permanet.

506 958 572 1000 ²⁶·
879 978 1182 1053 Quocirca
1242 979 1594 1055 sciendum,
1647 980 1817 1060 quod
1874 979 2163 1061 quaedam
2223 999 2299 1042 ex
2489 986 2626 1043 Aut
2663 987 2810 1065 quis
2853 986 2916 1043 ei
2949 986 3189 1061 poterit
3227 986 3524 1045 indicare
3567 987 3728 1063 quid
3759 994 3909 1064 post

802 1096 917 1139 suo
947 1094 1180 1157 genere
1221 1076 1390 1140 bona
1421 1085 1571 1139 sunt
1609 1086 1672 1140 et
1703 1077 2058 1140 necessaria
2098 1078 2175 1140 ad
2209 1097 2300 1139 sa·
2407 1102 2556 1142 eum
2582 1082 2890 1159 futurum
2919 1084 3036 1142 sub
3065 1086 3192 1142 sole
3219 1084 3303 1143 sit
3325 1084 3356 1143 ‚2
3377 1082 3440 1145 id
3470 1090 3586 1160 θεῖ,
3619 1083 3910 1164 ῳιίεὴο-

802 1177 1026 1253 lutem,
1078 1184 1150 1237 ut
1202 1185 1515 1258 praecepta
1564 1176 1673 1238 Dei
1723 1184 1917 1257 atque
1964 1176 2295 1256 Ecclesiae3
2410 1178 2656 1241 minum
2701 1180 2938 1262 poterit
2973 1179 3156 1242 alteri
3196 1180 3540 1261 praedicere
3582 1180 3734 1262 quid
3772 1200 3913 1244 cer-

800 1276 901 1340 vel
934 1276 1011 1337 ad
1042 1275 1311 1337 salutem
1342 1275 1546 1348 utilia,
1568 1282 1638 1336 ut
1666 1274 2036 1356 evangelica
2064 1275 2299 1339 Christi
2410 1277 2539 1341 tive
2568 1285 2712 1360 post
2738 1277 2878 1359 ejus
2910 1287 3176 1341 mortem
3208 1278 3534 1358 continget
3559 1280 3910 1362 (loquendo

799 1374 1090 1437 consilia.
1133 1373 1211 1434 Et
1246 1374 1325 1435 de
1367 1372 1599 1435 talibus
1640 1373 1877 1435 scimus
1914 1373 2069 1454 quid
2109 1373 2299 1435 nobis
2409 1378 2487 1440 de
2537 1375 2772 1439 suturis
2821 1396 2981 1458 pure
3030 1378 3611 1459 contingentibus)2
3659 1378 3908 1441 Scimus

798 1473 1113 1535 conducat
1140 1472 1206 1533 in
1238 1471 1363 1533 vita
1401 1469 1946 1544 nostra.Quaedam
1976 1489 2126 1535 vero
2151 1479 2300 1534 sunt-
2411 1484 2622 1539 tamen
2654 1494 2730 1538 ex
2771 1474 3115 1557 Scripturis
3154 1476 3358 1539 multa
3383 1496 3526 1559 quae
3567 1477 3725 1540 fient
3762 1488 3911 1561 post

798 1569 1242 1633 indifferentia
1273 1569 1341 1631 in
1377 1588 1466 1646 se,
1501 1568 1734 1649 quibus
1764 1588 2103 1651 possumus
2135 1570 2300 1633 bene
2409 1592 2558 1654 nos;
2592 1574 2702 1637 sed
2750 1572 3015 1656 praefata
3057 1575 3494 1656 contingentia
3539 1584 3709 1639 certe
3749 1596 3911 1659 prae-

797 1678 860 1733 et
908 1669 1076 1731 male
1122 1668 1256 1747 uti3
1304 1686 1421 1730 nce
1470 1668 1718 1729 cunctis
1767 1668 2133 1750 expediunt,
2187 1669 2298 1731 sed
2409 1673 2572 1736 scire
2621 1692 2694 1735 ac
2745 1674 3196 1755 praenuntiare,
3247 1675 3376 1737 Deo
3433 1676 3901 1758 appropriatur.

799 1788 917 1833 nec
963 1786 1214 1849 semper
1250 1784 1263 1828 :
1310 1774 1381 1827 ut
1426 1765 1791 1842 infirmitaS,
1838 1766 2097 1841 sanitas,
2145 1786 2298 1849 opu-
2408 1771 2667 1853 Propter
2698 1772 2867 1853 quod
2908 1771 2972 1833 in
3018 1771 3174 1834 lsaia
3212 1772 3538 1836 inducitur
3573 1773 3764 1848 :Quae
3799 1773 3906 1837 fu-
3933 1800 4246 1853 1⁸,x..‚‚22.

798 1866 1018 1944 lenda,
1070 1873 1408 1948 paupertas
1456 1874 1733 1927 externa.
1775 1865 1861 1926 De
1902 1864 2138 1945 quibus
2188 1884 2296 1928 ne·
2334 1870 2380 1931 B
2411 1878 2550 1932 tura
2589 1879 2758 1948 sunt,
2793 1871 3186 1948 annuntiate,
3219 1881 3283 1934 et
3319 1873 3594 1935 sciemus
3627 1874 3776 1954 quia
3807 1874 3900 1936 dii

799 1966 1036 2028 scimus
1068 1964 1244 2045 quid,
1266 1963 1428 2025 sieut
1458 1970 1728 2045 oportet,
1754 1982 2029 2041 oremuS,
2049 1973 2110 2027 et
2139 1963 2292 2045 quid
2408 1969 2582 2033 estiS.
2618 1970 2775 2032 Hinc
2817 1970 2882 2031 in
2924 1968 3266 2052 Scripturis
3307 1970 3566 2051 quidam
3597 1979 3905 2035 vocantur

790 2064 989 2127 nobis
1019 2063 1221 2144 magis
1252 2062 1598 2127 conveniat
1618 2061 1795 2125 Unde
1823 2062 2161 2125 Dominum
2191 2081 2297 2125 ex·
2407 2068 2634 2146 divini,
2670 2069 2779 2151 qui
2810 2069 2890 2132 de
2919 2069 3156 2131 talibus
3185 2070 3688 2152 praenuntiandis
3717 2080 3779 2134 et
3806 2090 3908 2134 re-

795 2181 977 2227 orare
1034 2161 1359 2235 debemus,
1412 2169 1483 2222 ut
1536 2161 1615 2223 de
1672 2160 1906 2223 talibus
1965 2161 2298 2243 provideat
2405 2167 2695 2231 velandis
2740 2168 3004 2231 secretis
3047 2186 3114 2231 se
3159 2168 3609 2233 intromittunt.

798 2261 984 2325 nobis
1025 2259 1197 2341 quod
1238 2258 1519 2342 amplius
1556 2258 1741 2322 nobis
1786 2260 2129 2342 expediens
2175 2269 2290 2335 est,
2487 2269 2726 2330 Melius
2775 2277 2867 2328 est
2911 2288 3140 2327 nomen
3190 2270 3451 2338 bonum,
3483 2268 3547 2329 id
3587 2276 3686 2331 est
3732 2267 3902 2332 fama
4083 2286 4128 2338 2

798 2370 861 2424 et
911 2359 1049 2442 ipse
1110 2358 1424 2440 inspirare
1481 2358 1780 2440 dignetur
1828 2358 1982 2440 quid
2039 2367 2298 2441 appeta-
2405 2364 2824 2430 aedisicatoria
2875 2373 2941 2427 et
2990 2364 3276 2441 honesta,
3327 2386 3522 2446 quam
3570 2379 3904 2445 unquenta

798 2478 963 2522 mus,
996 2458 1046 2519 A
1084 2457 1446 2537 cognitione
1484 2466 1695 2520 autem
1740 2466 1802 2520 et
1845 2458 2298 2520 consideratio-
2397 2463 2864 2545 pretiosaNam
2892 2464 3132 2530 bonum
3159 2482 3389 2527 nomen
3416 2465 3614 2528 estad
3635 2464 3900 2547 gloriam

799 2576 881 2619 ne
911 2556 1410 2619 necessariorum
1453 2563 1516 2618 et
1565 2555 1821 2618 utilium
1861 2555 2295 2619 salubriumve
2406 2562 2537 2638 Dei,
2573 2562 3195 2645 aedificationemque
3240 2563 3534 2646 proximi,
3577 2573 3640 2627 et
3685 2565 3745 2628 ei
3785 2566 3901 2647 qui

801 2655 1013 2732 saluti,
1040 2654 1409 2736 frequenter
1441 2673 1551 2716 nos
1583 2654 1844 2734 impedit
1870 2654 2139 2733 curiosa,
2157 2656 2297 2718 sub-
2405 2661 2588 2725 bonae
2622 2659 2807 2723 famae
2835 2662 3046 2738 est,ad
3077 2662 3278 2725 multa
3304 2663 3795 2727 accommodum.
3812 2663 3903 2726 Id-

804 2754 955 2831 tilis,
998 2772 1112 2816 seu
1145 2760 1648 2834 praesumptuosa
1687 2752 2091 2833 investigatio
2124 2753 2298 2815 altio-
2405 2758 2599 2835 circo,
2636 2758 2985 2820 secundum
3020 2758 3468 2839 Augustinum,
3493 2758 3605 2839 qui
3637 2758 3903 2839 negligit

804 2871 947 2915 rum
976 2851 1221 2914 talium.
1255 2849 1493 2913 Idcirco
1523 2851 1783 2915 vitanda
1812 2860 1926 2925 est,
1953 2860 2014 2913 et
2042 2852 2292 2916 nociva.
2409 2856 2664 2931 famam,
2699 2855 2976 2919 crudelis
3008 2863 3125 2932 est,
3162 2855 3462 2938 quoniam
3494 2865 3799 2938 quantum
3829 2856 3900 2918 in

551 2964 775 3017 Rectam,
804 2952 880 3014 Et
910 2950 1066 3013 illud
1098 2949 1524 3013 Ecclesiastici
1562 2958 1657 3011 est
1689 2951 2067 3013 servandum
2100 2972 2113 3015 :
2149 2950 2297 3025 Quae
2407 2972 2475 3017 se
2504 2962 2619 3028 θεῖ,
2642 2953 2952 3016 interimit
2983 2954 3304 3035 proximos
3333 2954 3444 3036 qui
3476 2954 3743 3017 audiunt
3770 2974 3902 3017 ma-

509 3029 578 3071 ἠ’
804 3049 1108 3133 praecepit
1132 3047 1249 3111 tibi
1283 3048 1595 3124 DeuS,illa
1619 3049 1825 3129 cogita
1856 3067 2122 3131 semper.
2139 3050 2297 3113 Hinc
2332 3053 2375 3115 C
2408 3052 2539 3114 lum
2572 3054 2651 3115 de
2682 3071 2778 3115 eo.
2812 3053 2939 3115 Deo
2980 3053 3194 3134 itaque
3231 3052 3536 3115 debemus
3575 3052 3904 3116 conscien-

802 3148 890 3211 ait
926 3156 988 3211 et
1026 3144 1309 3211 Seneca':
1341 3148 1478 3210 Cito
1516 3167 1553 3209 a
1588 3165 1854 3229 corpore
1888 3148 1969 3210 ad
2010 3148 2297 3210 animum
2409 3151 2560 3214 tiam
2594 3170 2837 3233 puram,
2873 3150 3162 3233 proximo
3191 3150 3422 3213 bonam
3456 3150 3710 3214 famam.
3747 3150 3904 3214 Hinc

801 3246 959 3309 redi.
984 3246 1168 3309 Illum
1198 3245 1414 3309 excole
1445 3253 1509 3309 et
1538 3246 2049 3310 exorna.Modieo
2081 3246 2298 3310 labore
2407 3250 2496 3312 ait
2536 3249 2875 3332 Apostolus
2912 3266 2925 3310 :
2959 3248 3193 3311 Christi
3240 3249 3444 3312 bonus
3487 3250 3642 3313 odor
3681 3269 3900 3312 sumus
3983 3274 4030 3318 n
4059 3276 4244 3326 eona,

799 3346 1031 3409 colitur
1061 3343 1192 3407 ille.
1226 3344 1468 3408 Bonum
1500 3344 1660 3406 illud
1689 3345 2167 3427 apprehendere
2195 3366 2298 3408 cu·
2408 3348 2475 3409 in
2505 3348 2679 3410 omni
2722 3347 2884 3410 loco.
2922 3346 3000 3409 Et
3041 3347 3278 3411 Seneca
3317 3355 3708 3410 contestatur
3740 3366 3754 3411 :
3787 3348 3903 3411 Ι-Ιο-
3933 3340 4016 3391 ¹⁵*
4044 3341 4130 3383 ¹⁴·

799 3463 891 3521 ra,
917 3444 1085 3525 quod
1119 3452 1430 3507 vetustate
1462 3442 1544 3506 fit
1572 3444 1824 3506 melius.
1848 3444 1983 3507 Non
2018 3453 2077 3507 te
2104 3443 2298 3526 jubeo
2409 3455 2628 3509 nestus
2678 3465 2915 3524 rumor,
2963 3446 3234 3509 alterum
3275 3455 3370 3509 est
3417 3447 3896 3530 patrimonium.

798 3542 966 3606 libro
1012 3550 1075 3605 et
1133 3541 1555 3624 pugillaribus
1610 3542 1846 3624 jugiter
1894 3542 2231 3605 imminere
2279 3561 2293 3605 ε
2407 3544 2858 3607 Verumtamen
2902 3544 3088 3606 multi
3130 3544 3342 3609 devoti
3387 3545 3676 3609 doctores
3718 3544 3903 3608 affir-

796 3642 1078 3703 dandum
1130 3648 1226 3703 est
1274 3640 1490 3704 animo
1546 3640 1809 3723 aliquod
1862 3642 2294 3704 intervallum.
2408 3650 2586 3704 mant
2630 3642 2950 3725 pertinere
2996 3643 3073 3705 ad
3125 3641 3456 3719 humilem,
3503 3651 3573 3706 ut
3620 3643 3773 3708 velit
3819 3643 3901 3706 ab

801 3739 959 3801 Hine
998 3738 1170 3802 Plato
1214 3738 1499 3820 loquitur
1537 3738 1601 3800 in
1643 3739 1879 3803 Timaeo
1916 3757 1929 3801 :
1971 3739 2099 3803 Hoc
2138 3740 2298 3803 meis
2409 3741 2705 3803 omnibus
2751 3740 3122 3823 vituperari,
3165 3741 3509 3817 contemni,
3543 3750 3607 3804 et
3648 3742 3904 3805 concul-

799 3838 883 3901 sit
939 3838 1239 3920 precibus
1301 3836 1857 3919 comprehensum,
1919 3846 1989 3900 ut
2045 3839 2299 3921 potissi-
2409 3840 2561 3903 cari.
2614 3838 2938 3913 Quomodo
2988 3838 3179 3920 igitur
3226 3840 3468 3922 appetit
3517 3859 3748 3904 nomen
3795 3841 3902 3904 bo-

798 3956 974 3999 mum
1005 3956 1081 3999 ea
1109 3936 1425 4013 dicantur,
1445 3955 1588 4018 quae
1616 3935 1843 3998 Deitati
1873 3945 2023 3999 sunt
2046 3937 2301 4020 placita.
2411 3940 2600 4001 num?
2629 3938 2704 3999 Et
2734 3937 3269 4019 respondendum,
3294 3937 3464 4020 quod
3493 3948 3802 4020 quantum
3832 3938 3900 4001 in

881 4035 1097 4117 ltaque
1136 4035 1335 4097 nescit
1376 4033 1567 4097 homo
1604 4033 1760 4116 quid
1790 4035 2103 4098 conducat
2141 4036 2200 4099 ei
2232 4037 2298 4100 in
2409 4055 2478 4099 se
2527 4043 2644 4107 est,
2688 4054 2764 4098 ex
2810 4034 3322 4099 consideratione
3369 4054 3628 4099 suorum
3680 4056 3902 4119 pecca-

803 4134 936 4198 vita
978 4153 1093 4196 sua
1137 4153 1403 4194 numero
1451 4135 1709 4193 dierum
1750 4136 2301 4211 pereyrinacionis
2411 4133 2680 4208 minum,
2715 4152 2788 4196 ac
2829 4132 3147 4196 desiderio
3191 4133 3634 4197 conformandi
3677 4154 3745 4197 se
3786 4135 3903 4198 ali-

802 4253 958 4300 sna»,
993 4232 1057 4295 id
1100 4240 1196 4295 est
1237 4231 1739 4295 conversationis
1785 4232 2138 4313 praesentiS,
2175 4254 2300 4315 qua
2331 4239 2379 4299 D
2412 4232 2688 4314 qualiter
2724 4230 2974 4294 Christo
3014 4239 3271 4314 propter
3300 4252 3368 4295 se
3407 4250 3617 4314 passo,
3652 4234 3896 4316 appetit

804 4331 1010 4394 tendit
1039 4330 1114 4391 ad
1146 4330 1415 4412 patriam
1447 4329 1802 4407 Beatorum,
1828 4330 1992 4394 sicut
2020 4332 2109 4394 ait
2136 4332 2301 4414 Apo-
2412 4329 2599 4410 talia;
2645 4330 2755 4394 sed
2801 4349 2880 4393 ne
2924 4330 3031 4392 alii
3077 4329 3574 4393 scandalizentur
3617 4330 3684 4393 in
3733 4332 3894 4413 ipso,

510 4442 549 4488 11
562 4444 774 4495 eoram.
806 4430 1008 4492 stolus
1043 4446 1057 4491 :
1091 4429 1251 4490 Dum
1284 4446 1502 4490 sumus
1534 4428 1600 4489 in
1630 4446 1917 4510 corpore,
1941 4431 2302 4511 peregrina·
2410 4438 2600 4512 atque
2630 4448 2704 4492 ex
2734 4428 2854 4491 hoc
2887 4430 3044 4491 Deus
3077 4428 3514 4507 inhonoretur,
3534 4428 3763 4492 bonam
3797 4432 3902 4494 de-

806 4544 949 4589 mur
989 4545 1026 4588 a
1065 4525 1357 4589 Domino.
1401 4525 1576 4588 Unde
1613 4533 1676 4588 et
1710 4526 1902 4589 Jacob
1942 4527 2300 4608 patriarcha
2411 4528 2647 4591 siderat
2685 4526 2944 4589 samam.

537 4639 773 4693 Gemma,
806 4624 871 4687 in
920 4624 1148 4689 Genesi
1196 4644 1211 4690 τ
1260 4623 1423 4699 Dies,
1480 4624 1715 4706 inquit,
1766 4624 2297 4707 peregrinationis
2493 4631 2574 4689 Et
2602 4630 2739 4688 dies
2769 4628 3015 4695 mortis,
3045 4628 3154 4687 die
3181 4628 3574 4688 nativitatis,
3607 4626 3749 4690 Dies
3789 4647 3900 4691 na-

510 4704 551 4747 9·
804 4743 962 4787 meae
996 4743 1187 4807 super
1226 4732 1483 4798 terram,
1519 4729 1774 4786 centum
1814 4723 2071 4803 triginta
2108 4744 2300 4788 anno-
2409 4724 2675 4787 tivitatis
2720 4733 2834 4801 est,
2878 4744 3006 4807 qua
3045 4741 3426 4804 generamur
3469 4724 3536 4786 in
3580 4725 3787 4807 culpa,
3833 4735 3901 4789 et

789 4836 944 4885 'rum
989 4831 1159 4886 sunt.
1192 4827 1279 4885 Ec
1320 4832 1598 4900 tempore
1636 4826 1808 4902 quod
1850 4826 2024 4883 velut
2066 4827 2296 4886 umbra
2408 4832 2632 4887 natura
2663 4823 2787 4885 filii
2821 4823 2950 4897 irae,
2971 4831 3159 4904 atque
3186 4821 3265 4883 ad
3297 4822 3497 4885 multa
3525 4823 3808 4905 pericula
3833 4832 3898 4887 et
3923 4847 4220 4905 εριιωηῃε.

793 4924 1107 4997 praeterit.
1141 4919 1680 4994 Quemadmodum
1713 4920 1989 5002 quodam
2020 4921 2160 4984 loco
2189 4922 2298 4984 Da·
2409 4930 2721 4986 tormenta
2741 4941 2824 4983 ac
2853 4920 3029 4985 vitia.
3051 4920 3229 4984 Unde
3257 4920 3471 4984 Sancti
3503 4921 3784 5002 quidam,
3817 4932 3899 4985 ta-

506 5030 609 5075 ¹Pa
611 5045 769 5083 xxxxxxx
802 5018 910 5083 vid
940 5019 1225 5101 loquitur
1254 5019 1379 5082 Deo
1414 5036 1427 5080 t
1462 5019 1786 5100 Peregrini
1822 5038 2042 5084 sumus
2080 5039 2293 5084 coram
2407 5022 2452 5084 li
2481 5021 2609 5084 diei
2639 5018 3040 5083 maledixisse
3068 5019 3388 5101 leguntur,
3407 5020 3758 5102 praesertim
3783 5022 3896 5085 Job

511 5096 577 5137 ¹⁵·
801 5125 862 5179 te
904 5124 969 5181 et
1008 5117 1289 5195 adventa,
1325 5116 1491 5179 sicut
1533 5135 1754 5179 omnes
1798 5126 2009 5200 patres
2055 5118 2290 5199 nostri3
2403 5129 2462 5183 et
2511 5119 2834 5193 IeremiaS,
2885 5118 3170 5181 dicentes
3213 5134 3226 5178 ε
3267 5117 3596 5181 Maledicta
3644 5118 3779 5182 dies
3829 5120 3894 5183 in
3957 5140 4050 5187 10⁶
4068 5149 4206 5199 1n‚a;

798 5214 935 5278 dies
976 5216 1176 5280 nostri
1222 5214 1405 5295 quasi
1444 5215 1672 5278 umbra
1706 5234 1897 5297 super
1938 5223 2193 5294 terram,
2227 5225 2293 5281 et
2400 5238 2526 5302 qua
2557 5227 2741 5280 natus
2783 5236 2948 5278 sum.
2983 5215 3138 5277 Hinc
3175 5216 3464 5280 Ieremias
3501 5217 3896 5299 quintodeci-
3919 5203 4204 5256 ‘'²¹'·¹¹’¹⁴·

796 5313 977 5377 nulla
1015 5320 1113 5378 est
1148 5331 1351 5376 mora.
1393 5312 1660 5377 Sanctus
1696 5332 1955 5397 quoque
1990 5314 2108 5379 Job
2144 5316 2237 5379 ait
2270 5336 2284 5381 :
2399 5335 2504 5380 mo
2541 5316 2776 5380 dicitur
2810 5334 2825 5380 ε
2867 5313 2976 5377 Vre
3013 5313 3194 5391 mihi,
3241 5323 3444 5378 mater
3482 5335 3658 5397 mea;
3690 5336 3885 5399 quare
3917 5338 4198 5394 lemnio.
