4284 6267
1105 490 1459 540 numano
1498 491 1565 539 m
1606 491 1746 540 CAP-
1790 492 1814 539 1
1855 492 2013 541 unm
2056 494 2412 541 sarm.
2457 516 2534 526 —
2577 497 2720 544 altr.
2765 496 2788 543 1

3373 478 3494 542 459

100 676 353 729 Nun-m.
386 682 535 727 rum
564 665 765 730 dixit:
789 665 1019 730 Omnes
1050 667 1163 750 qui
1194 666 1641 731 murmurastis
1671 674 1892 730 contra
1919 662 1970 725 A
2000 666 2266 748 peccati.
2295 667 2379 731 De
2406 687 2534 750 qua
2561 668 2649 731 ait
2681 668 3004 735 Salvator:
3037 669 3294 734 Dimitte
3324 685 3492 733 mor·
3529 688 3783 743 Matiana,

386 782 515 840 me,
552 782 680 827 non
713 763 1036 828 intrabitis
1075 774 1309 829 terram
1346 784 1539 849 super
1568 784 1761 847 quam
1803 765 1891 828 le·-
1999 772 2139 827 tuos
2199 766 2472 848 sepelire
2531 775 2818 830 mortuos
2867 786 3045 848 suos;
3096 777 3288 851 atque
3342 768 3490 831 Eze-
3515 754 3584 797 ²⁸·

1997 860 2188 938 chiel,
2221 861 2686 926 Mortificabant
2728 863 2973 928 animas
3013 884 3158 948 quae
3195 884 3323 929 non
3355 883 3489 929 mo-
3517 884 3778 937 amman.

78 740 139 790 2⁹.
160 742 225 783 ³0.

78 1176 183 1232 Sap.
196 1192 257 1229 ιι,
272 1182 355 1223 17.

90 1376 295 1428 Bonum
305 1380 353 1421 3.

76 2851 217 2895 Pron.
230 2866 333 2897 xxiv

78 2918 123 2958 2¹
135 2948 147 2967 ,
168 2922 239 2963 22.

120 3055 239 3101 laid.
263 3072 347 3111 xm,

79 3120 145 3162 ¹3.

111 3845 273 3888 Jacob.
293 3859 350 3897 ιιι.

80 3910 143 3957 Η,
164 3910 235 3951 12.

78 4140 205 4184 leid.
220 4144 349 4193 ιηίί.

387 862 537 925 vavi
569 883 831 926 manum
870 883 1101 941 meam,
1136 874 1207 928 ut
1245 866 1462 929 darem
1502 884 1639 926 eam
1680 863 1883 928 vobis,

468 964 556 1023 Et
583 983 623 1023 α
657 965 1056 1024 detractione
1079 965 1333 1041 parcite
1363 967 1628 1041 linyuoe,
1663 963 1724 1025 id
1766 971 1882 1041 est,

388 1058 643 1139 linguas
674 1069 919 1124 vestras
950 1080 1079 1124 non
1121 1061 1444 1144 polluatiS,
1482 1080 1597 1124 nec
1634 1062 1710 1124 ad
1744 1081 1889 1144 sup·

386 1158 584 1241 plicia
633 1160 955 1240 obligetiS,
989 1159 1395 1241 obloquendo
1452 1180 1564 1242 per
1613 1179 1741 1223 eas,
1773 1160 1887 1223 Per

385 1276 529 1338 quae
572 1257 744 1320 enim
788 1258 935 1339 quis
979 1267 1223 1341 peccat,
1254 1277 1369 1340 per
1415 1258 1549 1321 haec
1595 1265 1657 1321 et
1701 1258 1887 1342 puni-

388 1365 513 1419 tur.
554 1356 737 1419 Unde
784 1356 1075 1419 hortatur
1120 1363 1184 1420 et
1229 1356 1593 1439 ApostoluS,
1642 1366 1713 1419 ut
1756 1376 1884 1421 non

382 1452 803 1519 exhibeamus
845 1455 1136 1519 membra
1175 1465 1391 1519 nostra
1430 1474 1607 1519 arma
1651 1456 1887 1538 iniqui-

384 1555 533 1617 tatis
584 1563 869 1637 peccato.
911 1555 1362 1618 Verumtamen
1413 1573 1451 1616 a
1496 1555 1886 1619 detractione

386 1654 741 1737 praesertim
776 1655 1168 1736 parcendum
1200 1662 1296 1717 est
1326 1653 1578 1732 animae,
1606 1673 1685 1717 ne
1712 1662 1886 1717 aeter-

385 1751 618 1815 naliter
666 1752 1147 1816 condemnetur.
1195 1752 1305 1814 Est
1353 1752 1527 1815 enim
1576 1753 1884 1816 detractio

1998 959 2270 1022 riuntur.
2293 961 2452 1025 Hinc
2479 962 2570 1024 ait
2599 962 2928 1027 Psalmista
2963 981 2977 1025 :
3009 963 3235 1028 Perdes
3264 983 3488 1029 omnes
3517 954 3532 993 ¹

1995 1058 2107 1140 qui
2158 1058 2509 1141 loquuntur
2553 1061 2975 1125 mendacium.
3008 1062 3086 1124 Et.
3132 1062 3487 1146 praesertim

1998 1156 2292 1238 iniquum
2326 1167 2421 1222 est
2451 1159 2706 1222 mentiri
2739 1160 2806 1223 in
2835 1159 2973 1224 foro
2993 1160 3483 1243 judicii,falsum

1995 1257 2432 1320 testimonium
2463 1258 2879 1341 perhibendo.
2905 1260 3035 1323 lmo
3059 1268 3122 1324 et
3151 1278 3297 1324 reus
3325 1279 3488 1324 mor-

1996 1355 2211 1419 taliter
2265 1364 2506 1438 peccat,
2541 1357 2870 1421 veritatem
2921 1359 3212 1440 negando
3257 1358 3482 1440 judici,

1994 1474 2033 1517 a
2056 1473 2186 1535 quo
2219 1473 2334 1537 pro
2366 1473 2482 1519 suo
2513 1474 2774 1519 excessu
2815 1464 2912 1518 est
2941 1456 3325 1521 occidendus
3361 1458 3488 1521 :ita

1994 1554 2167 1635 quod
2229 1572 2346 1616 nec
2401 1553 2592 1617 timor
2650 1555 2874 1619 mortis
2942 1575 3086 1619 eum
3139 1564 3396 1627 excusat
3449 1576 3488 1619 a

1994 1653 2250 1715 mortali
2299 1661 2559 1736 peccato
2601 1654 2665 1716 in
2707 1653 2816 1717 tali
2857 1656 3207 1720 mendacio.
3242 1655 3486 1731 Quanto

1994 1751 2220 1833 magiS,
2255 1752 2366 1833 qui
2405 1762 2579 1815 extra
2620 1754 2808 1817 talem
2841 1774 3056 1818 casum
3095 1754 3488 1819 mendaciter

384 1850 573 1914 valde
622 1867 883 1913 enorme
928 1849 1195 1927 crimen,
1248 1858 1311 1913 ct
1358 1850 1615 1931 gravius
1660 1850 1884 1933 rapina
1920 1853 1967 1915 B
1995 1869 2063 1913 se
2109 1854 2456 1913 excusant?
2489 1852 2680 1917 Porro
2719 1854 3118 1917 mendacium
3169 1853 3482 1935 jocosum,

383 1969 455 2012 ac
503 1948 701 2012 furt0.
734 1948 965 2030 Atque,
1007 1956 1077 2011 ut
1116 1949 1206 2011 ait
1235 1950 1609 2026 BernarduS,
1644 1949 1886 2029 Lingua

381 2047 762 2112 detractoris
822 2057 917 2111 est
975 2048 1226 2129 gladius
1282 2048 1526 2131 biceps,
1587 2049 1883 2112 occidens

382 2166 515 2211 non
549 2146 759 2211 solum
791 2146 1069 2210 animam
1103 2146 1516 2222 detrahentiS,
1551 2148 1661 2209 sed
1693 2147 1884 2210 etiam

382 2246 707 2310 audientis
744 2263 758 2308 ε
793 2245 923 2309 imo
952 2253 1018 2309 et
1046 2253 1357 2327 quantum
1400 2246 1467 2308 in
1502 2265 1570 2309 se
1600 2256 1717 2323 est,
1750 2246 1887 2310 ani-

380 2364 555 2409 mam
596 2362 852 2425 quoque
893 2344 1031 2425 ejus
1072 2342 1175 2407 cui
1210 2343 1605 2427 obloquitur,
1636 2346 1739 2409 cui
1779 2346 1887 2408 dat

380 2444 789 2508 occasionem
822 2442 1084 2507 invidiae
1121 2452 1343 2506 contra
1382 2462 1473 2519 se,
1506 2463 1705 2526 quum
1745 2463 1887 2527 per-

382 2542 630 2626 ceperit
678 2540 803 2605 sibi
861 2560 1001 2605 esse
1057 2543 1435 2605 detractum.
1487 2542 1719 2606 Contra
1766 2543 1886 2606 hoc

381 2642 738 2725 pessimum
788 2641 989 2717 viruS,
1043 2640 1213 2704 dicta
1253 2649 1403 2703 sunt
1444 2640 1647 2704 multa
1695 2661 1888 2723 super

381 2740 744 2805 Proverbia.
781 2739 846 2802 ln
878 2739 1114 2822 quibus
1146 2739 1313 2802 inter
1350 2747 1559 2804 cetera
1587 2738 1885 2803 Salomon

338 2885 349 2903 .
380 2840 471 2903 ait
508 2856 523 2901 ε
555 2839 713 2903 Cum
764 2837 1231 2901 detractoribus
1271 2856 1351 2901 ne
1387 2838 1881 2917 commiscearis„

381 2937 540 3021 quia
568 2944 831 3019 repente
861 2944 1203 3016 consurget
1231 2935 1508 3017 perditio
1538 2954 1791 3015 eorum3
1822 2944 1883 3000 et

1993 1956 2057 2011 et
2084 1947 2234 2011 item
2261 1948 2655 2029 officiosum,
2681 1950 2955 2015 venialia
2979 1960 3128 2015 sunt
3149 1970 3224 2015 ex
3255 1971 3487 2034 genere

1993 2066 2109 2110 suo
2144 2067 2158 2110 :
2194 2065 2336 2127 quae
2388 2055 2596 2111 tamen
2629 2068 2774 2112 cum
2813 2058 2988 2113 tanta
3025 2050 3487 2133 complacentia

1991 2155 2103 2208 aut
2150 2146 2616 2211 assuefactione
2664 2156 2925 2231 possent
2974 2147 3269 2231 proferri,
3314 2150 3484 2232 quod

1992 2253 2208 2306 essent
2265 2245 2580 2309 mortalia.
2647 2246 2976 2324 Praeterea,
3039 2247 3335 2330 quamvis
3392 2248 3488 2311 di-

1994 2350 2168 2405 ctum
2214 2342 2317 2421 sit,
2361 2342 2442 2407 Os
2483 2345 2654 2426 quod
2702 2346 3029 2423 mentitur,
3083 2345 3318 2409 occidit
3354 2346 3488 2409 ani-

1994 2460 2202 2522 mam3
2235 2442 2444 2525 aptius
2478 2452 2689 2506 tamen
2729 2443 2857 2507 dici
2889 2453 3116 2527 potest,
3149 2446 3323 2527 quod
3357 2444 3487 2509 ani·

1996 2560 2099 2603 ma
2147 2560 2259 2624 per
2297 2542 2428 2606 oris
2470 2543 2570 2605 sui
2617 2541 2884 2607 abusum
2929 2562 3004 2607 ac
3043 2544 3482 2608 mentitionem

1993 2639 2230 2703 occidit
2262 2659 2331 2704 se
2372 2641 2600 2723 ipsam.
2637 2641 2776 2724 Ipsa
2822 2662 3098 2725 namque
3145 2662 3258 2726 per
3297 2643 3488 2707 ratio-

1996 2756 2141 2801 nem
2188 2746 2440 2802 tenetur
2478 2739 2766 2803 membra
2809 2760 2884 2804 ac
2922 2760 3162 2824 organa
3211 2742 3308 2804 sui
3356 2760 3488 2806 cor·

1994 2836 2168 2919 poris
2213 2836 2536 2901 refrenare
2578 2858 2652 2902 ac
2698 2838 3077 2919 gubernare.

2100 2937 2318 2999 Nolite
2363 2939 2574 2997 zelare
2623 2947 2889 2999 mortem
2949 2940 3022 2998 in
3069 2957 3284 2999 errore
3334 2940 3484 3000 vitoe

380 3038 619 3113 denuo,
654 3034 771 3110 Qui
810 3033 1090 3097 detrahit
1129 3033 1323 3097 alicui
1364 3034 1477 3111 rei,
1521 3034 1659 3115 ipse
1690 3033 1752 3096 in
1788 3033 1887 3097 fu-
1917 3036 1960 3099 C
1994 3043 2216 3095 vestrae
2245 3053 2268 3097 :
2300 3033 2363 3096 id
2395 3041 2512 3111 est,
2558 3052 2684 3097 non
2715 3034 2942 3097 ametis
2979 3044 3246 3103 mortem
3278 3035 3483 3118 culpae

382 3145 597 3200 turum
630 3153 699 3197 se
728 3132 990 3216 obligat.
1025 3133 1242 3214 ltaque
1271 3132 1384 3215 qui
1424 3132 1721 3209 detrahit,
1755 3152 1882 3197 non

382 3234 608 3318 parcit,
654 3233 785 3303 sed,
813 3231 1091 3295 crudelis
1138 3238 1233 3294 est
1274 3231 1529 3312 linguae,
1582 3232 1730 3314 quia
1780 3232 1885 3295 ab·

380 3334 587 3397 utitur
627 3351 723 3409 ea,
758 3340 823 3393 et
860 3330 917 3394 ei
964 3330 1329 3412 injuriatur,
1366 3330 1532 3394 sicut
1569 3339 1631 3393 et
1678 3331 1730 3393 is
1768 3332 1879 3413 qui

381 3451 498 3515 per
545 3431 675 3495 alia
722 3428 1013 3493 membra
1060 3436 1300 3511 peccat.
1340 3428 1499 3492 Hinc
1557 3429 1882 3511 apostolus

378 3530 675 3607 Jacobus,
725 3529 805 3591 ad
864 3524 1265 3609 probandum
1324 3546 1515 3609 quam
1561 3545 1753 3607 grave
1800 3527 1883 3590 sit

382 3630 475 3693 uti
534 3629 759 3709 lingua
806 3644 1107 3710 perverse
1157 3625 1221 3687 in
1282 3624 1721 3690 maledicendo
1771 3634 1881 3690 aut

381 3727 814 3810 obloquend0,
834 3724 1037 3787 utitur
1066 3723 1358 3807 exemplo
1388 3732 1650 3802 naturae,
1669 3724 1881 3789 dicen-

382 3826 465 3891 do
518 3844 534 3889 t
589 3824 909 3906 Numquid
960 3822 1100 3885 fons
1148 3840 1224 3885 ex
1282 3824 1501 3887 eodem
1566 3821 1879 3887 foramine

381 3932 637 3990 emanat
678 3922 929 3986 dulcem
970 3927 1031 3984 et
1071 3940 1350 3984 amaram
1387 3924 1664 4003 aquam?
1694 3922 1881 3984 Num-

378 4024 537 4107 quid
568 4030 800 4106 potest‚
826 4020 1053 4085 fratres
1085 4020 1233 4097 mei,
1262 4020 1425 4083 ficus
1456 4039 1613 4083 uvas
1644 4020 1873 4098 facere,

380 4131 492 4187 aut
519 4122 675 4186 vitis
707 4120 917 4185 ficus‘f
945 4120 1023 4182 Et
1051 4120 1279 4182 iterum
1312 4119 1537 4183 asserit
1570 4138 1584 4184 :
1626 4119 1741 4194 Qui
1773 4122 1880 4184 de-

384 4222 579 4285 trahit
610 4219 817 4297 fratri,
850 4218 1126 4281 detrahit
1165 4218 1311 4298 legi.

464 4322 791 4390 Quoniam
831 4336 1035 4378 sermo
1086 4318 1415 4387 obscuruS,
1446 4316 1509 4379 id
1543 4326 1637 4380 est
1676 4317 1741 4381 in
1774 4336 1879 4382 oc-

376 4419 551 4484 culto
597 4416 908 4500 prolatus,
940 4422 1013 4476 ut
1060 4422 1157 4477 est
1203 4414 1544 4493 detracti03
1587 4416 1713 4493 vel,
1758 4416 1877 4481 Ob-

377 4537 627 4594 εοιινιιε,
660 4516 722 4579 id
755 4522 853 4579 est
875 4514 1170 4590 vitiosuS,
1195 4520 1414 4595 utpote
1444 4512 1587 4577 luce
1614 4515 1878 4595 justitiae

374 4618 776 4697 veritateque
825 4630 1085 4691 carens3
1129 4611 1252 4687 vel,
1288 4610 1628 4688 ObscuruS‚
1673 4612 1737 4676 id
1781 4622 1874 4676 est

375 4713 791 4800 sophisticuS,
828 4718 892 4774 et
940 4709 1410 4792 quodammodo
1441 4709 1728 4773 veritatis
1775 4730 1878 4774 co-

373 4814 509 4879 lore
558 4818 835 4894 opertuS,
876 4827 1075 4891 quum
1121 4806 1205 4869 sit
1249 4805 1443 4868 fallax
1485 4815 1594 4868 aut
1640 4806 1839 4869 falsus
1854 4827 1871 4888 3

372 4916 447 4975 in
482 4930 765 4973 vacuum
792 4927 923 4968 non
972 4908 1121 4975 ibit,
1154 4906 1219 4968 id
1260 4913 1377 4980 est,
1426 4904 1565 4968 sine
1594 4907 1875 4988 pondero

372 5011 581 5093 culpae
612 5026 741 5072 non
774 5004 1122 5089 profertur,
1149 5023 1265 5067 nec
1296 5002 1535 5066 carebit
1562 5004 1875 5084 gravami-

370 5128 455 5173 ne
485 5126 716 5192 poenae.
754 5107 833 5167 Os
880 5112 1093 5165 autem
1137 5105 1311 5182 quod
1352 5104 1669 5162 mentitur
1702 5121 1873 5164 men-

370 5209 557 5272 dacio
590 5202 977 5287 pernicioso,
1004 5201 1177 5283 quod
1206 5200 1562 5262 intentione
1598 5201 1867 5263 nocendi

372 5302 849 5388 pronuntiatur,
902 5300 1136 5360 occidit
1195 5300 1491 5359 animam
1548 5296 1869 5362 occisione

1992 3130 2267 3196 vivendo
2295 3150 2592 3213 erronee;
2615 3152 2731 3196 nec
2757 3132 2946 3196 etiam
2970 3133 3342 3197 desideretis
3374 3144 3485 3198 aut

1993 3229 2178 3292 vobis
2229 3230 2384 3313 ipsis
2429 3230 2722 3294 inferatis
2769 3240 3037 3295 mortem
3087 3232 3480 3315 corporalem

1993 3348 2069 3391 ex
2109 3328 2510 3411 impatientia
2543 3338 2802 3413 propter
2831 3330 2978 3393 vitae
3005 3332 3338 3413 praesentis
3374 3332 3484 3394 ad-

1992 3446 2196 3501 versa,
2229 3435 2342 3490 aut
2373 3447 2448 3491 ex
2487 3428 2906 3492 irrationabili
2953 3429 3140 3493 taedio
3172 3430 3338 3507 vitae,
3374 3439 3482 3493 aut

1989 3526 2176 3609 quasi
2236 3534 2532 3609 putantes
2587 3546 2700 3609 per
2763 3536 3029 3591 mortem
3088 3529 3481 3611 corporalem

1992 3643 2216 3707 poenas
2259 3624 2484 3701 vitare,
2532 3625 2712 3707 quasi
2767 3626 2984 3688 anima
3033 3626 3117 3689 sit
3167 3626 3476 3703 mortalia,

1989 3741 2189 3805 quum
2241 3731 2387 3805 post
2441 3723 2640 3788 vitam
2697 3733 3070 3807 praesentem
3131 3734 3482 3806 sequantur

1990 3822 2193 3885 multo
2221 3821 2511 3904 graviora
2552 3822 2888 3905 supplicia,
2923 3824 3196 3887 maxime
3224 3842 3334 3888 eos
3368 3824 3478 3907 qui

1990 3919 2111 3983 sibi
2166 3920 2322 4003 ipsis
2365 3920 2702 4003 sacrilegas
2742 3920 3043 4004 injiciunt
3071 3942 3320 3985 manus.
3357 3926 3480 3985 Ne-

1988 4040 2111 4101 que
2167 4022 2522 4101 acquiratis
2570 4023 3007 4099 perditionem
3065 4022 3136 4082 in
3186 4024 3480 4099 operibus

1988 4138 2310 4179 manuum
2359 4129 2744 4191 vestrarum,
2791 4118 2854 4181 id
2895 4127 3015 4195 est,
3059 4119 3258 4183 nolite
3306 4119 3478 4183 dam-

1908 4222 1958 4285 D
1990 4216 2314 4280 nationem
2347 4216 2576 4280 mereri
2609 4236 2723 4299 per
2752 4236 2945 4301 opera
2973 4217 3226 4285 vitiosa.
3263 4218 3338 4280 Et
3367 4237 3481 4301 per

1988 4334 2238 4392 manua,
2285 4314 2700 4396 intelligenda
2749 4324 2898 4379 sunt
2941 4325 3148 4380 cetera
3192 4317 3479 4380 membra

1985 4412 2334 4497 operativa,
2372 4433 2483 4477 seu
2525 4414 2734 4496 potius
2772 4414 3113 4497 operativae
3153 4414 3474 4499 potentiae.

1985 4512 2294 4577 Similiter
2337 4530 2451 4596 per
2488 4531 2702 4595 opera,
2737 4512 3295 4596 subintelligendae
3329 4521 3479 4577 sunt

1983 4612 2368 4676 omissiones
2410 4612 2902 4691 operandorum.

2067 4714 2388 4779 Quoniam
2427 4714 2600 4773 Deus
2649 4722 2916 4773 mortem
2961 4732 3086 4773 non
3122 4713 3297 4790 fecit.
3343 4712 3478 4775 Cer-

1983 4816 2117 4869 tum
2169 4817 2264 4870 est
2319 4808 2489 4889 quod
2545 4818 2814 4873 mortem
2873 4809 3080 4892 culpae
3130 4811 3292 4874 Deus
3345 4828 3475 4871 non

1985 4905 2138 4969 fecit
2165 4926 2179 4970 z
2205 4925 2349 4988 quae
2379 4926 2550 4969 mors
2581 4917 2676 4970 est
2709 4907 3061 4971 formaliter
3091 4908 3300 4990 ipsum
3341 4926 3478 4989 pec-

1981 5012 2217 5081 catum,
2265 5005 2434 5085 quod
2495 5023 2623 5068 non
2671 5014 2766 5068 est
2809 5004 3056 5087 aliquid
3101 5005 3471 5088 positivum,

1982 5110 2295 5183 quantum
2334 5102 2412 5163 ad
2461 5121 2640 5163 suam
2691 5101 3184 5179 deformitatem,
3223 5120 3336 5165 nec
3381 5113 3476 5167 est

1980 5219 2018 5262 a
2064 5198 2214 5273 Deo,
2249 5200 2361 5262 sed
2390 5219 2427 5261 a
2455 5200 2785 5263 voluntate
2817 5218 3134 5283 perversa.
3167 5201 3474 5265 Voluntas

1982 5315 2259 5378 namque
2299 5305 2510 5360 creata
2559 5306 2620 5361 et
2669 5296 2892 5377 libera,
2929 5300 2996 5361 in
3037 5308 3346 5381 quantum
3399 5320 3476 5365 ex

3549 1012 3629 1058 Ps.
3650 1026 3694 1062 v,
3711 1013 3751 1055 7.

3611 2951 3678 3006 12

3605 4724 3672 4781 13
