4284 6267
638 1964 706 2021 10

643 3245 707 3301 ss

643 3730 710 3786 12

829 486 946 551 342

1439 507 1789 554 ENARRATJO
1833 506 1896 552 IN
1938 504 2074 553 GAP.
2122 506 2166 551 11
2210 503 2448 552 CANTICI
2490 504 2893 553 CAercontm.
2939 526 3020 535 —
3062 507 3201 552 ΛΒΤ.
3238 506 3324 552 vn

827 684 950 736 tem
1006 688 1294 738 nostrum
1333 700 1356 738 .·
1384 679 1562 759 juxta
1617 676 2045 759 expositiones
2101 686 2325 759 prae'ta-
2353 677 2403 739 A
2432 678 2555 740 diae
2582 678 3006 761 propulsatur,
3037 678 3180 758 gelu
3213 678 3493 741 rancoris
3524 676 3793 758 fugatur,
3828 677 3927 739 ira

825 783 980 835 ctaS.
1031 774 1214 849 Quasi
1259 776 1426 838 dicat
1462 794 1475 837 :
1509 776 1708 839 Habet
1748 796 1814 839 se
1853 777 2053 839 instar
2089 786 2328 839 amato-

827 872 940 950 riS,
990 874 1103 954 qui
1152 876 1228 937 ad
1273 876 1528 937 domum
1575 876 1840 938 veniens
1882 895 2012 938 suae
2053 875 2321 947 dilectae,

828 990 956 1035 non
1006 974 1215 1035 statim
1270 974 1647 1053 ingreditur,
1695 975 1803 1037 sed
1854 994 1968 1057 per
2019 974 2326 1037 fenestras

827 1072 1276 1154 cancellosque
1335 1072 1666 1155 prospicit,
1715 1082 1776 1135 et
1836 1073 2204 1155 aliqualiter
2261 1092 2327 1135 se

829 1171 1126 1245 ostendit,
1161 1179 1474 1252 quatenus
1506 1172 1733 1253 maj0ri
1765 1172 1862 1233 sui
1893 1171 2210 1235 desiderio
2238 1191 2331 1234 ac-

832 1270 1056 1332 cendat
1087 1269 1355 1332 amicam
1391 1286 1404 1330 :
1441 1268 1532 1331 sic
1561 1278 1623 1332 et
1653 1288 1924 1351 sponsus
1956 1269 2076 1331 iste
2107 1269 2332 1332 infini-

827 1377 956 1430 tam
997 1387 1128 1431 suoe
1167 1367 1556 1430 amoenitatis
1593 1388 1665 1430 ac
1705 1368 2062 1431 serenitatis
2091 1369 2332 1431 amabi-

835 1467 1100 1541 litatem,
1138 1466 1510 1529 suavitatem
1543 1486 1616 1528 ac
1647 1468 1936 1530 decorem
1969 1467 2331 1549 aliqualiter

829 1566 990 1628 mihi
1034 1584 1205 1628 nunc
1246 1564 1490 1647 pandit,
1527 1566 2026 1647 intuendamque
2067 1567 2327 1648 praebet‚

829 1674 900 1727 ut
940 1664 1384 1729 vehementius
1424 1664 1825 1742 incalescam,
1860 1674 2051 1746 atque
2089 1666 2169 1727 ad
2211 1665 2334 1728 cla-

831 1782 968 1825 rum
1012 1782 1086 1826 ac
1123 1762 1495 1826 beatificum
1534 1764 1675 1845 ejus
1716 1763 2015 1827 intuitum
2059 1764 2331 1826 calidius

831 1862 1246 1925 inardescam.

910 1963 1014 2021 En
1073 1963 1344 2021 dilectus
1401 1982 1577 2021 meus
1633 1964 1924 2041 loquitur
1980 1963 2170 2031 milei,
2215 1979 2330 2024 suo

831 2059 1080 2123 occulto
1109 2058 1327 2121 divino
1360 2058 1688 2136 instinctu,
1722 2067 1782 2122 et
1815 2078 1928 2141 per
1967 2059 2331 2141 inspiratio-

831 2177 977 2220 nem
1027 2178 1099 2220 ac
1141 2158 1553 2221 directionem
1599 2158 1974 2239 angelicam,
2008 2177 2120 2240 per
2166 2158 2329 2221 Scri·

831 2266 1052 2339 pturas
1091 2265 1154 2319 et
1199 2275 1312 2338 per
1358 2255 1648 2318 homines
1691 2257 2102 2339 praesidentes
2145 2264 2209 2319 et
2236 2275 2326 2317 sa-

833 2355 1078 2439 pientes
1113 2372 1127 2416 :
1161 2358 1373 2432 Surye
1408 2374 1444 2416 a
1475 2354 2031 2436 contemplationis
2071 2372 2319 2435 sopore,

821 2474 1128 2534 propera,
1171 2456 1381 2513 amica
1439 2474 1602 2524 mea,
1656 2453 1719 2514 id
1776 2462 1894 2529 est,
1944 2472 2090 2515 cum
2148 2454 2320 2515 omni

833 2550 1338 2635 promptitudine
1381 2559 1444 2612 et
1485 2552 1708 2614 ardore
1750 2570 1970 2613 exerce
2013 2550 2324 2613 exteriora

830 2670 976 2734 quae
1029 2650 1144 2711 tibi
1193 2648 1592 2725 incumbunt,
1644 2652 1933 2711 columba
1983 2671 2151 2719 mea,
2192 2651 2327 2727 for-

833 2767 1008 2810 mosa
1037 2769 1204 2819 mea,
1235 2757 1294 2808 et
1324 2750 1494 2808 veni.
1535 2747 1692 2810 Ecce
1722 2757 1960 2829 quanta
1990 2757 2086 2810 est
2116 2748 2327 2826 digni-

833 2858 928 2911 tas
972 2848 1202 2910 animae
1243 2847 1542 2911 virtuosae
1585 2866 1656 2909 ac
1699 2846 2235 2928 contemplativa),
2266 2856 2328 2908 et

834 2966 1026 3028 quam
1059 2944 1396 3008 amabilem
1428 2945 1552 3008 Deo
1595 2945 1835 3007 faciunt
1865 2945 2132 3009 virtutes
2163 2963 2331 3007 crea-

2435 778 2702 858 sopitur,
2735 776 3137 857 evagationes
3184 777 3393 840 cordis
3440 785 3502 840 et
3551 775 3927 840 inordinatae

2435 873 2812 938 affectiones
2866 874 3212 957 pelluntur,
3258 883 3321 937 et
3363 883 3692 937 serenatur
3732 882 3927 955 atque

2436 973 2823 1035 exhilaratur
2861 974 3074 1035 anima
3114 982 3265 1035 tota.
3298 973 3440 1036 ldeo
3480 991 3712 1054 sponso
3738 974 3929 1035 adve-

2437 1072 2674 1148 niente,
2724 1072 3016 1154 protinus
3056 1081 3152 1135 est
3188 1071 3573 1152 surgendum
3615 1079 3675 1133 et
3711 1090 3933 1153 prope-

2438 1172 2708 1233 randum
2741 1170 2805 1232 in
2846 1171 2985 1253 ejus
3014 1188 3371 1243 occursum,
3406 1178 3474 1232 ut
3512 1190 3654 1233 cum
3686 1170 3928 1250 ingenti

2440 1268 2797 1332 reverentia
2833 1268 3241 1351 suscipiatur,
3274 1277 3336 1330 et
3369 1268 3681 1349 quidquid
3712 1268 3933 1347 gratiae

2439 1367 2709 1442 dederit,
2775 1367 3267 1448 diligentissime
3324 1376 3765 1443 conservetur;
3814 1384 3933 1429 nec

2439 1485 2633 1529 aurea
2690 1466 2799 1529 illa
2855 1485 2986 1529 suae
3038 1464 3420 1530 visitationis
3475 1465 3629 1528 hora
3678 1473 3771 1528 est
3832 1484 3935 1527 ne·

2438 1565 2758 1646 gligenda,
2813 1584 2893 1627 ne
2953 1564 3222 1627 forsitan
3277 1564 3667 1645 indignatuS,
3714 1574 3933 1646 postea

2441 1664 2656 1741 etiam,
2713 1664 3004 1745 quamvis
3050 1672 3325 1743 rogatuS,
3362 1662 3455 1726 sic
3500 1663 3797 1727 advenire
3844 1683 3933 1727 re-

2442 1772 2640 1824 cuset.

2368 1867 2415 1927 Β
2512 1866 2644 1921 Vooe
2675 1863 2953 1923 curturis
2982 1863 3215 1923 audita
3240 1871 3330 1922 est
3360 1863 3435 1921 in
3469 1871 3638 1922 terra
3668 1873 3885 1923 nostra
3910 1884 3934 1923 .·

2442 1959 2501 2022 id
2550 1969 2667 2033 est,
2722 1959 2924 2023 oratio
2975 1960 3245 2042 pudicae,
3281 1968 3467 2023 castae
3512 1980 3585 2021 ac
3635 1960 3936 2024 solitariae

2440 2058 2697 2137 mentiS,
2732 2060 2812 2121 ad
2849 2078 3036 2121 aures
3077 2058 3333 2141 pietatis
3370 2076 3526 2121 meae
3564 2058 3838 2137 devenit,
3870 2070 3938 2122 et

2436 2157 2597 2219 mihi
2638 2166 2894 2240 accepta
2938 2166 3053 2221 est.
3088 2157 3246 2219 Hinc
3293 2157 3370 2219 ad
3414 2155 3691 2219 animam
3737 2159 3936 2239 poeni·

2437 2264 2669 2319 tentem
2702 2266 2764 2319 et
2790 2265 3165 2337 gementem,
3200 2264 3263 2318 ct
3291 2256 3369 2317 de
3397 2255 3530 2317 suis
3558 2255 3763 2338 culpis
3792 2275 3933 2319 eru-

2433 2355 2819 2431 bescentem,
2852 2354 3126 2434 benigne
3159 2363 3438 2417 revertor
3472 2372 3485 2415 :
3520 2362 3582 2417 et
3623 2354 3707 2416 ita
3736 2355 3921 2436 quasi

2433 2466 2685 2535 tempus
2716 2452 2976 2517 vernale
3022 2452 3415 2534 resplenduit
3451 2452 3701 2515 animae.
3738 2456 3931 2515 Ficus

2427 2554 2706 2633 protulit
2732 2572 2977 2629 ,qrossos
3005 2571 3171 2612 suo-5.
3204 2549 3317 2612 Per
3346 2550 3637 2613 arborem
3672 2550 3803 2627 fici,
3840 2553 3926 2614 si-

2433 2649 2778 2733 gnificatur
2820 2649 2924 2711 hic
2968 2648 3179 2710 anima
3224 2647 3567 2724 fructuosa,
3619 2650 3926 2727 caritatiS,

2436 2749 2690 2833 pietatis
2740 2756 2803 2811 et
2848 2746 3205 2810 devotionis
3264 2747 3571 2809 suavitate
3632 2746 3859 2810 referta
3911 2766 3926 2811 τ

2434 2866 2579 2929 quae
2610 2846 2821 2908 statim
2860 2853 2932 2907 ut
2970 2845 3195 2927 potuit,
3230 2846 3423 2926 coepit
3459 2863 3646 2926 agere
3687 2846 3928 2928 aliquid

2437 2945 2587 3008 boni
2626 2964 2697 3007 ac
2737 2944 3060 3007 devotioni
3092 2943 3406 3021 insistere,
3440 2944 3727 3025 quamvis
3756 2964 3933 3009 exer-

834 3054 1038 3107 turam
1071 3043 1467 3119 rationalem,
1501 3062 1644 3125 quae
1673 3052 1764 3105 tot
1793 3042 2101 3105 amorosis
2132 3041 2331 3106 nomi·
2364 3045 2408 3108 C
2438 3043 2589 3107 citia
2642 3044 2781 3124 ejus
2833 3052 3045 3105 essent
3102 3042 3308 3105 adhuc
3364 3042 3758 3125 imperfecta,
3802 3043 3931 3105 ‘im-

836 3144 1026 3205 nibus
1064 3142 1371 3205 invitatur
1408 3161 1479 3203 ac
1521 3141 1883 3203 nominatur
1923 3160 1960 3203 a
1989 3159 2245 3223 sponso.

940 3246 1091 3304 Jam
1135 3243 1310 3302 enim
1358 3242 1585 3307 hiems,
1637 3239 1703 3302 id
1761 3247 1856 3301 est
1914 3248 2129 3322 torpor
2188 3259 2329 3302 ace-

836 3340 977 3415 diae,
1015 3338 1218 3419 frigus
1249 3337 1530 3414 invidiae‚
1572 3346 1680 3399 aut
1709 3337 2008 3399 sterilitas
2037 3338 2324 3412 ultionis,

839 3438 1116 3499 transiit.
1150 3439 1381 3503 Imber,
1414 3435 1474 3498 id
1509 3444 1602 3497 est
1633 3435 2028 3517 profluvium
2064 3445 2331 3518 perstre-

838 3535 1124 3618 pentium
1172 3534 1628 3614 cogitationum
1678 3553 1751 3597 ac
1801 3534 2329 3597 tumultuantium

838 3634 1300 3697 desideriorum
1328 3632 1702 3706 carnalium,
1738 3632 1934 3695 instar
1981 3632 2205 3695 imbris
2237 3632 2331 3694 in-

837 3732 1208 3809 cidentium,
1259 3733 1446 3792 abiit.
1491 3734 1708 3791 Floras
1757 3739 2209 3808 apparuerunt
2256 3732 2329 3791 in

839 3842 1010 3893 terra
1041 3840 1284 3897 nostra,
1318 3828 1383 3890 id
1412 3836 1530 3904 est,
1564 3828 1870 3891 virtutum
1904 3836 2164 3891 ornatus
2189 3847 2331 3891 eru-

837 3937 1066 4011 perunt
1107 3927 1174 3989 in
1219 3944 1368 4006 agro
1407 3925 1616 3988 cordis
1658 3926 1748 3987 tui
1798 3946 1812 3989 :
1863 3926 1970 4006 qui
2026 3935 2122 3988 est
2164 3934 2331 3989 terra

835 4046 977 4089 mea
1006 4035 1067 4087 et
1103 4034 1232 4101 tua,
1267 4026 1330 4085 id
1371 4032 1467 4086 est
1505 4032 1719 4086 nostra
1757 4042 1769 4085 :
1805 4036 1967 4101 mea,
2010 4044 2121 4106 per
2160 4044 2332 4087 crea-

838 4125 1098 4200 tionem,
1134 4122 1538 4185 dilectionem
1571 4131 1633 4183 et
1672 4124 2327 4205 praedestinationem3

2442 3151 2707 3217 matura,
2762 3140 3164 3221 faciliterque
3202 3159 3277 3202 ex
3324 3150 3513 3205 vento
3561 3140 3929 3205 tentationis

2440 3259 2553 3303 seu
2581 3238 2984 3303 adversitatis
3015 3238 3324 3319 cujusque
3356 3238 3644 3301 labentia.
3676 3239 3931 3321 Propter

2438 3339 2609 3421 quod
2660 3337 3073 3420 designantur
3132 3354 3245 3419 per
3301 3354 3575 3417 grossoS,
3622 3338 3735 3419 qui
3785 3347 3931 3400 sunt

2441 3436 2687 3499 fructus
2720 3435 2936 3518 primi,
2972 3436 3320 3513 immaturi,
3352 3455 3426 3499 ac
3461 3436 3588 3499 levi
3618 3445 3811 3500 vento
3840 3457 3933 3499 ca·

2440 3536 2683 3599 dentOS.
2737 3538 2947 3597 Vincoe
2988 3538 3189 3612 floren
3200 3545 3283 3595 tes
3324 3538 3640 3595 dederunt
3675 3539 3931 3597 odorem

2437 3656 2651 3697 suum.
2686 3633 2818 3695 Non
2864 3632 3069 3695 solum
3115 3632 3416 3706 Ecclesia,
3458 3633 3567 3696 sed
3610 3642 3671 3695 et
3714 3633 3935 3715 quaeli-

2439 3732 2547 3795 bet
2576 3733 2801 3794 devota
2829 3732 3041 3794 anima
3078 3730 3306 3793 merito
3339 3730 3524 3793 vinea
3550 3732 3928 3814 appellatur,

2438 3848 2582 3912 quae
2613 3830 2678 3891 in
2716 3846 2981 3911 corpore
3021 3848 3135 3891 suo
3167 3828 3345 3911 quasi
3381 3828 3446 3890 in
3490 3838 3653 3892 terra
3690 3829 3934 3913 planta-

2441 3937 2524 4005 ta,
2572 3948 2607 3990 a
2660 3928 2898 4010 Spiritu
2949 3927 3175 3991 Sancto
3226 3927 3665 4009 principaliter
3712 3937 3773 3991 et
3820 3948 3932 4011 per

2440 4028 2579 4108 ejus
2607 4027 2934 4089 ministros
2964 4025 3467 4089 ministerialiter
3494 4025 3739 4102 colitur,
3774 4047 3813 4090 a
3840 4048 3933 4089 su-

2442 4124 2809 4207 perfluitate
2860 4143 2973 4187 sua
3021 4133 3345 4207 purgatur,
3403 4133 3466 4187 et
3500 4123 3763 4188 fructus
3807 4127 3933 4188 vir-

839 4231 967 4299 tua,
1023 4241 1134 4304 per
1182 4220 1656 4284 concessionem
1718 4230 1780 4283 et
1836 4222 2326 4303 possessionem.
2362 4229 2411 4290 D
2444 4232 2647 4286 tutum
2706 4223 3021 4305 jucundos
3074 4222 3493 4304 spiritualiter
3544 4222 3933 4287 inebriantes

846 4325 1113 4399 Tempus
1148 4322 1511 4397 putationis
1549 4322 1815 4381 adveni!
1840 4342 1862 4380 .·
1903 4320 1965 4382 id
2012 4330 2128 4397 est,
2178 4321 2331 4384 hora

838 4439 1009 4483 nunc
1039 4428 1155 4493 est,
1190 4427 1261 4481 ut
1289 4437 1542 4482 omnem
1573 4419 1826 4502 culpam
1857 4419 2334 4500 quantumlibet

838 4538 1122 4601 parvam,
1161 4517 1448 4580 abscidas
1479 4538 1515 4579 a
1547 4526 1628 4595 te,
1663 4536 1744 4581 ne
1778 4517 1932 4599 quid
1974 4518 2332 4581 inveniatur

839 4618 906 4680 in
947 4627 1008 4679 te
1051 4618 1224 4698 quod
1265 4635 1478 4679 meum
1517 4614 1804 4680 offendat
1845 4618 2235 4699 adspectum,
2269 4628 2330 4679 et.

840 4716 1046 4779 lucem
1106 4714 1666 4797 contemplationis
1725 4714 2038 4778 obfuscet.
2089 4716 2326 4797 ltaque,

839 4813 1000 4877 sicut
1032 4813 1166 4877 sole
1194 4814 1438 4877 oriente
1469 4812 1770 4895 fugantur
1799 4814 2334 4898 caligineS,expcl-

838 4913 1184 4994 lunturque
1213 4912 1511 4988 tenebrae,
1541 4921 1602 4975 et
1633 4912 1884 4975 nebulae
1916 4913 2327 4995 dissipantur,

838 5012 1130 5075 clarescit
1157 5030 1264 5074 aer
1297 5030 1368 5073 ac
1390 5010 1612 5072 mundi
1639 5009 1833 5072 facies
1856 5012 2190 5074 decoratur
2204 5029 2221 5091 3
2241 5010 2331 5073 sic

837 5110 980 5174 Sole
1031 5108 1379 5191 sapientiai,
1431 5127 1666 5191 sponso
1718 5108 1982 5184 coelesti,
2035 5109 2330 5172 veniente

835 5216 1028 5290 atque
1059 5207 1454 5287 ingrediente
1485 5207 1551 5268 in
1582 5206 1860 5270 animam.
1891 5207 2331 5289 contemplati—

839 5322 1004 5383 vam,
1039 5313 1104 5368 et
1133 5303 1415 5367 radiante
1453 5304 1518 5366 in
1551 5322 1645 5378 ea,
1679 5304 1887 5367 omnis
1931 5314 2148 5388 torpor
2186 5324 2328 5369 ace-

2441 4322 2755 4403 producit.
2788 4323 2973 4385 Bonae
3014 4339 3270 4402 quoque
3310 4321 3815 4389 conversationis
3848 4342 3934 4386 re·

2441 4419 2611 4481 dolet.
2653 4418 2843 4496 fama,
2878 4428 2941 4482 et
2974 4420 3220 4481 interna
3262 4418 3567 4481 suavitate
3605 4418 3935 4500 perfundi-

2442 4526 2566 4593 tur,
2600 4536 2714 4599 per
2742 4536 2933 4599 quam
2965 4517 3152 4580 etiam
3184 4517 3263 4579 ad
3295 4516 3615 4598 proximos
3646 4516 3841 4580 habet
3868 4537 3936 4580 se

2442 4615 2731 4679 dulciter.
2769 4616 2938 4677 Hanc
2968 4615 3245 4691 vineam,
3285 4614 3349 4677 id
3380 4623 3477 4677 est
3513 4614 3793 4677 animam
3832 4637 3936 4679 su—

2441 4734 2560 4791 am,
2614 4714 3053 4797 unusquisque
3105 4714 3228 4777 Deo
3278 4713 3645 4789 auxiliante,
3707 4716 3934 4797 angelo

2440 4813 2775 4894 dirigente,
2826 4812 3171 4894 Scripturis
3216 4831 3288 4875 ac
3330 4811 3608 4894 praelatis
3658 4814 3935 4877 docenti-

2442 4912 2585 4989 buS,
2620 4913 2808 4975 debet
2838 4911 3145 4987 excolere,
3182 4910 3261 4972 ab
3291 4920 3448 4973 aestu
3483 4910 3935 4993 concupiscen-

2442 5010 2543 5073 tiae
2575 5029 2981 5092 praeservare,
3016 5007 3377 5073 devotionis
3403 5009 3797 5090 pinguedine
3827 5012 3933 5073 im-

2440 5109 2769 5190 pinguare,
2795 5109 2980 5171 bonis
3012 5108 3257 5190 replere
3287 5106 3606 5190 operibuS,
3644 5119 3869 5190 putare
3894 5130 3930 5173 a

2440 5208 2627 5279 vitiis
2660 5216 2849 5288 atque
2876 5207 2953 5269 ad
2987 5207 3471 5288 perseverantiae
3500 5208 3925 5272 maturitatem

2436 5325 2510 5369 ac
2554 5305 2904 5368 ubertatem
2947 5305 3315 5387 perducere.
3356 5304 3573 5369 Vineae
3613 5324 3765 5387 ergo
3802 5305 3927 5371 -flo-

4058 2468 4125 2523 13
