4284 6267
593 982 730 1037 Apoc.
753 994 811 1031 ιιι,

548 1046 616 1089 20.

550 2470 634 2514 lob
649 2484 760 2521 xxxi,
772 2469 812 2510 9·

843 481 962 545 306

1461 500 1814 547 ENARRATIO
1857 501 1920 547 IN
1969 499 2108 547 CAP.
2158 498 2179 543 1
2221 497 2461 545 CANTICI
2503 499 2905 547 CAN'rtcoltmt.
2952 522 3030 531 —-
3072 503 3214 550 ΛΒΤ.
3260 504 3325 550 ln

839 670 1248 753 pasciturque
1287 670 1366 735 ab
1397 671 1489 736 eis
1524 672 1590 734 in
1631 672 1938 735 membris
1973 671 2104 733 suis
2137 671 2235 735 vel
2268 671 2333 733 in
2369 670 2419 732 A
2446 690 2553 735 eos
2602 673 2831 755 perire,
2883 683 2947 737 tu
2992 683 3203 738 tamen
3258 674 3469 739 fructu
3510 684 3765 740 tuorum
3814 694 3941 739 non

839 788 908 833 se
937 769 1098 853 ips0,
1131 771 1281 834 dum
1317 772 1396 835 de
1436 791 1654 835 eorum
1697 771 1882 835 bonis
1921 772 2153 852 gaudet
2189 790 2337 853 ope-

841 869 1042 945 ribuS,
1111 879 1302 953 atque
1367 890 1588 934 eorum
1648 872 2126 952 congratulatur
2196 889 2339 953 pro-

842 966 1059 1031 fectui.
1097 969 1275 1033 Unde
1315 970 1380 1033 in
1421 971 1798 1054 Apocalypsi
1843 978 2106 1033 testatur
2149 987 2163 1032 ε
2212 970 2339 1049 Ego

841 1076 939 1131 sto
967 1068 1045 1131 ad
1091 1070 1324 1133 ostium
1367 1078 1426 1133 et
1468 1070 1652 1151 pulso
1689 1088 1701 1131 :
1739 1069 1792 1132 si
1832 1070 1976 1151 quis
2015 1068 2341 1151 aperuerit

839 1167 1020 1239 mihi,
1076 1166 1328 1232 intrabo
1368 1169 1448 1231 ad
1501 1168 1708 1245 illum,
1760 1177 1822 1230 et
1871 1167 2138 1231 coenabo
2190 1187 2336 1230 cum

839 1283 936 1339 e0,
970 1275 1034 1328 et
1076 1266 1212 1348 ipse
1259 1286 1531 1329 mecum.
1565 1268 1633 1329 ln
1676 1266 2191 1349 contemplativis
2234 1286 2340 1329 au-

839 1371 968 1427 tem
1012 1363 1224 1441 cubat,
1260 1364 1322 1427 id
1367 1374 1460 1428 est
1505 1365 1802 1447 quiescit,
1838 1365 2142 1447 quoniam
2188 1384 2340 1428 con-

839 1462 1198 1543 templativi
1230 1462 1522 1526 stabilius
1555 1462 2082 1545 frequentiusque
2113 1470 2340 1527 vacant

843 1561 1064 1642 sponsi
1092 1561 1512 1643 amplexibus,
1533 1570 1596 1625 et
1627 1562 2177 1644 pulchritudinem
2208 1562 2342 1626 vul-

845 1667 948 1721 tus
995 1660 1134 1741 ejus
1179 1660 1600 1744 prospiciunt.

921 1757 1221 1840 Sequitur
1263 1760 1480 1841 sponsi
1526 1760 1856 1841 responsio
1899 1760 1978 1821 ad
2021 1759 2339 1841 praa-indu-

2444 772 2691 833 carebis
2739 771 3051 836 laborum.
3092 774 3273 836 Juxta
3321 774 3745 856 praehabitum
3796 792 3941 836 sen-

2447 888 2585 931 sum
2612 870 2701 933 ait
2726 870 3101 954 Apostolus:
3123 872 3218 934 An
3252 872 3557 953 ignoratis
3586 892 3700 937 vos
3734 872 3941 955 ipsos?
3983 888 4243 941 nem-,1115

2449 968 2573 1029 nisi
2631 968 2794 1033 sorte
2844 969 3096 1051 reprobi
3148 970 3310 1032 sitis,
3363 971 3441 1033 Et
3485 971 3693 1033 denuo
3740 969 3944 1033 fassus
3971 956 4010 993 ⁵·

2448 1075 2543 1128 est
2597 1086 2610 1129 :
2662 1068 2970 1131 Omnibus
3030 1069 3277 1132 debitor
3326 1089 3488 1147 sum,
3547 1068 3944 1151 sapientibus
3986 1086 4243 1137 aumas.

2448 1173 2510 1226 et
2542 1166 3019 1248 insipientibus.
3055 1168 3503 1230 Verumtamen
3548 1168 3733 1230 multi
3773 1168 3945 1231 hunc

2448 1282 2707 1345 passum
2755 1266 2941 1329 aliter
2999 1285 3071 1329 ac
3121 1265 3367 1348 prolixe
3425 1274 3782 1349 exponunt;
3836 1265 3945 1328 sed

2450 1364 2809 1443 explanatio
2850 1365 2967 1425 ista
3010 1362 3263 1428 facilior
3298 1364 3635 1447 aptiorque
3667 1364 3941 1427 videtur.

2530 1464 2881 1541 Equitacui
2930 1484 3066 1523 meo
3114 1466 3185 1524 in
3232 1465 3533 1524 curribus
3578 1464 3945 1524 Pharaonis
4074 1473 4115 1527 8

2449 1564 2815 1622 assimilavi
2849 1572 2924 1635 ce,
2960 1564 3175 1623 amica
3206 1583 3345 1623 mea
3376 1584 3400 1621 .·
3432 1561 3497 1623 id
3536 1570 3653 1638 est,
3685 1580 3726 1623 ο
3764 1579 3945 1642 spon-

2450 1676 2521 1719 sa
2561 1658 2910 1737 carissima,
2955 1678 3073 1741 ego
3118 1659 3513 1724 conformavi
3564 1668 3626 1721 et
3670 1658 3945 1722 similem

2453 1756 2575 1820 l'eci
2611 1765 2669 1820 te
2707 1758 3009 1821 exercitui
3046 1756 3336 1822 filiorum
3366 1759 3553 1821 Israel
3592 1758 3658 1819 in
3688 1757 3948 1839 dejecti-

841 1865 1008 1919 ctam
1067 1877 1316 1939 sponsae
1374 1858 1768 1940 petitionem.
1833 1861 1913 1919 Si
1951 1860 2216 1935 iqnoras
2258 1869 2336 1928 te,
2372 1856 2421 1919 B
2449 1874 2572 1918 one
2608 1863 2671 1918 et
2711 1856 3151 1920 submersione
3194 1875 3495 1918 curruum
3542 1875 3619 1919 ac
3656 1856 3941 1937 equitum

840 1977 875 2017 o
929 1960 1207 2035 pulchra
1262 1960 1434 2018 inter
1491 1960 1812 2027 muliere-5,
1877 1956 1939 2019 id
2007 1965 2123 2032 est,
2185 1956 2340 2037 quia

842 2054 1136 2135 ignorare
1171 2064 1230 2118 te
1266 2056 1470 2138 ipsam
1511 2074 1638 2119 non
1679 2056 1896 2131 debes,
1931 2074 2048 2117 nec
2092 2055 2157 2116 in
2208 2063 2337 2118 toto

843 2160 904 2215 te
932 2153 1161 2230 nesciS,
1196 2172 1234 2217 o
1261 2153 1563 2230 Ecclesia,
1600 2174 1728 2235 prae
1769 2154 1996 2216 ceteris
2034 2153 2336 2233 gentibus

838 2251 1044 2331 gratia
1089 2270 1162 2315 ac
1217 2252 1561 2317 virtutibus
1613 2252 1921 2333 speciosa.
1975 2251 2338 2333 Saepissime

843 2349 1140 2430 equidem
1197 2351 1265 2412 in
1323 2350 1666 2431 Scripturis
1727 2349 2038 2432 accipitur
2091 2352 2173 2420 si,
2222 2368 2338 2431 pro

843 2468 991 2518 non,
1041 2457 1112 2510 ut
1160 2467 1356 2529 quum
1406 2456 1664 2511 sanctus
1708 2447 1825 2511 Job
1876 2448 2162 2529 loquitur
2210 2465 2223 2509 ε
2272 2447 2337 2509 Si

842 2546 1176 2629 deceptum
1210 2555 1307 2609 est
1341 2565 1450 2610 cor
1478 2566 1690 2609 meum
1733 2566 1923 2628 super
1953 2546 2241 2623 muliere,
2276 2554 2340 2608 et

841 2644 895 2705 si
943 2645 1023 2707 ad
1073 2646 1303 2708 ostium
1367 2645 1556 2708 amici
1604 2645 1726 2707 mei
1781 2644 2119 2707 insidiatus
2168 2663 2333 2705 sum.

839 2742 1093 2806 Certum
1127 2752 1223 2807 est
1247 2753 1482 2821 autem,
1502 2744 1674 2826 quod
1702 2743 1980 2806 Ecclesia
2008 2762 2153 2825 quae
2182 2750 2341 2805 teste

835 2860 1069 2923 sponso
1112 2851 1408 2906 censetur
1452 2842 1739 2925 pulchra,
1777 2861 1905 2905 non
1958 2843 2215 2922 ignoret
2267 2860 2335 2905 se

836 2939 1040 3021 ipsam
1077 2959 1090 3003 :
1128 2941 1256 3005 imo
1307 2940 1427 3005 scit
1468 2941 1623 3022 quid
1674 2960 1787 3023 per
1833 2948 2124 3003 naturam
2174 2939 2337 3003 exsi-

2451 1953 2617 2033 regis
2666 1954 2912 2036 AEgypti
2968 1972 2981 2015 :
3029 1973 3217 2035 quem
3278 1973 3427 2017 cum
3476 1954 3609 2017 suis
3660 1954 3727 2016 in
3782 1953 3943 2015 mari
3986 1970 4135 2013 Em
4152 1986 4241 2021 m,

2448 2051 2661 2115 Rubro
2708 2051 3045 2129 submersi,
3089 2059 3151 2115 et
3193 2053 3541 2115 exercitum
3592 2051 3783 2115 Israel
3832 2070 3943 2133 per
3969 2037 4108 2078 ²⁸⁴⁰·

2446 2151 2727 2212 medium
2764 2150 2957 2213 maris
2988 2150 3161 2212 illius
3192 2150 3379 2213 eduxi
3412 2170 3487 2213 ac
3523 2150 3813 2215 liberavi.
3840 2150 3943 2213 Sic

2451 2258 2509 2311 te
2537 2249 2615 2311 de
2645 2257 2955 2331 potestate
2989 2249 3229 2311 diaboli
3262 2249 3759 2331 angelorumque
3800 2249 3940 2329 ejus

2450 2347 2710 2410 redemi.
2744 2348 2819 2409 Et
2861 2348 3029 2410 sicut
3073 2346 3248 2411 filios
3292 2348 3478 2411 lsrael
3514 2348 3660 2430 pavi
3702 2366 3943 2411 manna
4010 2374 4235 2425 mam,

2446 2464 2519 2506 ac
2551 2464 2717 2527 aqua
2748 2447 2827 2509 de
2860 2454 3039 2529 petra
3076 2448 3307 2509 educta
3333 2465 3351 2526 3
3391 2445 3483 2509 sic
3522 2454 3583 2509 te
3620 2466 3785 2529 pane
3815 2464 3941 2509 coe-
3965 2439 4233 2542 {ganza

2449 2543 2614 2622 lesti,
2668 2563 2933 2628 corpore
2982 2554 3047 2608 et
3092 2546 3402 2626 sanguine
3450 2565 3607 2624 meo,
3660 2546 3935 2623 enutri0,
3967 2563 4035 2603 ιι.
4095 2532 4106 2542 ’
4200 2534 4212 2549 ’

2447 2663 2615 2725 aqua
2653 2644 2979 2726 sapientiae
3011 2652 3184 2727 poto.
3220 2645 3297 2707 Et
3326 2646 3493 2708 sicut
3520 2645 3666 2709 illos
3697 2665 3811 2728 per
3842 2664 3942 2709 so-

2451 2742 2785 2805 litudinem
2824 2744 2900 2805 ad
2934 2752 3166 2805 terram
3204 2744 3649 2824 promissionis
3691 2744 3811 2807 sub
3842 2762 3943 2807 ve-

2449 2841 2725 2904 lamento
2754 2840 2943 2904 nubis
2976 2841 3043 2903 in
3075 2840 3275 2919 die,et
3306 2842 3371 2904 in
3404 2842 3741 2924 splendore
3771 2842 3939 2924 ignis
3988 2866 4233 2916 gnam,

2448 2939 2513 3001 in
2548 2948 2734 3003 nocte
2770 2940 3043 3019 deduxi3
3086 2939 3177 3003 sic
3222 2949 3281 3002 te
3321 2958 3433 3021 per
3468 2941 3787 3003 desertum
3826 2960 3940 3005 sae-
3966 2931 4131 2981 21·Ξὲ-

4272 2808 4274 2847 l

834 3046 979 3115 stat,
1012 3041 1181 3121 quod
1213 3060 1250 3102 a
1279 3058 1514 3121 sponso
1547 3041 1873 3122 redempta
1906 3039 2010 3115 sit,
2037 3047 2100 3101 ct
2135 3039 2336 3121 Bapti-
2370 3040 2413 3102 C
2446 3037 2575 3101 culi
2607 3039 2799 3119 hujus
2838 3038 3070 3115 exsilii,
3110 3039 3189 3100 ad
3226 3038 3551 3102 coelestem
3592 3040 3800 3122 dirigo
3833 3059 3941 3122 pa-

836 3146 1036 3201 smate
1077 3148 1396 3215 renovata,
1439 3139 1763 3220 variisque
1801 3139 2151 3217 gratiarum
2190 3139 2336 3201 cha—

836 3237 1204 3300 rismatibus
1235 3220 1576 3320 redempta.
1610 3238 1848 3320 ltaque,
1869 3238 2173 3317 quoniam
2202 3256 2331 3300 non

837 3336 1090 3417 ignoras
1119 3345 1199 3412 te,
1232 3341 1552 3414 eqredere,
1583 3336 1648 3398 id
1693 3345 1810 3414 est,
1847 3336 1912 3398 in
1953 3346 2165 3399 actum
2206 3336 2333 3398 vir-

836 3444 1041 3497 tutum
1072 3444 1136 3498 et
1168 3435 1232 3497 in
1271 3434 1571 3498 officium
1612 3435 2082 3517 praedicationis
2115 3453 2333 3517 proce·-

835 3534 946 3613 de3
976 3544 1036 3595 ec
1055 3554 1245 3611 pasce
1272 3536 1485 3595 koedos
1517 3542 1678 3602 tuos,
1711 3533 1774 3595 id
1807 3542 1922 3610 est,
1963 3552 2090 3596 non
2123 3534 2330 3595 solum

833 3631 1038 3713 justos
1067 3640 1130 3695 et
1158 3632 1504 3715 simpliceS,
1535 3632 1647 3714 qui
1677 3650 1827 3695 oves
1857 3639 2186 3709 vocantur,
2222 3632 2331 3693 sed

834 3730 1026 3793 etiam
1061 3740 1420 3812 peccatores
1453 3738 1516 3793 et
1554 3730 1785 3812 impios
1828 3730 2093 3806 instrue,
2127 3730 2326 3803 nutri,

832 3827 1140 3908 guberna,
1169 3831 1376 3906 juxta
1423 3832 1838 3889 tabernacula
1875 3838 2238 3905 pastorum,
2271 3828 2328 3889 id

834 3935 932 3989 est
961 3927 1040 3989 ad
1073 3926 1494 3989 imitationem
1525 3925 2016 4007 praecedentium
2051 3934 2327 4005 patrum,

831 4034 897 4087 ct
929 4024 1106 4105 juxta
1142 4026 1524 4088 documenta
1569 4023 2039 4106 Apostolorum,
2078 4024 2189 4105 qui
2242 4024 2334 4086 in-

832 4122 1211 4186 differenter
1260 4123 1575 4185 universis
1625 4123 2128 4205 praedicaverunt
2163 4140 2176 4186 :
2214 4124 2332 4186 sic-

2448 3138 2750 3214 radisum‚
2796 3136 2915 3199 sub
2960 3136 3356 3219 protectione
3400 3137 3618 3200 auxilii
3669 3157 3743 3201 ac
3796 3158 3941 3201 rore

2446 3234 2757 3315 refrigerii
2798 3235 2946 3312 mei,
2984 3243 3048 3297 et
3086 3234 3153 3297 in
3182 3234 3325 3298 luce
3362 3234 3518 3298 fidei
3548 3255 3619 3298 ac
3651 3236 3941 3299 claritate

2444 3333 2886 3397 illustrationis
2925 3352 3216 3415 supernae
3252 3353 3327 3396 ac
3362 3334 3641 3396 caritatis
3685 3333 3939 3398 fervore

2443 3433 2609 3495 inter
2639 3452 2943 3515 prospera
2974 3440 3036 3495 et
3070 3433 3356 3495 adversa.
3391 3432 3933 3507 Quemadmodum

2442 3531 2630 3593 etiam
2672 3531 2827 3593 filiis
2865 3530 3053 3593 Israel
3085 3532 3150 3593 in
3181 3540 3397 3594 monte
3430 3531 3601 3594 Sinai
3634 3551 3747 3613 per
3778 3532 3938 3614 Moy·
4004 3553 4221 3601 mam.

2442 3650 2555 3693 sen
2596 3630 2797 3709 legem
2843 3630 3031 3709 dedi3
3074 3630 3169 3692 sic
3217 3630 3331 3691 tibi
3377 3630 3442 3691 in
3485 3638 3703 3693 monte
3750 3638 3935 3692 terrae
3962 3630 4037 3659 ¹¹·

2443 3728 2887 3811 promissionis
2932 3748 3045 3810 per
3086 3747 3186 3791 me
3225 3728 3435 3810 ipsum
3481 3728 3933 3807 Evangelicam
4272 3808 4274 3811 Α

2441 3826 2683 3889 contuli
2716 3825 2942 3906 legem.
2976 3826 3132 3888 Hinc
3165 3825 3234 3887 in
3264 3825 3421 3889 lsaia
3448 3826 3790 3889 asseritur:
3826 3826 3937 3889 Su·
3964 3848 4034 3892 1⁸.
4056 3852 4219 3899 mse.

2443 3944 2556 4007 per
2584 3944 2837 3988 omnem
2867 3924 3134 4004 gloriam
3170 3924 3518 4005 protecti03
3552 3932 3616 3986 et
3646 3922 3938 3986 taberna-

2442 4022 2657 4085 culum
2698 4023 2817 4085 erit
2860 4022 2925 4083 in
2975 4021 3420 4084 umbraculum
3464 4022 3590 4084 diei
3628 4021 3710 4083 ab
3749 4031 3933 4099 aestu,

2441 4129 2503 4183 et
2550 4122 2614 4183 in
2666 4121 3091 4195 securitatem,
3137 4128 3199 4183 et
3248 4120 3313 4182 in
3362 4121 3845 4184 absconsionem
3898 4142 3938 4184 a

832 4241 957 4303 que
987 4232 1044 4281 et
1064 4224 1172 4282 abi
1191 4232 1334 4299 post
1369 4224 1633 4300 vestiqia
1657 4242 1929 4299 ⁸arey-am
1963 4233 2244 4295 tuorum,
2268 4222 2330 4284 id
2359 4222 2409 4284 D
2446 4220 2697 4282 turbine
2734 4228 2798 4281 et
2840 4238 2877 4281 a
2920 4219 3153 4302 pluvia.

832 4328 950 4396 est,
984 4319 1250 4383 virtutes
1281 4329 1341 4383 et
1383 4338 1575 4401 opera
1606 4320 1949 4383 electarum
1990 4339 2333 4407 congrega-

834 4418 1083 4481 tionum
1116 4426 1381 4496 sectare‚
1415 4437 1492 4481 ne
1525 4417 1838 4481 inutiliter
1865 4419 2175 4499 evageris.
2211 4419 2333 4501 Op-

835 4516 1062 4578 timum
1102 4516 1272 4579 enim
1306 4524 1403 4579 est
1440 4525 1504 4579 et
1541 4517 1724 4581 valde
1764 4536 2080 4594 securum,
2117 4518 2330 4579 tritam

833 4614 1204 4678 Sanctorum
1241 4614 1535 4679 incedere
1567 4615 1755 4693 viam,
1790 4622 1854 4677 et
1884 4632 2104 4679 eorum
2136 4615 2333 4677 inhae-

831 4733 970 4777 rere
1013 4714 1323 4795 vestigiiS‚
1368 4715 1478 4796 qui
1523 4734 1776 4778 cursum
1823 4733 2006 4775 suum
2056 4713 2330 4777 feliciter

829 4812 1331 4895 compleverunt.
1384 4813 1522 4876 Noli
1572 4830 1720 4891 ergo
1770 4812 2186 4875 immoderate
2238 4812 2332 4874 di-

831 4920 1079 4974 scutere
1129 4920 1237 4974 aut
1289 4911 1455 4974 velle
1505 4928 1910 4991 cognoscere,
1972 4909 2039 4971 in
2091 4909 2331 4991 quibus

832 5028 954 5091 ego
998 5029 1113 5092 per
1153 5010 1422 5091 gratiam
1469 5009 1774 5085 habitem,
1824 5017 1933 5071 aut
1981 5009 2093 5091 qui
2144 5007 2328 5071 electi

834 5109 966 5171 sint
1002 5118 1066 5170 et
1103 5108 1279 5189 digni
1322 5116 1391 5169 ut
1436 5107 1526 5170 eis
1572 5107 1938 5189 praedicatio
1987 5108 2102 5169 fiat
2143 5128 2157 5171 :
2206 5107 2332 5170 imo

831 5225 964 5287 quo
1011 5205 1210 5288 aliqui
1263 5205 1462 5287 magis
1507 5206 1794 5288 corrupti
1843 5215 2015 5284 sunt,
2067 5225 2141 5269 eo
2190 5206 2333 5288 plus

835 5305 1020 5373 stude
1053 5305 1146 5367 eis
1188 5323 1555 5370 succurrere
1587 5321 1601 5365 z
1643 5304 1796 5386 quia
1836 5305 1952 5367 etsi
1995 5304 2335 5385 contigerit

2521 4318 2805 4400 Insuper,
2840 4337 2953 4400 per
2982 4318 3333 4399 equitatum
3369 4317 3502 4393 Dei,
3541 4324 3813 4399 possunt
3842 4317 3937 4379 in·
4272 4306 4274 4451 Ῑ

2443 4416 2642 4495 telligi
2690 4416 2993 4496 angelicae
3041 4424 3383 4497 potestates
3423 4424 3487 4478 et
3532 4414 3742 4497 angeli
3792 4434 3937 4477 san-

2440 4514 2526 4577 cti
2564 4532 2576 4575 :
2611 4514 2724 4595 qui
2756 4513 2821 4575 in
2842 4513 3187 4595 Scripturis
3217 4513 3493 4576 ubertim
3525 4512 3933 4595 appellantur
4272 4516 4274 4573 1

2441 4613 2753 4675 exercitus
2782 4620 2847 4674 et
2874 4620 3079 4675 castra
3107 4620 3300 4694 atque·
3333 4610 3565 4673 militia
3598 4611 3729 4687 Dei,
3752 4610 3933 4692 juxta

2442 4711 2602 4772 illud
2640 4710 2871 4773 Psalmi
2909 4728 2923 4771 ε
2958 4711 3191 4773 Currus
3234 4710 3341 4772 Dei
3379 4711 3595 4773 decem
3642 4708 3933 4773 millibus
4002 4738 4213 4783 pamm,
4272 4734 4274 4767 t

2441 4808 2799 4891 multiplex.
2834 4809 2901 4870 In
2931 4808 3160 4871 Genesi
3192 4826 3449 4890 quoque
3480 4816 3774 4870 narratur
3802 4809 3935 4870 :Ja-
3964 4803 4213 4907 {amm

2440 4906 2560 4971 cob
2602 4907 2762 4970 abiit
2801 4906 2904 4969 via
2942 4926 3067 4987 qua
3103 4916 3404 4989 coeperat,
3442 4906 3830 4987 fueruntque
3866 4908 3933 4969 ei
3968 4928 4070 4977 aa.

2442 5005 2696 5068 obviam
2736 5005 2945 5085 angeli
2994 5004 3127 5067 Dei.
3177 5004 3341 5079 Quos
3393 5024 3587 5085 quum
3640 5004 3930 5082 vidisset,
4272 5010 4274 5071 t

2444 5106 2603 5168 dixit
2646 5123 2659 5166 :
2694 5104 2913 5167 Castra
2940 5104 3049 5165 Dci
3080 5113 3229 5167 sunt
3257 5104 3417 5167 haec.
3463 5104 3639 5167 Unde
3674 5112 3737 5166 et
3772 5102 3934 5167 alibi

2444 5204 2716 5286 legitur:
2751 5202 2941 5264 Multa
2979 5208 3126 5264 sunt
3172 5202 3364 5263 nimis
3408 5208 3613 5263 castra
3651 5201 3759 5263 Dei
3800 5199 3936 5263 for·
3979 5220 4209 5268 anetum.
4273 5276 4274 5291 χ

2444 5303 2553 5381 tia,
2597 5311 2663 5366 et
2711 5301 3013 5365 facientia
3058 5300 3323 5364 verbum
3369 5300 3533 5381 ejus,
3576 5298 3766 5363 Porro
3814 5317 3935 5381 per
