4284 6267
1094 504 1447 552 ENARRATIO
1491 504 1554 551 m
1596 504 1734 551 cAr.
1773 505 1834 550 v1
1876 504 2310 552 nccmsmsrzs.
2357 526 2437 535 —
2477 508 2618 553 Am.
2657 508 2717 553 v1
3325 486 3444 553 243

348 672 1091 739 affectui.Conformiter
1120 675 1489 739 hominibus
1520 674 1841 747 virtuosis,
1877 673 1925 737 A
1958 675 2124 737 tuitu
2172 684 2234 738 et
2287 695 2504 740 amore
2557 677 2996 741 retributionis
3045 676 3296 740 futurae.
3349 678 3446 740 ln-

348 773 887 855 contemplativiS,
912 772 1239 856 perfectiS,
1263 781 1511 856 tempus
1544 773 1733 835 breve
1764 772 1849 835 vi-

350 871 549 947 detur,
584 872 739 953 quia
774 872 840 934 in
872 873 1128 935 assidua
1164 873 1399 935 mentis
1432 872 1850 954 tranquillita-

350 976 429 1041 te,
471 976 537 1031 et
578 970 764 1034 bonae
806 970 1217 1034 conscientiae
1258 971 1617 1045 securitate,
1661 971 1849 1053 spiri-

354 1066 635 1149 tualique
669 1069 909 1149 gaudio
946 1069 1232 1133 serviunt
1262 1069 1420 1149 Deo;
1455 1078 1517 1132 et
1544 1070 1847 1150 quoniam

352 1165 664 1248 quidquid
702 1168 810 1231 hic
844 1185 1031 1248 agere
1060 1176 1327 1249 queunt,
1363 1177 1849 1249 quantumcum-

350 1282 475 1345 que
499 1266 613 1328 diu
642 1266 939 1343 vixerint,
965 1266 1403 1350 permodicum
1436 1276 1731 1350 reputant
1764 1268 1851 1330 in-

1960 775 2201 837 terdum
2255 783 2459 837 tamen
2508 795 2638 858 prae
2685 775 3002 839 desiderio
3053 776 3440 840 dissolvendi
3489 795 3679 852 Philipp
3706 811 3735 847 ι.

1957 880 2019 934 et
2067 873 2412 935 exsistendi
2461 894 2606 937 cum
2645 874 2916 949 Christo,
2960 893 3034 936 ac
3072 874 3444 957 perfruendi
3474 860 3540 901 ²³·

1958 969 2258 1033 beatifice
2303 971 2451 1050 Dec,
2496 981 2745 1056 tempus
2793 980 3002 1056 potest
3041 973 3133 1035 eis
3183 972 3443 1053 longum

1958 1088 2284 1152 apparere,
2324 1070 2412 1133 ita
2454 1079 2523 1132 ut
2563 1072 2778 1135 dicant
2811 1088 2826 1133 t
2870 1071 3003 1133 Heu
3045 1070 3245 1134 mihil
3292 1071 3446 1154 quia
3473 1091 3737 1142 manns.

1961 1169 2269 1231 incolatus
2299 1188 2478 1233 meus
2518 1171 2930 1252 prolongatus
2969 1178 3096 1249 est3
3128 1179 3210 1249 et,
3245 1170 3447 1245 Quan-
3485 1190 3715 1241 Paua.

1957 1270 2040 1332 do
2078 1266 2328 1331 veniam
2363 1277 2426 1332 et
2465 1269 2784 1353 apparebo
2827 1276 2978 1333 ante
3020 1268 3244 1333 faciem
3290 1271 3444 1335 Dei?

1486 1695 2135 1792 ARTICULUS
2210 1699 2324 1782 VI

656 1970 1048 2017 EXPLANATIO
1089 1970 1367 2017 camum
1412 1970 1587 2015 saxu
1636 1969 1650 2014 ἰ
1697 1970 1808 2015 EST
1850 1970 1924 2015 m·
1966 1969 2152 2017 Auno
2195 1972 2405 2018 MALUM
2446 1972 2604 2028 QUOD
2645 1975 2772 2021 vml
2815 1976 2926 2021 SUB
2969 1977 3136 2023 SOLE.

484 2255 755 2319 URSUS
802 2256 1179 2337 cupidorum
1230 2262 1295 2316 et
1342 2253 1615 2317 divitum
1663 2249 1847 2313 vani·
1884 2250 1930 2311 B
1958 2259 2020 2312 et
2052 2250 2192 2332 ipse
2221 2253 2601 2317 Abimelech.
2624 2255 2930 2318 Similiter
2959 2265 3183 2338 quarto
3215 2258 3451 2339 Regum

502 2363 728 2429 tatem,
782 2353 1201 2433 miseriasque
1252 2350 1575 2415 describit.
1627 2353 1745 2411 Est
1790 2358 1849 2409 et

348 2457 538 2514 aliud
588 2457 841 2513 malum
884 2456 1056 2532 quod
1093 2453 1236 2512 vidi
1269 2453 1385 2511 sub
1426 2453 1575 2521 sole,
1606 2457 1666 2509 et
1708 2449 1851 2526 qui·
1906 2451 1913 2459 ‘

348 2556 489 2613 dem
528 2554 841 2631 frequens
880 2554 1060 2628 apud
1096 2551 1407 2618 homines,
1440 2548 1504 2610 id
1548 2556 1645 2609 est
1684 2564 1853 2627 saepe

350 2651 731 2730 contingens
764 2647 1155 2712 hominibus,
1194 2648 1427 2711 Deinde
1456 2646 1756 2729 exprimit
1783 2644 1855 2705 il-

351 2749 472 2811 lud.
500 2751 619 2810 Vir
646 2751 759 2809 cui
779 2750 962 2808 dedit
986 2750 1158 2808 Deus
1185 2748 1457 2807 divitias
1484 2754 1543 2805 et
1570 2747 1855 2805 substan-

353 2851 539 2916 tiam,
572 2846 637 2909 id
686 2853 784 2908 est
832 2845 997 2909 bona
1046 2844 1311 2908 mobilia
1352 2864 1423 2907 ac
1470 2842 1848 2919 immobilia,

352 2945 517 3009 bona
569 2954 843 3019 terrena,
884 2962 1167 3026 opesque
1218 2942 1534 3005 naturales
1585 2961 1657 3005 ac
1705 2941 1855 3004 arti-

354 3042 625 3121 ficialeS,
685 3052 746 3103 et
804 3046 1130 3113 honorem,
1191 3041 1255 3103 id
1310 3050 1405 3103 est
1473 3039 1848 3121 dignitatem

355 3141 801 3224 praesidentiae,
840 3139 1099 3217 famam,
1132 3148 1196 3203 ct
1225 3140 1521 3202 humanae
1562 3157 1855 3203 reveren-

360 3242 457 3305 tiae
513 3239 1019 3316 exhibitionem;
1068 3248 1127 3299 et
1176 3241 1351 3299 nihil
1394 3242 1565 3299 deest
1612 3241 1854 3300 animae

352 3362 505 3411 suoe,
537 3340 604 3402 id
635 3346 733 3403 est
761 3355 1049 3420 personae
1078 3337 1243 3419 ejuS,
1274 3338 1583 3400 sumendo
1613 3347 1853 3419 partem

1960 2360 2250 2413 narratur
2292 2352 2449 2415 Jehu
2488 2355 2796 2417 occidisse
2837 2356 3236 2438 septuaginta
3282 2356 3452 2419 filios
3507 2376 3740 2432 mewa,

1958 2449 2175 2512 Achab
2223 2468 2237 2511 :
2286 2461 2432 2514 ante
2477 2471 2639 2534 quos
2687 2453 3004 2517 occiderat
3055 2454 3264 2517 filium
3313 2456 3453 2537 ejus
3482 2440 3654 2546 3333„
3677 2505 3744 2545 2⁴.

1958 2547 2190 2610 Joram.
2221 2547 2672 2613 Verumtamen
2705 2551 2902 2633 aliqui
2935 2552 3293 2616 habuerunt
3323 2554 3456 2635 plu·
3661 2536 3671 2555 ’

1962 2664 2061 2708 res
2091 2665 2284 2728 quam
2315 2649 2715 2731 septuaginta
2741 2650 2900 2711 duas
2934 2651 3255 2732 proleS‚·ut
3284 2661 3456 2733 patet

1960 2745 2039 2808 de
2085 2745 2362 2809 Roboam
2415 2765 2575 2827 rege,
2609 2748 2720 2830 qui
2773 2748 2998 2827 viginti
3047 2758 3188 2813 octo
3233 2750 3455 2831 genuit
3519 2765 3674 2811 ιιραν.
3693 2781 3744 2821 11,

1963 2844 2158 2919 filios,
2195 2844 2646 2927 sexagintaque
2677 2846 2869 2908 filias.
2907 2850 2990 2909 Et
3021 2850 3260 2909 viverit
3289 2853 3458 2909 mul·
3483 2830 3552 2873 ²¹·

1964 2953 2053 3004 tos
2090 2965 2316 3015 annos,
2358 2955 2418 3005 et
2448 2950 2670 3023 plures
2707 2948 2842 3006 dies
2879 2948 3090 3007 aetatis
3131 2948 3455 3018 habuerit,

1961 3041 2180 3123 sicque
2216 3042 2663 3105 fecunditatem
2697 3042 2924 3106 habeat
2955 3044 3173 3126 proliS,
3208 3063 3282 3107 ac
3310 3045 3456 3109 vitae

1961 3140 2468 3218 diuturnitatem,
2499 3152 2558 3203 et
2588 3146 2813 3203 anima
2845 3144 3054 3214 illius,
3078 3141 3140 3203 id
3170 3151 3265 3205 est
3299 3143 3460 3225 ipse·
3551 3207 3560 3223 ,

1962 3248 2112 3313 met,
2147 3260 2277 3301 non
2306 3249 2535 3301 utatur
2563 3242 2742 3301 bonis
2769 3243 3142 3304 substantioe
3168 3263 3327 3312 suoe,
3359 3260 3461 3305 ne-

1962 3339 2236 3402 cessaria
2279 3338 2424 3402 vitae
2468 3340 2777 3402 sumendo
2815 3357 2891 3401 ex
2935 3338 3114 3421 ipsis„
3163 3357 3237 3404 eo
3286 3341 3458 3423 quod

357 3457 469 3521 pro
520 3446 676 3513 toto,
728 3455 843 3499 seu
889 3436 1039 3499 vitae
1096 3434 1382 3512 animali,
1432 3458 1513 3495 em
1560 3438 1858 3496 omnibus
1891 3436 1935 3498 C
1965 3438 2085 3500 sibi
2132 3437 2455 3503 subtracta
2497 3439 2644 3513 sint,
2687 3442 2788 3501 vet
2835 3439 2973 3520 ipse
3016 3438 3081 3500 in
3129 3440 3462 3522 captivita-

356 3558 496 3617 quae
522 3538 876 3603 daviderat,
907 3534 972 3597 id
1014 3542 1110 3597 est
1144 3535 1224 3597 de
1269 3534 1365 3596 his
1404 3554 1548 3616 quae
1583 3535 1671 3597 ad.
1705 3543 1859 3597 tem-

358 3635 637 3717 poralem
678 3642 967 3716 spectare
1006 3633 1303 3697 videntur
1344 3634 1865 3715 prosperitatem.'

360 3736 489 3797 Nee
518 3733 753 3795 tribuit
782 3735 845 3792 ei
864 3742 1237 3811 potestatem
1268 3735 1437 3793 Deus
1470 3742 1543 3793 ut
1573 3735 1859 3793 comedat

357 3854 437 3892 ex
457 3852 553 3904 eo,
588 3831 654 3895 id
682 3839 802 3907 est,
847 3839 1097 3912 tempus
1135 3830 1282 3895 vitae
1318 3830 1378 3893 ei
1410 3848 1536 3892 non
1577 3838 1851 3913 praestat,

360 3931 463 3993 sed
504 3928 825 3992 subtrahit
863 3947 1010 3991 eum
1050 3948 1164 4011 per
1193 3938 1499 4009 mortem3
1532 3932 1644 3990 sed
1671 3932 1855 3990 homo

358 4040 705 4091 extraneus
742 4032 996 4091 vorabit
1025 4032 1223 4099 illud,
1254 4029 1315 4091 id
1358 4037 1474 4105 est,
1508 4030 1676 4092 bona
1714 4029 1854 4110 ejus

360 4137 707 4192 consumet.
736 4131 872 4190 Hoc
901 4129 1181 4196 vanitas,
1217 4128 1281 4190 id
1316 4136 1410 4190 est
1442 4127 1850 4205 instabilitaS,

358 4238 417 4289 et
442 4230 711 4290 miseria
742 4246 979 4305 mayna
1006 4236 1116 4288 est.
1136 4226 1270 4289 Non
1304 4234 1514 4289 tamen
1544 4234 1641 4289 est
1668 4225 1857 4309 culpa

360 4327 425 4389 in
464 4346 553 4402 se,
598 4344 719 4391 nec
762 4344 837 4388 ex
873 4334 1054 4407 parte
1090 4324 1201 4388 Dei
1244 4324 1695 4400 subtrahentiS,
1741 4343 1855 4388 nec

359 4445 433 4487 ex
468 4434 651 4508 parte
693 4423 1023 4501 subtracti,
1054 4422 1180 4485 nisi
1222 4422 1438 4486 forsan
1474 4423 1558 4487 ob
1600 4424 1855 4505 culpam

360 4542 539 4586 suam
584 4532 715 4585 tam
758 4522 883 4585 cito
914 4522 1205 4585 tollatur.

1965 3546 2093 3599 tem
2134 3537 2480 3612 traductuS,
2513 3541 2971 3617 sepulturaque
2999 3548 3213 3599 careat
3244 3560 3267 3598 .·
3297 3538 3462 3602 sicut

1965 3637 2043 3699 de
2078 3635 2323 3698 Joakim
2362 3652 2508 3715 rege
2545 3635 2848 3697 Jeremias
2893 3635 3205 3718 paedixit,
3239 3636 3464 3718 Sepul-
3529 3661 3625 3705 Jer.
3649 3672 3748 3711 xxn,

1966 3743 2104 3796 tura
2141 3734 2308 3795 asini
2347 3733 2711 3816 sepelietur.
2747 3737 2840 3795 De
2877 3737 2992 3794 Ιιοο
3026 3754 3136 3813 eqo
3168 3754 3462 3813 pronun·
3491 3726 3554 3766 ¹⁹·

1968 3833 2078 3901 tio,
2127 3836 2301 3912 quod
2347 3834 2573 3893 melior
2619 3834 2734 3892 illo
2781 3833 2866 3892 sit
2911 3834 3240 3894 abortivus
3278 3854 3301 3893 .·
3347 3832 3459 3915 qui

1964 3929 2295 3992 actualiter
2324 3948 2451 3992 non
2484 3929 2788 4011 peccavit,
2823 3938 2888 3992 et
2917 3931 2997 3992 ad
3037 3930 3304 3994 limbum
3345 3950 3463 4014 pu-

1962 4046 2217 4091 erorum
2257 4027 2613 4091 deducitur.
2655 4028 2797 4091 Haec
2839 4036 3052 4091 autem
3098 4028 3464 4110 intelligen-

1964 4126 2045 4189 da
2080 4133 2249 4201 sunt,
2287 4125 2577 4189 faciendo
2609 4126 3150 4208 comparationem
3195 4127 3461 4191 istorum

1963 4225 2042 4287 ad
2086 4225 2384 4300 invicem,
2424 4232 2738 4306 quantum
2779 4225 2858 4287 ad
2901 4225 3070 4287 mala
3112 4227 3259 4289 vitae
3305 4245 3464 4308 prae-

1966 4323 2185 4385 sentis,
2221 4322 2427 4385 Potest
2460 4331 2675 4385 tamen
2716 4323 3108 4404 contingere,
3143 4325 3313 4406 quod
3349 4324 3465 4387 ali-

1963 4421 2108 4504 quis
2139 4422 2317 4484 dives
2348 4420 2657 4503 spolietur
2681 4430 2741 4484 et
2765 4422 3141 4503 captivetur,
3169 4430 3364 4505 atque
3393 4423 3459 4486 in

1966 4521 2159 4583 tantis
2209 4520 2492 4584 adversis
2535 4520 2619 4581 sit
2664 4521 2934 4602 patienS,
2969 4540 3041 4585 ac
3084 4522 3211 4586 Deo
3258 4523 3465 4585 inten-

440 4623 521 4683 Si
539 4622 845 4699 qenuerit
872 4622 1200 4701 quispiam
1223 4630 1480 4682 centum
1509 4623 1755 4683 liberos.
1788 4622 1855 4683 ln
1889 4622 1940 4683 D
1966 4629 2090 4696 ωε,
2124 4619 2342 4702 sicque
2380 4618 2607 4682 melior
2636 4618 2720 4680 sit
2757 4637 2829 4680 ac
2859 4617 3111 4683 felicior
3142 4620 3456 4684 abortivo.

359 4717 707 4801 Scripturis
764 4726 977 4781 autem
1029 4717 1125 4797 (ni
1175 4716 1392 4799 fallor)
1440 4737 1569 4781 non
1626 4719 1857 4800 legitur

358 4816 503 4899 quis
533 4816 837 4899 genuisse
865 4816 1036 4879 ultra
1062 4816 1462 4900 septuaginta
1496 4816 1692 4894 filios,
1728 4818 1856 4880 nisi

360 4914 631 4978 forsitan
672 4914 889 4978 addito
932 4933 1061 4978 uno
1102 4923 1213 4977 aut
1256 4915 1526 4993 duobuS‚
1576 4915 1742 4979 sicut
1790 4915 1854 4978 in

116 5031 330 5093 manas,
359 5012 525 5077 libro
561 5013 863 5076 Judicum
905 5014 1206 5077 recitatur
1254 5013 1626 5077 Abimelech
1676 5013 1856 5077 filius

356 5112 674 5176 Gedeonis
718 5112 1031 5176 occidisse
1070 5112 1471 5195 septuaginta
1515 5112 1684 5177 viros
1734 5112 1861 5175 fra-

359 5218 485 5274 tres
532 5229 684 5274 suos
734 5210 910 5274 filios
966 5209 1300 5274 Gedeonis.
1355 5210 1595 5285 Quibus
1642 5220 1855 5275 tamen

2046 4717 2236 4780 Porro
2266 4716 2598 4798 sequentia
2626 4715 2969 4797 dupliciter
3003 4724 3406 4798 exponuntur
3441 4736 3456 4781 τ

1966 4816 2199 4893 Primo,
2226 4816 2304 4877 de
2330 4814 2641 4878 abortivo.
2671 4816 2950 4875 Frustra
2977 4817 3154 4875 enim
3190 4816 3364 4875 venit
3397 4814 3462 4878 in
3623 4838 3660 4896 4

1968 4922 2217 4978 uterum
2250 4922 2312 4977 et
2351 4914 2426 4976 ad
2461 4921 2860 4993 conceptum,
2895 4914 3052 4994 quia
3089 4931 3218 4976 non
3257 4912 3466 4994 potuit
3647 4918 3654 4927 “

1968 5014 2302 5096 pervenire
2330 5014 2408 5075 ad
2451 5010 2846 5075 nativitatem
2878 5030 2954 5074 ex
2998 5019 3199 5086 utero,
3235 5029 3355 5074 nec
3385 5012 3464 5075 ad

1968 5112 2166 5174 vitam
2196 5111 2479 5191 beatam3
2508 5121 2572 5171 et
2592 5112 2806 5188 pergit
2835 5111 2924 5170 ad
2953 5111 3258 5178 tenebras,
3272 5109 3335 5171 id
3370 5118 3468 5172 est

1969 5211 2046 5274 ad
2091 5208 2385 5285 limbum,
2425 5227 2617 5290 quem
2657 5208 2878 5271 dicunt
2918 5206 3120 5288 aliqui
3171 5207 3468 5272 tenebro-

142 5323 299 5377 Μαι.
364 5318 685 5393 superstes
716 5309 841 5373 fuit
865 5309 1153 5375 Joatbam
1191 5308 1387 5374 frater
1417 5309 1697 5389 illorum,
1730 5312 1860 5376 imo
1974 5330 2139 5388 sum,
2175 5308 2276 5375 vel
2307 5307 2455 5389 quia
2493 5307 2559 5370 in
2589 5324 2666 5371 eo
2699 5313 2794 5370 est
2823 5322 3014 5389 poena
3048 5306 3302 5386 damni;
3333 5306 3461 5385 vel,
