4284 6267
1022 537 1374 585 BNARRATIO
1414 538 1479 584 m
1520 538 1657 585 car.
1704 540 1767 585 xi
1812 538 1967 586 unm
2012 541 2370 587 samam-m.
2417 562 2498 572 —
2537 543 2677 589 ΛΒΤ.
2725 543 2788 589 x1
3351 524 3474 589 519

375 710 700 768 exaltares
730 728 845 791 per
882 709 1134 771 diversa
1172 708 1491 773 beneficia
1534 718 1726 790 atque
1757 710 1872 772 mi·
1900 711 1950 771 A
1986 720 2123 793 pter
2155 730 2380 793 opera;
2413 721 2474 775 et
2505 712 2694 776 etiam
2727 732 2804 775 ex
2837 714 3274 781 recordatione
3311 734 3470 797 prae-

378 806 615 882 meula,
648 818 709 869 et
740 811 1145 869 adversarios
1174 811 1441 870 illorum
1475 830 1750 881 necareS,
1774 816 1872 871 ut-
1984 810 2311 873 teritarum
2351 810 2806 887 afflictionum,
2840 831 3000 893 quas
3039 812 3148 875 diu
3189 812 3468 876 sustinu-

376 914 525 987 pote
561 906 911 989 AEgyptioS,
957 908 1069 988 qui
1114 907 1218 971 vel
1265 908 1395 985 siti,
1448 907 1546 971 vel
1588 906 1869 989 corrupti
1981 917 2192 985 erunt,
2236 909 2388 990 quia
2423 911 2551 991 jam
2595 920 2740 972 ante
2779 910 3070 993 proprios
3115 912 3467 975 amiserunt
3493 926 3760 977 amdam.

373 1005 710 1086 sanguinis
748 1006 1073 1087 potatione
1110 1006 1381 1069 letaliter
1422 1016 1571 1068 sunt
1608 1005 1865 1069 afflicti.
1982 1006 2357 1071 infantulos,
2404 1009 2538 1085 Vel,
2574 1008 2727 1071 Cum
2771 1010 3076 1071 memoria
3121 1010 3463 1092 praeterito-

186 1106 252 1161 {0
456 1108 672 1173 Quum
713 1107 891 1165 enim
941 1108 1170 1167 tentati
1208 1116 1381 1177 sunt,
1417 1106 1481 1167 id
1519 1112 1635 1183 est,
1670 1124 1865 1185 quum
1981 1124 2145 1184 rum,
2196 1106 2258 1169 id
2316 1116 2412 1169 est
2469 1126 2546 1169 ex
2594 1107 3031 1171 recordatione
3086 1109 3467 1191 prosperita·
3515 1122 3756 1174 Gemma,

368 1202 561 1265 etiam
600 1201 727 1265 filii
756 1201 942 1266 Israel
976 1222 1090 1284 per
1117 1204 1381 1267 adversa
1414 1212 1477 1266 et
1515 1204 1687 1266 sitim
1724 1222 1868 1285 pro-
1980 1212 2132 1281 tum,
2153 1224 2312 1287 quas
2341 1214 2550 1288 patres
2578 1225 2796 1269 eorum
2831 1215 3113 1289 tempore
3137 1206 3369 1289 Josepb
3399 1208 3466 1270 in
3495 1188 3617 1292 {ish
3638 1188 3756 1237 ¹²³²’

365 1302 497 1364 bati
532 1311 707 1378 sunt,
740 1310 803 1364 et
842 1302 1255 1384 paternaliter
1284 1302 1596 1382 castigati,
1626 1314 1685 1363 et
1725 1306 1869 1382 qui-

1978 1302 2245 1385 AEgypto
2276 1304 2604 1367 habebant.
2626 1303 2741 1379 Qui
2774 1305 2947 1368 enim
2977 1306 3465 1369 adversitatibus

362 1404 539 1471 dem,
590 1400 655 1463 id
703 1408 800 1464 est
841 1408 1023 1464 certe
1059 1420 1169 1463 seu
1214 1400 1456 1483 utique,
1490 1422 1638 1462 cum
1681 1405 1867 1462 mise-

1979 1402 2314 1483 premitur,
2373 1404 2628 1482 gravius
2689 1402 3029 1484 affligitur,
3088 1406 3344 1485 quando
3397 1424 3465 1467 se

358 1501 657 1561 ric-ordia
704 1502 1131 1577 disciplinam
1192 1501 1600 1577 accipiente&
1648 1500 1711 1561 id
1771 1508 1868 1562 est

356 1599 821 1663 correctionem
874 1618 911 1661 a
964 1599 1093 1662 Deo
1153 1598 1523 1675 clementer,
1576 1600 1729 1680 quia
1787 1600 1862 1661 ad

1978 1501 2364 1581 quandoque
2395 1510 2834 1583 prosperatum
2877 1502 3076 1565 fuisse
3116 1502 3467 1565 reminisci-

1979 1605 2102 1661 tur.
2126 1598 2303 1662 Unde
2333 1608 2589 1663 sanctus
2616 1601 2732 1664 Job
2763 1600 2918 1663 dixit
2946 1601 3114 1681 :Ego
3145 1602 3462 1682 quondam
3505 1618 3758 1669 Jooxvsas.

356 1719 541 1762 suam
574 1698 1109 1774 emendationem,
1136 1706 1200 1760 et
1227 1697 1379 1778 quia
1408 1704 1553 1779 post
1580 1697 1866 1780 discipli·
1980 1696 2089 1759 ille
2127 1698 2494 1779 opulentus,
2539 1708 2801 1781 repente
2849 1701 2926 1763 ad
2970 1699 3246 1763 nihilum
3292 1700 3467 1763 reda·
3494 1683 3534 1724 ⁸·

358 1816 509 1860 nam
558 1796 884 1859 consecuti
932 1805 1083 1858 sunt
1129 1794 1661 1876 consolationem3
1714 1798 1867 1856 scie·
1976 1804 2114 1859 ctus
2147 1816 2302 1858 sum.
2323 1796 2574 1859 Boetius
2604 1797 3461 1879 quoquetlnfelicissimum,

356 1906 541 1965 runt,
574 1895 638 1957 id
690 1902 787 1957 est
834 1903 1289 1974 cognoverunt,
1324 1898 1865 1973 quemadmodum
1902 1895 1947 1956 B
1976 1893 2562 1975 inquitinfortunii
2592 1913 2794 1976 genus
2826 1904 2932 1971 est,
2959 1895 3157 1959 fuisse
3187 1894 3460 1959 felicem.

359 2016 511 2056 cum
544 1996 649 2054 ira
681 1995 981 2071 judicati
1028 1996 1245 2070 impii,
1278 1993 1343 2056 id
1387 2002 1483 2056 est
1522 1992 1796 2075 AEgyptii
1829 2013 1865 2055 a
2061 1996 2268 2062 Quum
2301 1995 2476 2054 enim
2506 1997 2815 2055 audirent
2845 2015 2966 2073 per
2991 2016 3110 2055 sua
3153 2005 3466 2056 tormenta
3594 2004 3664 2060 ss

362 2096 493 2157 Deo
532 2092 841 2157 severiter
878 2092 1088 2175 puniti
1128 2091 1267 2155 sine
1303 2091 1739 2155 consolatione
1772 2112 1868 2155 se-
1977 2094 2126 2152 bene
2173 2112 2384 2153 secum
2430 2095 2564 2171 aqi,
2610 2092 2674 2154 id
2714 2101 2830 2168 est,
2874 2111 3072 2174 quum
3114 2091 3236 2155 filii
3280 2091 3468 2155 lsrael

352 2199 629 2273 quente,
651 2200 967 2251 tormenta
988 2200 1371 2267 paterentur
1392 2211 1414 2250 .·
1435 2189 1587 2272 quia
1610 2191 1689 2253 de
1718 2198 1870 2253 tem·
1976 2188 2375 2267 didicissent,
2408 2192 2578 2272 quod
2610 2192 2771 2254 Deus
2802 2210 2912 2255 eos
2940 2192 3350 2273 paternaliter
3379 2192 3471 2254 sic

368 2289 579 2371 porali
632 2306 824 2371 poena
874 2288 953 2350 ad
1000 2295 1302 2350 aeternam
1360 2287 1641 2371 prolapsi
1692 2298 1862 2352 sunt.
1979 2289 2278 2369 probaret
2314 2290 2393 2352 ad
2429 2288 2783 2371 profectum
2827 2307 3070 2367 eorum,
3104 2308 3474 2351 commemo-

98 2400 337 2453 εωωιιι.
368 2388 765 2468 Frequenter
812 2394 1048 2463 tamen,
1082 2386 1289 2468 Moyse
1336 2395 1653 2463 exorante,
1703 2388 1867 2450 Deus
1981 2388 2113 2447 rati
2144 2397 2299 2448 sunt
2335 2389 2714 2455 Dominum,
2750 2386 2814 2449 id
2853 2396 2971 2464 est,
3001 2387 3194 2449 Deum
3235 2394 3297 2449 et
3334 2386 3472 2468 ejus

84 2466 335 2579 ᾆῖζζξῖῗζξ
367 2485 638 2549 abstulit
686 2483 1003 2548 inflictam
1050 2482 1298 2566 plagam
1331 2485 1660 2568 AEgyptiis,
1688 2486 1871 2567 juxta
1980 2484 2280 2566 pietatem
2332 2485 2576 2547 utiliter
2625 2485 3213 2563 consideraverunt,
3265 2488 3474 2547 admi-

83 2602 123 2636 1-
148 2594 208 2639 ¹⁸·
233 2594 295 2633 ¹⁹-
370 2584 529 2647 illud
558 2584 624 2646 in
649 2582 897 2646 Psalmo
924 2583 1038 2645 :Et
1066 2600 1193 2646 non
1218 2583 1615 2647 exacerbavit
1642 2602 1871 2647 sermo·
1978 2594 2198 2644 rantes
2227 2586 2300 2645 in
2328 2588 2528 2661 finem
2557 2586 2791 2655 eoeitus,
2816 2585 2877 2646 id
2909 2592 3006 2647 est
3030 2583 3475 2666 obstupescen-

96 2653 337 2705 p⁸'⁰¹‘'²⁸'
368 2703 482 2745 nes
514 2700 686 2747 suos.
729 2680 849 2745 Sed
879 2680 1010 2742 illis
1042 2681 1107 2743 in
1142 2700 1255 2743 sua
1283 2681 1709 2745 obstinatione
1739 2700 1871 2744 ma·
1981 2688 2073 2743 tes
2113 2681 2192 2743 de
2231 2700 2344 2744 sua
2383 2682 2486 2763 pia
2521 2683 2859 2746 eductione
2890 2681 3072 2745 finali
3103 2701 3177 2745 ex
3208 2682 3472 2765 AEgypto

371 2780 697 2856 nentibuS‚
741 2779 955 2842 statim
986 2779 1211 2841 durius
1251 2788 1399 2842 sunt
1426 2779 1682 2861 plagati,
1722 2798 1871 2860 quo-
1980 2787 2041 2841 et
2086 2779 2612 2843 tribulationibus
2643 2781 2795 2844 illis.
2835 2784 3029 2850 Quem
3059 2784 3234 2842 enim
3265 2782 3336 2841 in
3365 2802 3474 2841 eoe-
3601 2792 3669 2847 15

368 2898 573 2960 usque
620 2877 898 2941 totaliter
936 2876 1285 2960 perierunt.
1318 2877 1475 2939 Hinc
1522 2877 1817 2940 subditur
1850 2896 1864 2940 :
1972 2880 2292 2955 positione
2325 2899 2540 2956 prava
2581 2882 2938 2957 projectum
2977 2880 3367 2949 deriserunt,
3407 2880 3470 2941 id

174 2980 231 3035 11
370 2982 504 3039 Hos
530 2979 993 3058 quidem‚puta
1011 2975 1325 3051 Hebraeos,
1348 2986 1657 3055 tanquam
1684 2986 1865 3054 pater
1979 2984 2075 3039 est
2102 2977 2373 3060 Moysen,
2416 2996 2491 3040 ex
2521 2978 2743 3059 iniquo
2780 2977 3124 3041 Pharaonis
3157 2985 3474 3060 praecepto
3514 3004 3764 3057 mma&

366 3096 633 3138 monens
664 3077 977 3153 probasti,
1026 3074 1090 3136 id
1140 3082 1258 3150 est,
1299 3074 1707 3155 paternaliter
1754 3094 1869 3157 per
1903 3072 1947 3135 C
1980 3074 2046 3137 in
2074 3076 2262 3157 aquis
2297 3076 2652 3158 expositum
2691 3094 2706 3138 t
2740 3094 2930 3157 quem
2962 3076 3316 3153 irriserunt,
3344 3085 3470 3139 tam
3501 3082 3544 3120 ¹¹·
3567 3071 3608 3111 ³·

368 3175 635 3239 adversa
664 3172 1066 3235 exercitasti:
1100 3172 1278 3255 juxta
1308 3172 1478 3253 quod
1507 3173 1869 3235 dictumest
1978 3174 2275 3257 AEgyptii,
2317 3175 2575 3256 quando
2613 3174 2821 3257 primo
2868 3174 3046 3237 venit
3083 3175 3160 3238 ad
3206 3173 3475 3239 Pharao-
3500 3196 3760 3249 lamnas.

94 3290 331 3345 Sap.m,⁶.
368 3290 585 3355 supra,
618 3272 945 3351 Tanquam
978 3290 1207 3333 aurum
1248 3270 1313 3331 in
1355 3269 1615 3333 fornace
1653 3271 1869 3352 proba-

366 3370 463 3433 vit
500 3370 669 3433 illos
722 3372 881 3431 Illos
928 3379 1170 3440 autem,
1216 3368 1470 3432 scilicet
1515 3369 1865 3451 AEgyptiOS,

370 3480 683 3548 tanquam
720 3472 931 3529 durus
969 3488 1087 3528 rex
1128 3470 1537 3545 interroqam
1574 3471 1867 3529 condem-

368 3568 568 3637 nasti,
597 3565 663 3629 id
696 3574 813 3644 est,
858 3566 1142 3648 rigorose
1176 3566 1524 3648 peremisti,
1556 3566 1727 3629 sicut
1759 3585 1865 3628 rex

364 3684 481 3747 per
530 3672 843 3727 tormenta
886 3672 1219 3744 extorquet
1259 3663 1724 3727 confessionem
1766 3683 1866 3726 ex-

363 3782 585 3826 cessus
614 3781 651 3824 a
679 3780 808 3837 re0‚
842 3770 906 3825 et
936 3762 1197 3823 damnat
1230 3760 1619 3826 confessum.
1655 3762 1759 3825 Sic
1800 3770 1865 3825 et

76 3878 333 3929 nomam.
365 3860 708 3943 Apostolus
756 3860 1041 3941 loquitur
1084 3877 1098 3921 τ
1149 3860 1305 3923 Vide
1348 3860 1748 3926 severitatem
1802 3870 1863 3923 et

366 3958 722 4021 bonitatem
751 3958 858 4021 Dei
886 3976 901 4021 t
932 3956 1335 4021 severitatem
1366 3958 1433 4022 in
1462 3960 1555 4022 eis
1586 3959 1697 4041 qui
1730 3978 1864 4042 per-

368 4056 615 4135 ierunt3
662 4056 729 4118 in
776 4065 836 4118 te
876 4063 1086 4119 autem
1130 4055 1503 4133 bonitatem,
1546 4058 1598 4120 si
1649 4065 1861 4121 tamen

166 4170 235 4223 12
366 4153 793 4237 permanseris
826 4154 892 4217 in
935 4154 1238 4217 bonitate.
1273 4158 1569 4217 Absentes
1597 4160 1773 4217 enim
1804 4167 1864 4217 et

1979 3291 2125 3334 nem
2178 3273 2258 3335 ad
2302 3273 2697 3335 educendum
2748 3272 3063 3351 Hehraeoe,
3114 3292 3304 3354 quam
3363 3272 3472 3335 He-

1977 3370 2154 3447 braei,
2188 3389 2463 3451 quorum
2498 3390 2665 3433 unus
2701 3370 2862 3432 dixit
2890 3371 2970 3433 ad
2998 3389 3146 3434 eum
3181 3388 3194 3432 τ
3227 3370 3378 3445 Quis
3411 3378 3470 3433 te
3500 3394 3763 3447 matum.

1974 3468 2311 3533 constituit
2364 3468 2642 3550 judicem
2701 3478 2811 3532 aut
2873 3468 3230 3551 principem
3280 3488 3474 3551 super

1976 3571 2135 3631 nos?
2167 3567 2244 3629 Et
2281 3566 2390 3630 alii
2423 3567 2720 3630 dixerunt
2760 3567 2972 3649 Moysi,
3008 3566 3252 3630 Recede
3283 3586 3321 3629 a
3361 3585 3475 3630 no·
3529 3582 3649 3627 ιῡεα.
3671 3598 3756 3637 m,

1973 3666 2094 3742 bis,
2118 3674 2187 3727 ut
2219 3665 2572 3728 serviamus
2603 3665 2934 3748 AEgyptiis.
2961 3668 3044 3727 In
3072 3669 3270 3741 finem
3299 3685 3475 3725 even-
3505 3648 3571 3690 ¹²·

1976 3775 2075 3825 tus
2120 3765 2353 3825 mirati
2393 3774 2567 3825 sunt.
2608 3766 2756 3825 Non
2789 3764 3098 3825 similiter
3124 3764 3333 3839 justis
3377 3764 3473 3840 fa-

1972 3865 2172 3933 ciens,
2214 3862 2279 3924 id
2309 3870 2426 3937 est,
2458 3862 2622 3924 Deus
2655 3860 2778 3923 fuit
2815 3860 2973 3943 ipsis
3013 3859 3292 3923 Hebraeis
3339 3860 3473 3922 suis

1974 3960 2350 4037 cult-oribuS,
2385 3978 2512 4022 non
2558 3958 2770 4023 taliter
2805 3957 3045 4022 faciens
3086 3957 3254 4021 sicut
3295 3957 3473 4039 AEgy-

1974 4058 2149 4139 ptiis,
2169 4066 2240 4119 ut
2263 4066 2434 4140 patet
2457 4075 2531 4120 ex
2557 4056 2745 4120 dictis
2775 4056 2980 4138 :quod
3003 4064 3068 4119 et
3091 4055 3473 4139 generaliter

1972 4156 2177 4239 accipi
2235 4163 2466 4239 potest,
2518 4154 2822 4236 quoniam
2882 4154 3067 4217 aliter
3115 4154 3245 4234 agit
3301 4153 3472 4217 Deus

358 4262 704 4330 proesentes
744 4254 1053 4313 similiter
1095 4256 1608 4333 torquebantur:
1646 4254 1707 4316 id
1740 4261 1857 4330 est,
1894 4254 1945 4316 D
1974 4275 2117 4318 cum
2165 4254 2379 4336 justiS,
2431 4253 2617 4316 aliter
2662 4271 2810 4316 cum
2861 4252 3140 4334 injustis,
3189 4252 3356 4315 sicut
3405 4260 3467 4315 et

368 4360 498 4413 tam
540 4351 636 4413 illi
665 4350 940 4433 AEgyptii
980 4351 1094 4432 qui
1140 4370 1269 4414 non
1313 4361 1491 4414 erant
1528 4372 1675 4415 cum
1704 4353 1862 4415 Pha-

368 4468 585 4526 raone,
610 4468 801 4530 quam
834 4458 1182 4531 praesentes
1212 4449 1441 4525 eidem,
1463 4450 1699 4513 eisdem
1730 4452 1864 4534 pla-

366 4547 471 4629 gis
510 4546 965 4629 puniebantur.

477 4644 715 4707 Deinde
772 4644 1064 4707 subditur
1122 4646 1201 4708 de
1256 4644 1557 4723 HebraeiS,
1610 4656 1866 4730 propter

366 4762 643 4824 quorum
687 4742 1168 4825 oppressionem
1201 4742 1486 4825 iniquam
1527 4744 1618 4808 sic
1650 4746 1867 4828 punie-

164 4850 231 4905 13
368 4842 603 4903 bantur
630 4840 929 4922 AEgyptii.
953 4844 1215 4919 Dupleoe
1240 4843 1413 4903 enim
1445 4845 1589 4905 illos
1620 4867 1867 4925 accepe-

368 4948 475 4999 rat
516 4940 811 5009 taedium,
842 4938 903 5000 id
945 4947 1062 5015 est,
1099 4939 1344 5021 duplici
1389 4942 1577 5006 taedio
1618 4942 1868 5025 afflige-

372 5038 605 5100 bantur
640 5054 655 5098 :
688 5047 750 5098 et
777 5041 1061 5115 yemitus
1092 5059 1240 5099 cum
1276 5044 1585 5101 memoria
1612 5054 1871 5118 praeter·

370 5139 613 5197 itorum
646 5157 668 5195 .·
699 5135 763 5197 id
798 5144 917 5214 est,
952 5136 1209 5198 taedium
1242 5147 1305 5199 et
1335 5137 1611 5217 gemitus
1644 5139 1773 5202 fuit
1801 5141 1867 5203 in

114 5294 255 5339 Emi
294 5308 339 5342 n·
370 5234 487 5311 eiS,
527 5242 785 5315 propter
832 5234 999 5296 mala
1038 5252 1151 5297 seu
1199 5234 1463 5297 adversa
1512 5238 1865 5316 praesentia,

1975 4352 2402 4415 diversimode
2450 4359 2738 4434 peccant.
2772 4350 2947 4426 Nam,
2997 4358 3156 4415 teste
3193 4348 3469 4433 Scriptu-

1976 4472 2064 4527 ra,
2091 4450 2336 4532 Septies
2366 4450 2536 4513 cadit
2556 4451 2790 4531 justuS,
2809 4458 2873 4512 et
2902 4450 3206 4529 resurgit3
3230 4448 3467 4530 impius
3495 4472 3758 4526 emam.

1973 4559 2211 4626 autem,
2244 4567 2442 4630 quum
2493 4549 2558 4610 in
2605 4546 2996 4630 profundum
3040 4547 3286 4611 venerit
3323 4564 3468 4629 pec·
3499 4537 3742 4643 ¹3³3·qu

1974 4656 2284 4725 catorum,
2327 4646 2700 4711 contemnit.
3494 4660 3536 4705 a.
3747 4632 3759 4653 '

2054 4746 2530 4827 Consequenter
2567 4744 2847 4824 tangitur
2877 4760 3066 4805 causa
3114 4741 3466 4805 derelictio-

1978 4845 2078 4907 nis
2118 4854 2183 4907 et
2229 4843 2584 4927 punitionis
2626 4841 3090 4924 AEgyptiorum.
3129 4842 3260 4902 Pro
3305 4842 3467 4918 coyi·
3595 4851 3664 4906 16

1980 4945 2331 5006 tationibus
2388 4952 2605 5004 autem
2662 4939 3031 5009 insensati-5,
3087 4940 3468 5018 iniquitates

1976 5043 2247 5102 illorum
2285 5062 2306 5100 .·
2356 5038 2418 5102 id
2451 5047 2567 5116 est,
2604 5046 2862 5121 propter
2905 5034 3468 5118 insipientissimas

1977 5138 2414 5220 AEgyptiorum
2474 5137 2911 5217 cogitationeS‚
2964 5133 3202 5216 quibus
3259 5152 3472 5197 sense—

1979 5244 2129 5298 runt
2175 5234 2481 5298 creaturis
2510 5233 2752 5296 cultum
2783 5233 2984 5296 latriae
3013 5230 3465 5309 exhibendum,

72 5360 131 5403 23.
371 5334 552 5416 juxta
596 5333 779 5411 illud,
816 5332 1309 5416 lngemiscentes
1344 5332 1466 5395 filii
1508 5334 1695 5398 lsrael
1728 5353 1874 5417 pro·
1983 5333 2284 5418 permissi
2325 5341 2472 5395 sunt
2503 5334 2582 5395 ad
2615 5331 2996 5417 pravissima
3026 5330 3194 5395 facta
3222 5348 3472 5394 corrue-
