4284 6267
568 855 619 896 23

567 992 706 1031 xum,
737 982 804 1023 35.

483 1215 485 1218 -
585 1184 697 1231 Osee
717 1200 772 1237 xi,
789 1190 830 1230 9.

563 1776 659 1821 Jer.
679 1789 736 1827 ιν,
759 1777 827 1820 22.

664 2161 732 2217 16

663 4528 730 4584 17

604 5039 704 5083 Act.
727 5052 776 5081 xx

564 5106 630 5148 ss.

860 490 979 555 276

1605 513 1958 559 ENARRATIO
2001 512 2064 558 IN
2106 511 2244 559 cAP.
2292 513 2331 557 X
2374 511 2811 559 ECCLESIASTAE.
2858 534 2938 543 —
2978 515 3120 561 ΛΒΤ.
3168 514 3209 561 X

859 678 1036 743 Sicut
1079 681 1428 745 laetantium
1471 684 1757 746 omnium
1805 683 2114 746 habitatio
2155 691 2251 746 est
2292 681 2358 744 in
2390 682 2441 744 A
2469 692 2877 759 concurrunt,
2931 703 2999 747 se
3056 683 3331 749 invicem
3392 691 3640 761 ornant,
3705 684 3958 748 dicente

592 792 831 847 amam.
861 779 1041 841 te.Et
1073 781 1138 841 in
1169 782 1545 864 Apocalypsi
1581 801 1594 844 ε
1630 782 1864 846 Civitas
1897 802 2024 845 non
2055 791 2198 863 eget
2228 782 2361 845 sole
2467 782 2766 862 Gregorio
2802 800 2815 843 ε
2851 783 3004 845 Dum
3047 802 3173 845 una
3209 782 3393 845 alteri
3434 783 3731 860 sociatur,
3768 783 3955 865 quasi

621 886 788 961 kmi.
863 894 1072 959 neque
1103 878 1276 942 luna.
1308 880 1386 942 Et
1415 880 1478 942 in
1514 880 1843 944 Ezechiele
1881 898 1894 942 :
1931 881 2172 943 Nomen
2204 879 2362 943 civi-

863 975 1033 1053 tatis,
1084 977 1388 1041 Dominus
1445 978 1707 1042 ibidem.
1759 980 2078 1043 Interdum
2143 988 2357 1041 autem

862 1073 1087 1137 civitas
1127 1076 1193 1139 in
1232 1077 1403 1141 malo
1439 1078 1772 1160 accipitur,
1806 1086 1874 1140 ut
1911 1098 2110 1160 quum
2152 1077 2358 1140 Domi-

860 1192 982 1235 nus
1012 1174 1100 1236 ait
1130 1194 1243 1256 per
1265 1175 1419 1240 Osee
1450 1178 1815 1259 prophetam
1841 1196 1854 1238 :
1880 1178 2009 1241 Non
2040 1176 2357 1257 ingrediar

861 1270 1208 1336 civitatem.
1235 1275 1522 1357 Denique
1556 1275 1732 1338 labor
1760 1275 2229 1353 haereticorum,
2256 1293 2357 1357 pa-

857 1388 1166 1451 ganorum
1199 1381 1262 1435 et
1291 1373 1839 1455 philosophorum,
1875 1374 2225 1455 praesertim
2261 1392 2358 1435 eo-

861 1488 1000 1531 rum
1050 1470 1163 1551 qui
1221 1481 1442 1535 contra
1499 1472 1888 1553 Religionem
1939 1472 2355 1535 christianam

859 1567 1071 1630 verbis
1107 1578 1169 1631 et
1200 1570 1454 1653 scriptis
1491 1569 1784 1653 plurimis
1819 1571 2049 1633 acriter
2079 1570 2356 1651 disputa·

859 1675 1102 1744 verunt,
1117 1676 1188 1730 ut
1215 1668 1599 1751 Porphyrius
1627 1678 1819 1751 atque
1844 1670 2167 1745 AverroeS,
2186 1677 2356 1732 aeter-

859 1763 1088 1827 naliter
1125 1785 1232 1829 eos
1271 1766 1542 1847 affliget.
1574 1766 1690 1841 Qui
1731 1766 2049 1850 sapientes
2091 1765 2353 1829 fuerunt

2465 898 2715 961 gemma
2755 881 3123 944 carbunculi
3167 882 3233 943 in
3273 890 3647 945 ornamento
3685 881 3823 944 auri
3866 882 3957 944 lo-

2467 987 2667 1042 catur.
2710 983 2797 1042 Et
2823 982 3012 1059 cujus
3033 983 3390 1059 principes,
3420 980 3667 1044 scilicet
3710 981 3957 1062 judices

2467 1087 2529 1141 et
2573 1079 2769 1142 ceteri
2819 1078 3117 1157 officiati,
3166 1089 3513 1140 vescantur
3562 1081 3637 1141 in
3685 1089 3958 1157 tempore

2463 1200 2603 1249 suo,
2635 1179 2945 1262 expeditis
2981 1198 3096 1260 pro
3126 1198 3312 1261 posse
3342 1178 3552 1241 causis
3590 1177 3956 1260 reipublicae

2465 1284 2529 1339 et
2559 1278 2778 1341 litibus
2810 1278 3231 1355 subditorum,
3256 1281 3345 1339 ad
3370 1279 3790 1355 reficiendum
3822 1296 3958 1340 cor-

2464 1374 2621 1456 pora
2663 1394 2776 1438 sua
2818 1376 3162 1452 moderate,
3202 1382 3345 1458 post
3388 1374 3668 1438 laborem
3712 1382 3776 1437 et
3820 1373 3957 1436 fati-

2462 1474 2785 1553 gationem
2829 1492 2944 1555 pro
2987 1473 3155 1537 bono
3196 1472 3547 1547 communi,
3596 1482 3656 1533 et
3694 1492 3828 1533 non
3868 1476 3957 1533 ad

2465 1575 2807 1634 lum-uriam
2829 1591 2986 1655 :per
3018 1590 3209 1653 quam
3239 1570 3399 1634 ratio
3431 1570 3704 1633 maxime
3732 1570 3957 1635 obscu—

2463 1677 2638 1731 ratur
2663 1670 2843 1733 :ideo
2875 1689 3121 1732 summe
3154 1668 3556 1752 principibus
3586 1676 3649 1731 et
3677 1667 3953 1751 proelatis

2462 1769 2764 1831 cavenda.
2800 1768 2885 1831 De
2914 1767 3146 1834 talibus
3176 1766 3665 1850 praesidentibus
3696 1766 3763 1830 in
3796 1767 3956 1830 lsaia

857 1869 929 1923 ut
971 1862 1256 1927 facerent
1301 1865 1488 1942 mala,
1538 1865 1700 1928 bene
1745 1865 1957 1928 facere
1999 1873 2234 1939 autem,
2288 1865 2347 1927 id
2388 1866 2434 1927 B
2465 1865 2786 1929 inducitur
2835 1884 2848 1929 t
2902 1866 3201 1947 Princeps
3250 1884 3325 1928 ea
3373 1884 3515 1947 quae
3562 1865 3757 1947 digna
3804 1874 3955 1928 sunt
3980 1884 4230 1937 1·.mu‚s.

857 1969 954 2024 est
981 1961 1303 2027 civitatem
1332 1963 1582 2026 Domini
1614 1964 1922 2028 virtutum
1954 1963 2226 2042 ingredi,
2247 1983 2352 2027 ne-

860 2058 1161 2122 scierunt.

943 2162 1044 2221 Vae
1066 2162 1206 2229 tibi,
1225 2170 1423 2232 terra,
1439 2162 1498 2224 id
1533 2169 1629 2224 est
1657 2161 1880 2243 politia
1912 2181 2023 2224 seu
2054 2180 2345 2241 regnum,

857 2258 1044 2335 cujus
1071 2278 1210 2331 rem,
1235 2258 1294 2321 id
1327 2267 1424 2322 est
1451 2255 1770 2343 princepS,
1795 2260 1945 2336 dux,
1981 2278 2215 2335 comeS,
2241 2267 2353 2322 aut

857 2356 1177 2438 praelatuS,
1213 2376 1324 2420 seu
1355 2359 1609 2439 praesul,
1638 2379 1806 2437 puer
1833 2369 1948 2429 est,
1978 2377 2107 2421 non
2140 2358 2348 2421 solum

858 2462 1060 2532 aetate,
1097 2455 1206 2517 sed
1245 2464 1308 2519 et
1343 2456 1629 2519 moribus
1676 2464 1739 2519 et
1779 2456 2243 2539 inexperientia
2279 2476 2352 2520 ac

856 2552 1202 2636 imperitia.
1233 2553 1389 2616 Dum
1424 2555 1591 2617 enim
1627 2574 1960 2638 supremus
1993 2556 2058 2617 in
2089 2554 2349 2638 popu10,

859 2651 1004 2713 talis
1036 2660 1151 2730 est,
1185 2652 1384 2714 multa
1413 2653 1718 2735 pericula,
1755 2655 2008 2732 damna,
2047 2653 2354 2718 turbatio-

859 2769 974 2813 nes
1004 2752 1342 2814 imminent
1373 2751 1669 2815 subditis.
1704 2754 1879 2830 Nam,
1916 2762 1986 2815 ut
2015 2754 2106 2815 ait
2145 2753 2353 2816 Philo-

859 2850 1120 2933 sophuS‚
1164 2852 1230 2913 in
1273 2852 1448 2914 omni
1491 2870 1724 2933 genere
1773 2862 2024 2934 oportet
2073 2853 2349 2935 primum

859 2968 998 3011 esse
1027 2950 1430 3031 potissimum
1463 2960 1526 3013 et
1557 2949 1934 3032 perfectum.
1955 2952 2030 3013 Et
2058 2970 2188 3033 quo
2220 2950 2353 3033 plu-

2462 1965 2775 2047 principe‚
2828 1964 3163 2047 cogitabit3
3214 1972 3278 2027 et
3328 1964 3463 2046 ipse
3510 1981 3701 2046 super
3758 1964 3952 2027 duces

2461 2063 2673 2125 stabit.
2706 2063 2864 2127 Hinc
2893 2062 3247 2143 Antigonus
3285 2061 3523 2125 dixisse
3554 2061 3788 2141 legitur
3817 2061 3957 2124 Ale-

2460 2162 2702 2225 xandro
2755 2178 2769 2223 ε
2821 2162 3122 2241 Indignus
3181 2180 3251 2223 es
3306 2160 3641 2242 imperare,
3694 2168 3957 2243 propter

2462 2260 2987 2324 incontinentiam
3046 2268 3217 2322 tuam
3276 2266 3341 2323 et
3393 2259 3811 2341 juventutem.
3876 2294 3958 2305 —-

2464 2358 2833 2439 Allegorice,
2866 2360 3049 2421 Beata
3079 2367 3265 2433 terra,
3307 2356 3370 2419 id
3402 2365 3497 2419 est
3524 2356 3809 2421 militans
3843 2357 3959 2419 Ee-

2462 2456 2656 2520 clesia
2689 2474 2703 2517 :
2739 2456 2922 2538 cujus
2951 2476 3062 2519 rex
3090 2455 3327 2520 nobilis
3358 2464 3473 2530 est,
3508 2454 3751 2519 scilicet
3777 2455 3961 2518 Chri-

2464 2564 2599 2616 stus
2646 2553 2843 2617 Filius
2886 2554 2995 2617 Dei
3040 2554 3240 2621 Patris
3280 2573 3357 2617 ac
3401 2553 3631 2633 reginae
3673 2554 3957 2634 Virginis

2462 2653 2706 2733 Matris3
2751 2654 2933 2735 cujus
2984 2652 3333 2736 principeS‚
3387 2651 3449 2714 id
3501 2659 3600 2715 est
3644 2652 3953 2735 Apostoli,

2463 2751 2843 2814 sobriissimi
2874 2752 3271 2828 exstiterunt,
3290 2750 3567 2833 primum
3595 2758 3959 2832 quaerentes
4007 2771 4229 2820 uanae..

2463 2869 2727 2931 regnum
2768 2850 2876 2914 Dei
2910 2857 2973 2913 et
3001 2849 3313 2932 justitiam
3356 2849 3516 2930 ejuS,
3553 2848 3957 2912 incessabili·
3988 2836 4054 2876 ³³·

2462 2958 2686 3031 terque
2722 2948 2951 3013 intenti
2999 2950 3077 3011 ad
3116 2948 3579 3031 procurandam
3617 2948 3955 3011 hominum

860 3046 1035 3110 ribus
1079 3047 1314 3130 aliquis
1365 3050 1682 3130 praesidet,
1734 3068 1809 3113 eo
1858 3049 2155 3132 ampliori
2206 3068 2354 3131 pru·
2388 3051 2433 3114 C
2461 3048 2905 3110 universorum
2957 3046 3247 3109 salutem.

859 3146 1075 3208 dentia
1121 3146 1644 3229 virtuositateque
1695 3157 1857 3228 eget.
1912 3148 2095 3211 Pueri
2137 3157 2349 3211 autem

859 3253 1008 3306 sunt
1046 3245 1381 3327 inexperti,
1415 3254 1478 3307 et
1516 3264 1627 3327 per
1666 3265 2063 3328 consequens
2108 3246 2353 3328 impru-

857 3342 1080 3405 dentes
1115 3362 1126 3406 :
1162 3342 1336 3423 quia,
1360 3350 1431 3405 ut
1460 3343 1828 3407 Aristoteles
1857 3344 2060 3419 docet,
2096 3344 2176 3405 ad
2207 3364 2355 3426 pru-

858 3440 1140 3504 dentiam
1183 3442 1572 3522 experientia
1615 3442 1982 3523 requiritur.
2017 3442 2175 3505 Hinc
2218 3462 2354 3504 rur-

860 3558 966 3601 sus
1011 3539 1076 3601 in
1127 3539 1408 3603 Politicis
1456 3539 1698 3615 scribit,
1734 3541 1902 3621 quod
1943 3558 2130 3603 nemo
2172 3540 2351 3621 eligit

860 3656 1090 3719 pueros
1141 3638 1205 3700 in
1257 3637 1602 3720 principes.
1659 3642 1742 3700 Ec
1791 3640 1979 3716 cujus
2016 3641 2354 3717 principes

857 3757 1048 3797 mane
1075 3740 1438 3807 comedunt,
1472 3736 1533 3798 id
1576 3743 1691 3813 est,
1725 3734 1892 3816 gulae
1933 3755 2006 3798 ac
2039 3738 2217 3799 luxui
2247 3756 2353 3800 va-

856 3843 1025 3912 cant,
1060 3853 1177 3897 nec
1207 3834 1536 3897 sobrietati
1568 3836 1826 3896 student
1856 3842 2046 3916 atque
2077 3836 2353 3917 pruden-

856 3932 983 4010 tiae,
1017 3932 1407 3995 abstinentes
1446 3951 1783 4014 quousque
1822 3952 2045 3995 causas
2083 3953 2157 3996 ac
2186 3933 2354 4015 judi-

855 4030 955 4093 cia
982 4030 1380 4112 expedierint
1409 4030 1808 4093 subditorum
1848 4050 1862 4094 τ
1897 4029 2174 4112 ad'quod
2205 4041 2353 4094 ante

855 4127 1310 4192 comestionem
1342 4128 1618 4210 aptiores
1649 4138 1875 4206 essent,
1894 4148 2084 4211 quam
2115 4138 2347 4211 postea.

2554 3151 2637 3207 In
2675 3147 2977 3223 pigritiis
3020 3147 3493 3207 humiliabitur
3534 3146 3953 3223 contiynatiO.

2460 3244 2863 3323 Contignatio
2904 3252 3167 3309 vocatur
3204 3243 3575 3325 conjunctio
3612 3262 3723 3306 seu
3766 3262 3959 3326 coap—

2464 3342 2617 3406 tatio
2674 3342 2990 3424 lignorum
3050 3351 3112 3405 et
3172 3342 3490 3422 tignorum
3556 3340 3621 3404 in
3678 3341 3958 3406 aedificio

2461 3443 2709 3505 domus.
2761 3442 3300 3516 Quemadmodum
3354 3459 3506 3523 ergo
3562 3441 3957 3523 contignatio

2462 3541 2607 3603 talis
2650 3541 3046 3618 humiliatur,
3081 3541 3147 3602 id
3190 3548 3308 3617 est,
3343 3539 3716 3604 dissolvitur
3754 3547 3821 3603 et
3858 3559 3961 3603 ca-

2459 3639 2573 3716 dit,
2610 3658 2685 3702 ex
2715 3639 2976 3722 pigritia
3005 3647 3319 3701 rectorum
3364 3657 3439 3700 ac
3479 3638 3717 3701 civium
3746 3637 3954 3716 urbiS‚

2460 3736 2573 3818 qui
2620 3757 2695 3800 ex
2746 3757 2861 3800 sua
2906 3736 3161 3817 ignavia
3208 3736 3591 3819 permittunt
3640 3743 3845 3797 turres
3894 3744 3960 3799 et

2460 3835 2681 3899 domos
2726 3834 3002 3897 civitatis
3033 3834 3278 3916 perire3
3313 3832 3403 3896 sic
3434 3852 3511 3895 ex
3554 3833 3773 3895 acedia
3815 3834 3961 3895 uni-

2462 3934 2854 4015 uscujusque
2882 3932 3184 4009 homini3‚
3217 3931 3385 4013 perit
3415 3933 3483 3993 in
3527 3949 3601 3994 eo
3640 3930 3955 3995 virtutum

2462 4032 2873 4108 constructi0‚
2918 4040 2978 4093 et
3021 4030 3301 4092 caritatis
3346 4029 3772 4112 prosternitur
3812 4029 3957 4091 alti-

2461 4130 2635 4193 tudo.
2669 4130 2759 4190 Ex
2805 4129 3195 4210 negligentia
3242 4146 3499 4209 quoque
3548 4127 3951 4209 praelatorum

856 4227 1030 4289 Hanc
1071 4226 1356 4289 eamdem
1400 4226 1779 4289 sententiam
1825 4226 2056 4307 allegat
2105 4227 2351 4291 Tullius
2383 4229 2433 4290 D
2462 4228 2553 4290 sic
2610 4228 3006 4291 deformatur
3066 4225 3374 4302 Ecclesia,
3436 4234 3498 4289 et
3557 4225 3955 4289 munimenta

855 4345 892 4387 a
921 4324 1178 4387 Platone
1209 4324 1444 4386 dictam
1476 4332 1536 4387 et
1567 4324 1892 4406 scriptam,
1928 4325 2092 4388 sicut
2120 4334 2183 4389 et
2212 4344 2351 4389 eam

857 4441 1000 4504 quae
1047 4422 1362 4484 subditur.

934 4524 1142 4581 Beata
1184 4530 1381 4591 terra,
1419 4522 1607 4598 cujus
1643 4542 1760 4603 rea:
1803 4524 2036 4582 nobilis
2077 4532 2193 4592 est,
2222 4540 2351 4585 non

855 4617 1063 4681 solum
1095 4617 1304 4680 carnis
1338 4618 1705 4700 propagine,
1727 4638 1867 4699 quae
1899 4618 2205 4682 nobilitas
2232 4620 2353 4701 (se-

855 4716 1134 4780 cundum
1166 4715 1566 4779 Aristotelem
1609 4718 1672 4778 in
1709 4718 1872 4780 libro
1913 4718 2353 4799 Politicorum)

857 4832 984 4878 non
1034 4822 1130 4876 est
1178 4813 1303 4875 nisi
1351 4815 1680 4896 antiquata
1727 4816 2079 4897 opulentia,
2130 4817 2241 4878 sed
2288 4826 2351 4879 et

857 4912 1185 4995 sapientiae
1215 4932 1289 4975 ac
1319 4912 1625 4975 virtutum
1659 4914 2086 4996 praeclaritate.
2111 4915 2195 4978 De
2224 4934 2350 4997 qua

773 5052 826 5091 ...,
859 5012 922 5074 in
955 5010 1216 5074 Actibus
1249 5012 1692 5093 Apostolorum
1721 5014 1811 5076 sic
1843 5013 2080 5076 dicitur
2116 5032 2129 5076 :
2165 5014 2351 5077 Nobi-

860 5111 1049 5173 liores
1080 5127 1157 5171 ex
1186 5110 1276 5172 eis
1309 5120 1726 5191 susceperunt
1767 5110 2029 5175 verbum
2063 5112 2173 5175 Dei
2203 5132 2349 5175 cum

855 5209 1031 5272 omni
1077 5208 1400 5286 aviditate,
1455 5209 1743 5290 quotidie
1792 5219 2144 5273 scrutantes
2192 5210 2351 5274 Scri-

857 5315 1096 5391 pturas,
1132 5307 1288 5369 Dum
1323 5307 1420 5371 hae
1451 5309 1590 5371 duae
1631 5307 1996 5371 nobilitates
2027 5308 2094 5370 in
2127 5310 2346 5372 eodem

2463 4326 2665 4408 ipsius
2696 4325 3021 4388 labuntur.
3045 4325 3131 4387 De
3160 4323 3395 4405 quibus
3425 4324 3515 4386 ait
3544 4324 3898 4387 Bernardus
3933 4343 3948 4389 ε

2460 4427 2684 4487 Arcem
2742 4423 2891 4487 Sion
2948 4423 3391 4500 obtinuerunt,
3454 4431 3518 4485 et
3574 4422 3955 4505 potestative

2461 4524 2761 4604 deinceps
2820 4530 3013 4585 totam
3070 4522 3327 4584 tradunt
3380 4520 3679 4591 incendio
3732 4520 3957 4585 civita-

2460 4630 2610 4683 tem.
2630 4621 2852 4683 Misera
2882 4639 3103 4684 eorum
3132 4617 3775 4701 conversati0‚plebis
3805 4628 3948 4697 tuae,

2458 4738 2496 4782 o
2526 4718 2789 4782 Domine
2815 4718 2985 4795 Jesu‚
3018 4716 3351 4781 subversio
3381 4725 3498 4779 est.
3532 4716 3665 4779 Non
3694 4716 3821 4799 jam
3852 4736 3955 4780 or-

2458 4826 2613 4880 nant
2642 4817 3011 4893 Ecclesiam,
3034 4817 3140 4879 sed
3175 4815 3476 4899 spoliant,
3494 4814 3944 4895 scandalizant,

2458 4923 2773 4981 evertunt.
2810 4914 2966 4977 Hinc
3008 4922 3106 4977 est
3148 4914 3313 4995 quod
3359 4912 3645 4976 Ecclesia
3693 4913 3948 4997 hispida

2458 5021 2574 5090 est,
2635 5014 2994 5094 exsanguiS,
3039 5012 3367 5089 deformiS,
3414 5020 3478 5075 et
3532 5009 3700 5077 facie
3754 5014 3945 5077 mise·

2458 5114 2674 5175 randa.

4086 3154 4147 3206 18

2556 5214 2642 5272 Ec
2682 5212 2754 5269 in
2792 5212 3179 5287 infirmitate
3222 5230 3456 5271 manus
3472 5208 3521 5277 *,
3554 5212 3947 5287 perstillabit
4000 5231 4217 5272 mmm

2459 5312 2687 5369 domus
2716 5326 2739 5368 .·
2770 5308 2832 5370 id
2863 5316 2979 5385 est,
3014 5326 3089 5370 ex
3124 5307 3499 5371 remissione
3526 5314 3591 5370 et
3618 5306 3946 5369 debilitate
