<?xml version="1.0" encoding="UTF-8"?>
<!DOCTYPE html PUBLIC "-//W3C//DTD XHTML 1.0 Transitional//EN"
    "http://www.w3.org/TR/xhtml1/DTD/xhtml1-transitional.dtd">
<html xmlns="http://www.w3.org/1999/xhtml" xml:lang="en" lang="en">
 <head>
  <title>
</title>
<meta http-equiv="Content-Type" content="text/html;charset=utf-8" />
  <meta name='ocr-system' content='tesseract 3.04.00' />
  <meta name='ocr-capabilities' content='ocr_page ocr_carea ocr_par ocr_line ocrx_word'/>
</head>
<body>
  <div class='ocr_page' id='page_1' title='image "./doctorisecstati00denigoog_0494.png"; bbox 0 0 4284 6267; ppageno 0'>
   <div class='ocr_carea' id='block_1_1' title="bbox 93 1388 328 1435">
    <p class='ocr_par' dir='ltr' id='par_1_1' title="bbox 93 1388 328 1435">
     <span class='ocr_line' id='line_1_1' title="bbox 93 1388 328 1435; baseline 0.009 -6"><span class='ocrx_word' id='word_1_1' title='bbox 93 1388 208 1429; x_wconf 76' lang='lat' dir='ltr'>Cane.</span> <span class='ocrx_word' id='word_1_2' title='bbox 223 1402 276 1435; x_wconf 73' lang='lat' dir='ltr'>iv.</span> <span class='ocrx_word' id='word_1_3' title='bbox 290 1390 328 1431; x_wconf 80' lang='grc'>9.</span> 
     </span>
    </p>
   </div>
   <div class='ocr_carea' id='block_1_2' title="bbox 123 4052 291 4099">
    <p class='ocr_par' dir='ltr' id='par_1_2' title="bbox 123 4052 291 4099">
     <span class='ocr_line' id='line_1_2' title="bbox 123 4052 291 4099; baseline 0.03 -5"><span class='ocrx_word' id='word_1_4' title='bbox 123 4052 230 4097; x_wconf 74' lang='lat' dir='ltr'>Ibid.</span> <span class='ocrx_word' id='word_1_5' title='bbox 253 4058 291 4099; x_wconf 76' lang='lat' dir='ltr'>t.</span> 
     </span>
    </p>
   </div>
   <div class='ocr_carea' id='block_1_3' title="bbox 952 507 2871 558">
    <p class='ocr_par' dir='ltr' id='par_1_3' title="bbox 952 507 2871 558">
     <span class='ocr_line' id='line_1_3' title="bbox 952 507 2871 558; baseline -0.001 -1"><span class='ocrx_word' id='word_1_6' title='bbox 952 511 1304 558; x_wconf 66' lang='lat' dir='ltr'><strong>ENARRATIO</strong></span> <span class='ocrx_word' id='word_1_7' title='bbox 1347 511 1412 557; x_wconf 85' lang='lat' dir='ltr'>IN</span> <span class='ocrx_word' id='word_1_8' title='bbox 1458 510 1597 558; x_wconf 77' lang='lat' dir='ltr'><strong>GAP.</strong></span> <span class='ocrx_word' id='word_1_9' title='bbox 1635 509 1698 555; x_wconf 73' lang='lat' dir='ltr'>vt</span> <span class='ocrx_word' id='word_1_10' title='bbox 1741 507 1983 556; x_wconf 74' lang='lat' dir='ltr'>GAN&#39;rlct</span> <span class='ocrx_word' id='word_1_11' title='bbox 2025 507 2430 557; x_wconf 73' lang='lat' dir='ltr'>CANTIGORUM.</span> <span class='ocrx_word' id='word_1_12' title='bbox 2478 529 2558 539; x_wconf 90' lang='grc'><strong>-</strong></span> <span class='ocrx_word' id='word_1_13' title='bbox 2598 510 2740 557; x_wconf 76' lang='lat' dir='ltr'>AnT.</span> <span class='ocrx_word' id='word_1_14' title='bbox 2786 510 2871 555; x_wconf 84' lang='lat' dir='ltr'>XX</span> 
     </span>
    </p>
   </div>
   <div class='ocr_carea' id='block_1_4' title="bbox 359 680 3747 800">
    <p class='ocr_par' dir='ltr' id='par_1_4' title="bbox 359 680 3747 800">
     <span class='ocr_line' id='line_1_4' title="bbox 359 680 3747 800; baseline 0.001 -57"><span class='ocrx_word' id='word_1_15' title='bbox 359 689 456 745; x_wconf 90' lang='lat' dir='ltr'>sto</span> <span class='ocrx_word' id='word_1_16' title='bbox 509 682 589 744; x_wconf 88' lang='lat' dir='ltr'>ad</span> <span class='ocrx_word' id='word_1_17' title='bbox 647 700 827 743; x_wconf 90' lang='lat' dir='ltr'>suam</span> <span class='ocrx_word' id='word_1_18' title='bbox 887 682 1370 745; x_wconf 84' lang='lat' dir='ltr'><strong>dilectissimam</strong></span> <span class='ocrx_word' id='word_1_19' title='bbox 1429 682 1707 757; x_wconf 85' lang='lat' dir='ltr'>Matrem,</span> <span class='ocrx_word' id='word_1_20' title='bbox 1774 680 1853 743; x_wconf 90' lang='lat' dir='ltr'>ad</span> <span class='ocrx_word' id='word_1_21' title='bbox 1886 680 2457 745; x_wconf 82' lang='lat' dir='ltr'>Aalienissima.Et</span> <span class='ocrx_word' id='word_1_22' title='bbox 2486 682 2647 747; x_wconf 90' lang='lat' dir='ltr'>sicut</span> <span class='ocrx_word' id='word_1_23' title='bbox 2675 682 3149 766; x_wconf 88' lang='lat' dir='ltr'>comparatione</span> <span class='ocrx_word' id='word_1_24' title='bbox 3172 682 3296 745; x_wconf 90' lang='lat' dir='ltr'>mei</span> <span class='ocrx_word' id='word_1_25' title='bbox 3324 680 3457 743; x_wconf 89' lang='lat' dir='ltr'>nul·</span> <span class='ocrx_word' id='word_1_26' title='bbox 3490 694 3747 800; x_wconf 47' lang='lat' dir='ltr'>,ffffl&#39;ssiss&#39;ss&#39;</span> 
     </span>
    </p>
   </div>
   <div class='ocr_carea' id='block_1_5' title="bbox 3488 822 3553 863">
    <p class='ocr_par' dir='ltr' id='par_1_5' title="bbox 3488 822 3553 863">
     <span class='ocr_line' id='line_1_5' title="bbox 3488 822 3553 863; baseline 0 -1"><span class='ocrx_word' id='word_1_27' title='bbox 3488 822 3553 863; x_wconf 79' lang='lat'>18.</span> 
     </span>
    </p>
   </div>
   <div class='ocr_carea' id='block_1_6' title="bbox 357 780 1861 1847">
    <p class='ocr_par' dir='ltr' id='par_1_6' title="bbox 357 780 1861 1847">
     <span class='ocr_line' id='line_1_6' title="bbox 359 780 1856 863; baseline -0.001 -21"><span class='ocrx_word' id='word_1_28' title='bbox 359 780 820 843; x_wconf 90' lang='lat' dir='ltr'>insinuandum</span> <span class='ocrx_word' id='word_1_29' title='bbox 849 781 1516 863; x_wconf 83' lang='lat' dir='ltr'>praecordialissimum</span> <span class='ocrx_word' id='word_1_30' title='bbox 1544 781 1856 861; x_wconf 89' lang='lat' dir='ltr'>valdeque</span> 
     </span>
     <span class='ocr_line' id='line_1_7' title="bbox 360 880 1858 962; baseline 0.001 -22"><span class='ocrx_word' id='word_1_31' title='bbox 360 880 749 959; x_wconf 83' lang='lat' dir='ltr'>singularem</span> <span class='ocrx_word' id='word_1_32' title='bbox 787 899 972 941; x_wconf 90' lang='lat' dir='ltr'>suum</span> <span class='ocrx_word' id='word_1_33' title='bbox 1004 898 1284 943; x_wconf 89' lang='lat' dir='ltr'>amorem</span> <span class='ocrx_word' id='word_1_34' title='bbox 1315 881 1393 943; x_wconf 93' lang='lat' dir='ltr'>ad</span> <span class='ocrx_word' id='word_1_35' title='bbox 1426 880 1630 962; x_wconf 89' lang='lat' dir='ltr'>ipsam</span> <span class='ocrx_word' id='word_1_36' title='bbox 1662 896 1675 941; x_wconf 90' lang='lat'>:</span> <span class='ocrx_word' id='word_1_37' title='bbox 1710 898 1858 961; x_wconf 89' lang='lat' dir='ltr'>qua-</span> 
     </span>
     <span class='ocr_line' id='line_1_8' title="bbox 360 977 1856 1061; baseline -0.001 -21"><span class='ocrx_word' id='word_1_38' title='bbox 360 978 414 1040; x_wconf 92' lang='lat' dir='ltr'>si</span> <span class='ocrx_word' id='word_1_39' title='bbox 447 978 502 1040; x_wconf 93' lang='lat' dir='ltr'>si</span> <span class='ocrx_word' id='word_1_40' title='bbox 537 979 818 1061; x_wconf 89' lang='lat' dir='ltr'>amplius</span> <span class='ocrx_word' id='word_1_41' title='bbox 851 978 1232 1061; x_wconf 84' lang='lat' dir='ltr'>inspiciatur</span> <span class='ocrx_word' id='word_1_42' title='bbox 1260 979 1341 1041; x_wconf 91' lang='lat' dir='ltr'>ab</span> <span class='ocrx_word' id='word_1_43' title='bbox 1377 998 1472 1054; x_wconf 87' lang='lat' dir='ltr'>ea,</span> <span class='ocrx_word' id='word_1_44' title='bbox 1508 977 1676 1042; x_wconf 89' lang='lat' dir='ltr'>ferre</span> <span class='ocrx_word' id='word_1_45' title='bbox 1727 996 1856 1041; x_wconf 91' lang='lat' dir='ltr'>non</span> 
     </span>
     <span class='ocr_line' id='line_1_9' title="bbox 357 1076 1858 1160; baseline -0.001 -22"><span class='ocrx_word' id='word_1_46' title='bbox 357 1086 552 1158; x_wconf 82' lang='lat' dir='ltr'><strong>queat</strong></span> <span class='ocrx_word' id='word_1_47' title='bbox 595 1096 728 1160; x_wconf 83' lang='lat' dir='ltr'>prae</span> <span class='ocrx_word' id='word_1_48' title='bbox 768 1077 1211 1141; x_wconf 78' lang='lat' dir='ltr'>vulneratione</span> <span class='ocrx_word' id='word_1_49' title='bbox 1250 1077 1486 1140; x_wconf 89' lang='lat' dir='ltr'>amoris</span> <span class='ocrx_word' id='word_1_50' title='bbox 1526 1094 1539 1138; x_wconf 93' lang='lat'>:</span> <span class='ocrx_word' id='word_1_51' title='bbox 1576 1086 1645 1138; x_wconf 90' lang='lat' dir='ltr'>ut</span> <span class='ocrx_word' id='word_1_52' title='bbox 1674 1076 1858 1138; x_wconf 89' lang='lat' dir='ltr'>intel-</span> 
     </span>
     <span class='ocr_line' id='line_1_10' title="bbox 360 1176 1857 1259; baseline 0.001 -23"><span class='ocrx_word' id='word_1_53' title='bbox 360 1176 596 1257; x_wconf 81' lang='lat' dir='ltr'>ligatur</span> <span class='ocrx_word' id='word_1_54' title='bbox 627 1196 740 1258; x_wconf 88' lang='lat' dir='ltr'>per</span> <span class='ocrx_word' id='word_1_55' title='bbox 768 1177 1027 1240; x_wconf 91' lang='lat' dir='ltr'>modum</span> <span class='ocrx_word' id='word_1_56' title='bbox 1059 1177 1484 1259; x_wconf 78' lang='lat' dir='ltr'>hyperbolicae</span> <span class='ocrx_word' id='word_1_57' title='bbox 1518 1176 1857 1239; x_wconf 89' lang='lat' dir='ltr'>locutionis</span> 
     </span>
     <span class='ocr_line' id='line_1_11' title="bbox 359 1274 1858 1357; baseline 0 -21"><span class='ocrx_word' id='word_1_58' title='bbox 359 1275 786 1356; x_wconf 81' lang='lat' dir='ltr'>amatoriique</span> <span class='ocrx_word' id='word_1_59' title='bbox 842 1274 1179 1338; x_wconf 83' lang='lat' dir='ltr'>sermoniS.</span> <span class='ocrx_word' id='word_1_60' title='bbox 1235 1275 1390 1337; x_wconf 91' lang='lat' dir='ltr'>Nam</span> <span class='ocrx_word' id='word_1_61' title='bbox 1448 1284 1511 1338; x_wconf 88' lang='lat' dir='ltr'>et</span> <span class='ocrx_word' id='word_1_62' title='bbox 1565 1275 1858 1357; x_wconf 87' lang='lat' dir='ltr'>superius</span> 
     </span>
     <span class='ocr_line' id='line_1_12' title="bbox 359 1373 1858 1451; baseline -0.001 -16"><span class='ocrx_word' id='word_1_63' title='bbox 359 1373 522 1435; x_wconf 80' lang='lat' dir='ltr'>dixit</span> <span class='ocrx_word' id='word_1_64' title='bbox 551 1376 626 1435; x_wconf 92' lang='lat' dir='ltr'>ad</span> <span class='ocrx_word' id='word_1_65' title='bbox 661 1392 798 1436; x_wconf 89' lang='lat' dir='ltr'>eam</span> <span class='ocrx_word' id='word_1_66' title='bbox 832 1373 1236 1437; x_wconf 87' lang='lat' dir='ltr'>:Vulnerasti</span> <span class='ocrx_word' id='word_1_67' title='bbox 1270 1392 1378 1436; x_wconf 91' lang='lat' dir='ltr'>cor</span> <span class='ocrx_word' id='word_1_68' title='bbox 1409 1393 1644 1451; x_wconf 87' lang='lat' dir='ltr'>meum,</span> <span class='ocrx_word' id='word_1_69' title='bbox 1680 1391 1858 1436; x_wconf 86' lang='lat' dir='ltr'>soror</span> 
     </span>
     <span class='ocr_line' id='line_1_13' title="bbox 359 1472 1852 1553; baseline 0 -20"><span class='ocrx_word' id='word_1_70' title='bbox 359 1492 523 1547; x_wconf 89' lang='lat' dir='ltr'>mea,</span> <span class='ocrx_word' id='word_1_71' title='bbox 573 1490 829 1553; x_wconf 87' lang='lat' dir='ltr'>sponsa,</span> <span class='ocrx_word' id='word_1_72' title='bbox 878 1472 943 1534; x_wconf 91' lang='lat' dir='ltr'>in</span> <span class='ocrx_word' id='word_1_73' title='bbox 993 1491 1119 1535; x_wconf 90' lang='lat' dir='ltr'>uno</span> <span class='ocrx_word' id='word_1_74' title='bbox 1167 1472 1496 1536; x_wconf 90' lang='lat' dir='ltr'>oculorum</span> <span class='ocrx_word' id='word_1_75' title='bbox 1551 1482 1852 1535; x_wconf 91' lang='lat' dir='ltr'>tuorum:</span> 
     </span>
     <span class='ocr_line' id='line_1_14' title="bbox 359 1569 1860 1652; baseline 0 -21"><span class='ocrx_word' id='word_1_76' title='bbox 359 1579 602 1649; x_wconf 88' lang='lat' dir='ltr'>quanto</span> <span class='ocrx_word' id='word_1_77' title='bbox 633 1570 836 1652; x_wconf 85' lang='lat' dir='ltr'>magis</span> <span class='ocrx_word' id='word_1_78' title='bbox 869 1570 934 1632; x_wconf 90' lang='lat' dir='ltr'>in</span> <span class='ocrx_word' id='word_1_79' title='bbox 955 1569 1306 1633; x_wconf 65' lang='lat' dir='ltr'>ambobus?</span> <span class='ocrx_word' id='word_1_80' title='bbox 1339 1578 1403 1632; x_wconf 90' lang='lat' dir='ltr'>et</span> <span class='ocrx_word' id='word_1_81' title='bbox 1433 1569 1498 1632; x_wconf 93' lang='lat' dir='ltr'>in</span> <span class='ocrx_word' id='word_1_82' title='bbox 1525 1589 1653 1632; x_wconf 92' lang='lat' dir='ltr'>uno</span> <span class='ocrx_word' id='word_1_83' title='bbox 1682 1569 1860 1632; x_wconf 88' lang='lat' dir='ltr'>crine</span> 
     </span>
     <span class='ocr_line' id='line_1_15' title="bbox 358 1666 1861 1749; baseline -0.001 -18"><span class='ocrx_word' id='word_1_84' title='bbox 358 1666 510 1731; x_wconf 88' lang='lat' dir='ltr'>colli</span> <span class='ocrx_word' id='word_1_85' title='bbox 545 1668 636 1730; x_wconf 91' lang='lat' dir='ltr'>tui</span> <span class='ocrx_word' id='word_1_86' title='bbox 672 1686 686 1729; x_wconf 74' lang='grc' dir='ltr'>ε</span> <span class='ocrx_word' id='word_1_87' title='bbox 724 1677 964 1749; x_wconf 88' lang='lat' dir='ltr'>quanto</span> <span class='ocrx_word' id='word_1_88' title='bbox 991 1667 1270 1749; x_wconf 87' lang='lat' dir='ltr'>amplius</span> <span class='ocrx_word' id='word_1_89' title='bbox 1299 1668 1367 1729; x_wconf 92' lang='lat' dir='ltr'>in</span> <span class='ocrx_word' id='word_1_90' title='bbox 1406 1668 1626 1731; x_wconf 91' lang='lat' dir='ltr'>multis</span> <span class='ocrx_word' id='word_1_91' title='bbox 1656 1667 1861 1731; x_wconf 91' lang='lat' dir='ltr'>omni-</span> 
     </span>
     <span class='ocr_line' id='line_1_16' title="bbox 359 1765 1860 1847; baseline 0.001 -20"><span class='ocrx_word' id='word_1_92' title='bbox 359 1766 611 1847; x_wconf 88' lang='lat' dir='ltr'>busque</span> <span class='ocrx_word' id='word_1_93' title='bbox 641 1765 930 1829; x_wconf 82' lang='lat' dir='ltr'>crinibus</span> <span class='ocrx_word' id='word_1_94' title='bbox 963 1766 1052 1828; x_wconf 90' lang='lat' dir='ltr'>tui</span> <span class='ocrx_word' id='word_1_95' title='bbox 1085 1766 1280 1829; x_wconf 71' lang='lat' dir='ltr'>eolli‘l</span> <span class='ocrx_word' id='word_1_96' title='bbox 1313 1766 1426 1829; x_wconf 88' lang='lat' dir='ltr'>Vel</span> <span class='ocrx_word' id='word_1_97' title='bbox 1459 1766 1549 1829; x_wconf 91' lang='lat' dir='ltr'>sic</span> <span class='ocrx_word' id='word_1_98' title='bbox 1585 1786 1598 1831; x_wconf 77' lang='grc' dir='ltr'><strong><em>ε</em></strong></span> <span class='ocrx_word' id='word_1_99' title='bbox 1632 1767 1860 1831; x_wconf 82' lang='lat' dir='ltr'>Averte</span> 
     </span>
    </p>
   </div>
   <div class='ocr_carea' id='block_1_7' title="bbox 3339 492 3457 555">
    <p class='ocr_par' dir='ltr' id='par_1_7' title="bbox 3339 492 3457 555">
     <span class='ocr_line' id='line_1_17' title="bbox 3339 492 3457 555; baseline -0.017 0"><span class='ocrx_word' id='word_1_100' title='bbox 3339 492 3457 555; x_wconf 75' lang='lat'>415</span> 
     </span>
    </p>
   </div>
   <div class='ocr_carea' id='block_1_8' title="bbox 1966 780 3467 1846">
    <p class='ocr_par' dir='ltr' id='par_1_8' title="bbox 1966 780 3467 1846">
     <span class='ocr_line' id='line_1_18' title="bbox 1967 780 3457 863; baseline 0 -22"><span class='ocrx_word' id='word_1_101' title='bbox 1967 780 2065 843; x_wconf 93' lang='lat' dir='ltr'>lus</span> <span class='ocrx_word' id='word_1_102' title='bbox 2103 790 2200 843; x_wconf 91' lang='lat' dir='ltr'>est</span> <span class='ocrx_word' id='word_1_103' title='bbox 2237 782 2477 862; x_wconf 91' lang='lat' dir='ltr'>bonus;</span> <span class='ocrx_word' id='word_1_104' title='bbox 2519 782 2610 845; x_wconf 92' lang='lat' dir='ltr'>sic</span> <span class='ocrx_word' id='word_1_105' title='bbox 2650 782 3121 863; x_wconf 89' lang='lat' dir='ltr'>comparatione</span> <span class='ocrx_word' id='word_1_106' title='bbox 3164 781 3277 857; x_wconf 92' lang='lat' dir='ltr'>tui,</span> <span class='ocrx_word' id='word_1_107' title='bbox 3314 780 3457 842; x_wconf 92' lang='lat' dir='ltr'>nul-</span> 
     </span>
     <span class='ocr_line' id='line_1_19' title="bbox 1968 878 3458 962; baseline 0.001 -23"><span class='ocrx_word' id='word_1_108' title='bbox 1968 878 2029 941; x_wconf 90' lang='lat' dir='ltr'>la</span> <span class='ocrx_word' id='word_1_109' title='bbox 2066 878 2370 961; x_wconf 87' lang='lat' dir='ltr'>perfecta,</span> <span class='ocrx_word' id='word_1_110' title='bbox 2404 889 2997 962; x_wconf 90' lang='lat' dir='ltr'>quantumcumque</span> <span class='ocrx_word' id='word_1_111' title='bbox 3039 879 3342 961; x_wconf 82' lang='lat' dir='ltr'>praeclara</span> <span class='ocrx_word' id='word_1_112' title='bbox 3394 887 3458 940; x_wconf 85' lang='lat' dir='ltr'>et</span> 
     </span>
     <span class='ocr_line' id='line_1_20' title="bbox 1968 978 3457 1059; baseline 0 -20"><span class='ocrx_word' id='word_1_113' title='bbox 1968 996 2219 1059; x_wconf 86' lang='lat' dir='ltr'>magna.</span> <span class='ocrx_word' id='word_1_114' title='bbox 2273 979 2401 1041; x_wconf 90' lang='lat' dir='ltr'>lmo</span> <span class='ocrx_word' id='word_1_115' title='bbox 2446 988 2669 1043; x_wconf 75' lang='lat' dir='ltr'>ceterae</span> <span class='ocrx_word' id='word_1_116' title='bbox 2714 987 2958 1043; x_wconf 82' lang='lat' dir='ltr'>cunctae</span> <span class='ocrx_word' id='word_1_117' title='bbox 3006 978 3261 1059; x_wconf 77' lang='lat' dir='ltr'>reginae,</span> <span class='ocrx_word' id='word_1_118' title='bbox 3309 986 3457 1039; x_wconf 89' lang='lat' dir='ltr'>sunt</span> 
     </span>
     <span class='ocr_line' id='line_1_21' title="bbox 1967 1075 3453 1149; baseline -0.001 -12"><span class='ocrx_word' id='word_1_119' title='bbox 1967 1084 2092 1137; x_wconf 82' lang='lat' dir='ltr'>tuae</span> <span class='ocrx_word' id='word_1_120' title='bbox 2120 1076 2390 1139; x_wconf 85' lang='lat' dir='ltr'>ancillae.</span> <span class='ocrx_word' id='word_1_121' title='bbox 2428 1080 2565 1137; x_wconf 80' lang='lat' dir='ltr'>Una</span> <span class='ocrx_word' id='word_1_122' title='bbox 2593 1087 2683 1138; x_wconf 74' lang='lat' dir='ltr'>esc</span> <span class='ocrx_word' id='word_1_123' title='bbox 2714 1079 2917 1137; x_wconf 75' lang='lat' dir='ltr'>matri</span> <span class='ocrx_word' id='word_1_124' title='bbox 2942 1097 3097 1138; x_wconf 78' lang='lat' dir='ltr'>suae.</span> <span class='ocrx_word' id='word_1_125' title='bbox 3134 1076 3224 1138; x_wconf 93' lang='lat' dir='ltr'>Tu</span> <span class='ocrx_word' id='word_1_126' title='bbox 3256 1075 3453 1149; x_wconf 89' lang='lat' dir='ltr'>enim,</span> 
     </span>
     <span class='ocr_line' id='line_1_22' title="bbox 1967 1174 3461 1257; baseline -0.001 -21"><span class='ocrx_word' id='word_1_127' title='bbox 1967 1193 2004 1236; x_wconf 93' lang='lat' dir='ltr'>o</span> <span class='ocrx_word' id='word_1_128' title='bbox 2033 1193 2289 1256; x_wconf 91' lang='lat' dir='ltr'>sponsa,</span> <span class='ocrx_word' id='word_1_129' title='bbox 2324 1176 2671 1238; x_wconf 88' lang='lat' dir='ltr'>secundum</span> <span class='ocrx_word' id='word_1_130' title='bbox 2706 1193 2959 1237; x_wconf 88' lang='lat' dir='ltr'>carnem</span> <span class='ocrx_word' id='word_1_131' title='bbox 2994 1195 3060 1237; x_wconf 90' lang='lat' dir='ltr'>es</span> <span class='ocrx_word' id='word_1_132' title='bbox 3094 1174 3235 1237; x_wconf 91' lang='lat' dir='ltr'>filia</span> <span class='ocrx_word' id='word_1_133' title='bbox 3270 1174 3461 1257; x_wconf 84' lang='lat' dir='ltr'>Syna-</span> 
     </span>
     <span class='ocr_line' id='line_1_23' title="bbox 1966 1272 3454 1355; baseline -0.002 -19"><span class='ocrx_word' id='word_1_134' title='bbox 1966 1291 2159 1354; x_wconf 77' lang='lat' dir='ltr'>gogae‚</span> <span class='ocrx_word' id='word_1_135' title='bbox 2177 1282 2240 1336; x_wconf 89' lang='lat' dir='ltr'>et</span> <span class='ocrx_word' id='word_1_136' title='bbox 2262 1274 2341 1336; x_wconf 90' lang='lat' dir='ltr'>ad</span> <span class='ocrx_word' id='word_1_137' title='bbox 2371 1274 2509 1355; x_wconf 85' lang='lat' dir='ltr'>ejus</span> <span class='ocrx_word' id='word_1_138' title='bbox 2542 1274 2849 1336; x_wconf 89' lang='lat' dir='ltr'>honorem</span> <span class='ocrx_word' id='word_1_139' title='bbox 2878 1281 2939 1336; x_wconf 90' lang='lat' dir='ltr'>et</span> <span class='ocrx_word' id='word_1_140' title='bbox 2962 1273 3232 1352; x_wconf 85' lang='lat' dir='ltr'>gloriam</span> <span class='ocrx_word' id='word_1_141' title='bbox 3263 1272 3454 1346; x_wconf 82' lang='lat' dir='ltr'>cedit,</span> 
     </span>
     <span class='ocr_line' id='line_1_24' title="bbox 1969 1371 3454 1453; baseline -0.001 -20"><span class='ocrx_word' id='word_1_142' title='bbox 1969 1371 2096 1434; x_wconf 92' lang='lat' dir='ltr'>imo</span> <span class='ocrx_word' id='word_1_143' title='bbox 2128 1380 2191 1434; x_wconf 89' lang='lat' dir='ltr'>et</span> <span class='ocrx_word' id='word_1_144' title='bbox 2227 1373 2305 1435; x_wconf 89' lang='lat' dir='ltr'>ad</span> <span class='ocrx_word' id='word_1_145' title='bbox 2347 1372 2518 1434; x_wconf 91' lang='lat' dir='ltr'>illius</span> <span class='ocrx_word' id='word_1_146' title='bbox 2548 1371 2905 1453; x_wconf 83' lang='lat' dir='ltr'>profectum</span> <span class='ocrx_word' id='word_1_147' title='bbox 2936 1380 2999 1434; x_wconf 89' lang='lat' dir='ltr'>et</span> <span class='ocrx_word' id='word_1_148' title='bbox 3038 1390 3247 1453; x_wconf 89' lang='lat' dir='ltr'>opem,</span> <span class='ocrx_word' id='word_1_149' title='bbox 3285 1371 3454 1452; x_wconf 89' lang='lat' dir='ltr'>quod</span> 
     </span>
     <span class='ocr_line' id='line_1_25' title="bbox 1971 1470 3465 1553; baseline 0.001 -21"><span class='ocrx_word' id='word_1_150' title='bbox 1971 1480 2037 1532; x_wconf 90' lang='lat' dir='ltr'>tu</span> <span class='ocrx_word' id='word_1_151' title='bbox 2066 1470 2213 1533; x_wconf 91' lang='lat' dir='ltr'>talis</span> <span class='ocrx_word' id='word_1_152' title='bbox 2241 1491 2314 1534; x_wconf 89' lang='lat' dir='ltr'>ac</span> <span class='ocrx_word' id='word_1_153' title='bbox 2346 1480 2516 1534; x_wconf 89' lang='lat' dir='ltr'>tanta</span> <span class='ocrx_word' id='word_1_154' title='bbox 2549 1491 2632 1547; x_wconf 83' lang='lat' dir='ltr'>eS,</span> <span class='ocrx_word' id='word_1_155' title='bbox 2670 1478 2731 1532; x_wconf 88' lang='lat' dir='ltr'>et</span> <span class='ocrx_word' id='word_1_156' title='bbox 2768 1472 2939 1552; x_wconf 89' lang='lat' dir='ltr'>quod</span> <span class='ocrx_word' id='word_1_157' title='bbox 2989 1471 3127 1553; x_wconf 90' lang='lat' dir='ltr'>ipsa</span> <span class='ocrx_word' id='word_1_158' title='bbox 3160 1471 3350 1533; x_wconf 88' lang='lat' dir='ltr'>talem</span> <span class='ocrx_word' id='word_1_159' title='bbox 3382 1488 3465 1535; x_wconf 78' lang='lat' dir='ltr'>ac.</span> 
     </span>
     <span class='ocr_line' id='line_1_26' title="bbox 1971 1569 3459 1634; baseline 0.001 -4"><span class='ocrx_word' id='word_1_160' title='bbox 1971 1578 2209 1632; x_wconf 81' lang='lat' dir='ltr'>tantam</span> <span class='ocrx_word' id='word_1_161' title='bbox 2252 1569 2457 1632; x_wconf 86' lang='lat' dir='ltr'>filiam</span> <span class='ocrx_word' id='word_1_162' title='bbox 2504 1570 2716 1633; x_wconf 90' lang='lat' dir='ltr'>habet.</span> <span class='ocrx_word' id='word_1_163' title='bbox 2751 1570 2901 1633; x_wconf 89' lang='lat' dir='ltr'>Nam</span> <span class='ocrx_word' id='word_1_164' title='bbox 2936 1578 3001 1634; x_wconf 90' lang='lat' dir='ltr'>et</span> <span class='ocrx_word' id='word_1_165' title='bbox 3042 1571 3286 1633; x_wconf 89' lang='lat' dir='ltr'>meritis</span> <span class='ocrx_word' id='word_1_166' title='bbox 3333 1571 3459 1633; x_wconf 89' lang='lat' dir='ltr'>tuis</span> 
     </span>
     <span class='ocr_line' id='line_1_27' title="bbox 1967 1669 3461 1751; baseline 0.001 -22"><span class='ocrx_word' id='word_1_167' title='bbox 1967 1687 2040 1730; x_wconf 89' lang='lat' dir='ltr'>ac</span> <span class='ocrx_word' id='word_1_168' title='bbox 2087 1669 2385 1751; x_wconf 91' lang='lat' dir='ltr'>precibus</span> <span class='ocrx_word' id='word_1_169' title='bbox 2441 1669 2625 1731; x_wconf 86' lang='lat' dir='ltr'>multi</span> <span class='ocrx_word' id='word_1_170' title='bbox 2678 1689 2753 1732; x_wconf 87' lang='lat' dir='ltr'>ex</span> <span class='ocrx_word' id='word_1_171' title='bbox 2811 1670 3047 1751; x_wconf 85' lang='lat' dir='ltr'>populo</span> <span class='ocrx_word' id='word_1_172' title='bbox 3099 1670 3461 1735; x_wconf 79' lang='lat' dir='ltr'>Judaeorum</span> 
     </span>
     <span class='ocr_line' id='line_1_28' title="bbox 1969 1768 3467 1846; baseline 0.001 -18"><span class='ocrx_word' id='word_1_173' title='bbox 1969 1768 2405 1830; x_wconf 87' lang='lat' dir='ltr'>conversionis</span> <span class='ocrx_word' id='word_1_174' title='bbox 2438 1775 2587 1829; x_wconf 92' lang='lat' dir='ltr'>sunt</span> <span class='ocrx_word' id='word_1_175' title='bbox 2612 1769 2879 1846; x_wconf 81' lang='lat' dir='ltr'>gratiam</span> <span class='ocrx_word' id='word_1_176' title='bbox 2901 1768 3467 1831; x_wconf 87' lang='lat' dir='ltr'>assecuti.Verum-</span> 
     </span>
    </p>
   </div>
   <div class='ocr_carea' id='block_1_9' title="bbox 358 1862 3463 1949">
    <p class='ocr_par' dir='ltr' id='par_1_9' title="bbox 358 1862 3463 1949">
     <span class='ocr_line' id='line_1_29' title="bbox 358 1862 3463 1949; baseline 0 -22"><span class='ocrx_word' id='word_1_177' title='bbox 358 1865 580 1927; x_wconf 87' lang='lat' dir='ltr'>oeulos</span> <span class='ocrx_word' id='word_1_178' title='bbox 611 1874 754 1929; x_wconf 88' lang='lat' dir='ltr'>tuos</span> <span class='ocrx_word' id='word_1_179' title='bbox 780 1884 819 1927; x_wconf 95' lang='lat' dir='ltr'>a</span> <span class='ocrx_word' id='word_1_180' title='bbox 849 1884 971 1940; x_wconf 90' lang='lat' dir='ltr'>me,</span> <span class='ocrx_word' id='word_1_181' title='bbox 1007 1864 1072 1927; x_wconf 95' lang='lat' dir='ltr'>id</span> <span class='ocrx_word' id='word_1_182' title='bbox 1101 1872 1218 1941; x_wconf 88' lang='lat' dir='ltr'>est,</span> <span class='ocrx_word' id='word_1_183' title='bbox 1251 1865 1568 1946; x_wconf 81' lang='lat' dir='ltr'>quamviS,</span> <span class='ocrx_word' id='word_1_184' title='bbox 1603 1883 1640 1927; x_wconf 95' lang='lat' dir='ltr'>o</span> <span class='ocrx_word' id='word_1_185' title='bbox 1671 1864 1861 1928; x_wconf 90' lang='lat' dir='ltr'>unica</span> <span class='ocrx_word' id='word_1_186' title='bbox 1890 1862 1936 1923; x_wconf 88' lang='lat' dir='ltr'>B</span> <span class='ocrx_word' id='word_1_187' title='bbox 1973 1874 2181 1928; x_wconf 88' lang='lat' dir='ltr'>tamen</span> <span class='ocrx_word' id='word_1_188' title='bbox 2224 1864 2451 1929; x_wconf 83' lang='lat' dir='ltr'>infelix</span> <span class='ocrx_word' id='word_1_189' title='bbox 2492 1866 2602 1928; x_wconf 91' lang='lat' dir='ltr'>illa</span> <span class='ocrx_word' id='word_1_190' title='bbox 2643 1866 2992 1949; x_wconf 81' lang='lat' dir='ltr'>Synagoga‚</span> <span class='ocrx_word' id='word_1_191' title='bbox 3031 1886 3146 1949; x_wconf 89' lang='lat' dir='ltr'>pro</span> <span class='ocrx_word' id='word_1_192' title='bbox 3184 1866 3463 1930; x_wconf 85' lang='lat' dir='ltr'>maxima</span> 
     </span>
    </p>
   </div>
   <div class='ocr_carea' id='block_1_10' title="bbox 358 1962 1862 3029">
    <p class='ocr_par' dir='ltr' id='par_1_10' title="bbox 358 1962 1862 3029">
     <span class='ocr_line' id='line_1_30' title="bbox 359 1962 1861 2044; baseline -0.001 -19"><span class='ocrx_word' id='word_1_193' title='bbox 359 1982 524 2037; x_wconf 88' lang='lat' dir='ltr'>mea,</span> <span class='ocrx_word' id='word_1_194' title='bbox 579 1971 713 2026; x_wconf 91' lang='lat' dir='ltr'>tota</span> <span class='ocrx_word' id='word_1_195' title='bbox 763 1972 869 2025; x_wconf 89' lang='lat' dir='ltr'>tua</span> <span class='ocrx_word' id='word_1_196' title='bbox 917 1962 1254 2026; x_wconf 81' lang='lat' dir='ltr'>delectatio</span> <span class='ocrx_word' id='word_1_197' title='bbox 1313 1964 1417 2039; x_wconf 89' lang='lat' dir='ltr'>sit,</span> <span class='ocrx_word' id='word_1_198' title='bbox 1478 1983 1579 2027; x_wconf 90' lang='lat' dir='ltr'>me</span> <span class='ocrx_word' id='word_1_199' title='bbox 1624 1963 1861 2044; x_wconf 85' lang='lat' dir='ltr'>jugiter</span> 
     </span>
     <span class='ocr_line' id='line_1_31' title="bbox 361 2061 1861 2137; baseline 0.001 -15"><span class='ocrx_word' id='word_1_200' title='bbox 361 2061 624 2137; x_wconf 89' lang='lat' dir='ltr'>intueri,</span> <span class='ocrx_word' id='word_1_201' title='bbox 659 2070 1098 2125; x_wconf 84' lang='lat' dir='ltr'>verumtamen</span> <span class='ocrx_word' id='word_1_202' title='bbox 1131 2080 1259 2125; x_wconf 89' lang='lat' dir='ltr'>non</span> <span class='ocrx_word' id='word_1_203' title='bbox 1287 2062 1495 2125; x_wconf 91' lang='lat' dir='ltr'>solum</span> <span class='ocrx_word' id='word_1_204' title='bbox 1524 2081 1624 2124; x_wconf 89' lang='lat' dir='ltr'>me</span> <span class='ocrx_word' id='word_1_205' title='bbox 1656 2062 1861 2124; x_wconf 89' lang='lat' dir='ltr'>intue-</span> 
     </span>
     <span class='ocr_line' id='line_1_32' title="bbox 358 2160 1862 2241; baseline 0.001 -19"><span class='ocrx_word' id='word_1_206' title='bbox 358 2160 510 2237; x_wconf 81' lang='lat' dir='ltr'>ariS‚</span> <span class='ocrx_word' id='word_1_207' title='bbox 537 2162 648 2223; x_wconf 91' lang='lat' dir='ltr'>sed</span> <span class='ocrx_word' id='word_1_208' title='bbox 682 2168 745 2224; x_wconf 91' lang='lat' dir='ltr'>et</span> <span class='ocrx_word' id='word_1_209' title='bbox 773 2160 1177 2224; x_wconf 87' lang='lat' dir='ltr'>commissam</span> <span class='ocrx_word' id='word_1_210' title='bbox 1213 2179 1467 2241; x_wconf 86' lang='lat' dir='ltr'>quoque</span> <span class='ocrx_word' id='word_1_211' title='bbox 1499 2160 1617 2222; x_wconf 91' lang='lat' dir='ltr'>tibi</span> <span class='ocrx_word' id='word_1_212' title='bbox 1655 2160 1862 2224; x_wconf 89' lang='lat' dir='ltr'>Eccle-</span> 
     </span>
     <span class='ocr_line' id='line_1_33' title="bbox 359 2259 1855 2338; baseline 0.002 -19"><span class='ocrx_word' id='word_1_213' title='bbox 359 2259 522 2322; x_wconf 87' lang='lat' dir='ltr'>siam</span> <span class='ocrx_word' id='word_1_214' title='bbox 553 2268 617 2322; x_wconf 90' lang='lat' dir='ltr'>et</span> <span class='ocrx_word' id='word_1_215' title='bbox 644 2259 914 2322; x_wconf 89' lang='lat' dir='ltr'>miseros</span> <span class='ocrx_word' id='word_1_216' title='bbox 945 2260 1023 2321; x_wconf 91' lang='lat' dir='ltr'>ad</span> <span class='ocrx_word' id='word_1_217' title='bbox 1055 2266 1118 2321; x_wconf 88' lang='lat' dir='ltr'>te</span> <span class='ocrx_word' id='word_1_218' title='bbox 1147 2259 1514 2322; x_wconf 78' lang='lat' dir='ltr'>clamantes.</span> <span class='ocrx_word' id='word_1_219' title='bbox 1549 2259 1650 2321; x_wconf 91' lang='lat' dir='ltr'>Sic</span> <span class='ocrx_word' id='word_1_220' title='bbox 1685 2277 1855 2338; x_wconf 84' lang='lat' dir='ltr'>ergO‚</span> 
     </span>
     <span class='ocr_line' id='line_1_34' title="bbox 358 2357 1858 2434; baseline -0.001 -14"><span class='ocrx_word' id='word_1_221' title='bbox 358 2362 600 2420; x_wconf 78' lang='lat' dir='ltr'>Averce</span> <span class='ocrx_word' id='word_1_222' title='bbox 643 2363 854 2419; x_wconf 81' lang='lat' dir='ltr'>oculos</span> <span class='ocrx_word' id='word_1_223' title='bbox 896 2368 1032 2419; x_wconf 78' lang='lat' dir='ltr'>cuo-s·</span> <span class='ocrx_word' id='word_1_224' title='bbox 1079 2380 1120 2418; x_wconf 87' lang='lat' dir='ltr'>a</span> <span class='ocrx_word' id='word_1_225' title='bbox 1161 2379 1282 2427; x_wconf 87' lang='lat' dir='ltr'>me,</span> <span class='ocrx_word' id='word_1_226' title='bbox 1313 2358 1378 2419; x_wconf 91' lang='lat' dir='ltr'>id</span> <span class='ocrx_word' id='word_1_227' title='bbox 1425 2365 1541 2434; x_wconf 83' lang='lat' dir='ltr'>est,</span> <span class='ocrx_word' id='word_1_228' title='bbox 1576 2359 1654 2420; x_wconf 85' lang='lat' dir='ltr'>ad</span> <span class='ocrx_word' id='word_1_229' title='bbox 1700 2357 1858 2421; x_wconf 88' lang='lat' dir='ltr'>alios</span> 
     </span>
     <span class='ocr_line' id='line_1_35' title="bbox 358 2455 1859 2538; baseline -0.001 -19"><span class='ocrx_word' id='word_1_230' title='bbox 358 2475 622 2538; x_wconf 86' lang='lat' dir='ltr'>quoque</span> <span class='ocrx_word' id='word_1_231' title='bbox 671 2474 778 2518; x_wconf 87' lang='lat' dir='ltr'>eos</span> <span class='ocrx_word' id='word_1_232' title='bbox 818 2464 1138 2533; x_wconf 88' lang='lat' dir='ltr'>converte,</span> <span class='ocrx_word' id='word_1_233' title='bbox 1184 2474 1310 2518; x_wconf 92' lang='lat' dir='ltr'>non</span> <span class='ocrx_word' id='word_1_234' title='bbox 1363 2463 1576 2519; x_wconf 88' lang='lat' dir='ltr'>tamen</span> <span class='ocrx_word' id='word_1_235' title='bbox 1624 2455 1859 2518; x_wconf 90' lang='lat' dir='ltr'>intueri</span> 
     </span>
     <span class='ocr_line' id='line_1_36' title="bbox 358 2554 1858 2617; baseline 0 0"><span class='ocrx_word' id='word_1_236' title='bbox 358 2574 462 2617; x_wconf 90' lang='lat' dir='ltr'>me</span> <span class='ocrx_word' id='word_1_237' title='bbox 507 2573 742 2617; x_wconf 84' lang='lat' dir='ltr'>cesses.</span> <span class='ocrx_word' id='word_1_238' title='bbox 778 2555 1072 2617; x_wconf 85' lang='lat' dir='ltr'>Attamen</span> <span class='ocrx_word' id='word_1_239' title='bbox 1114 2554 1333 2617; x_wconf 89' lang='lat' dir='ltr'>oculos</span> <span class='ocrx_word' id='word_1_240' title='bbox 1365 2554 1510 2617; x_wconf 91' lang='lat' dir='ltr'>illos</span> <span class='ocrx_word' id='word_1_241' title='bbox 1554 2562 1858 2617; x_wconf 77' lang='lat' dir='ltr'>maternae</span> 
     </span>
     <span class='ocr_line' id='line_1_37' title="bbox 359 2652 1860 2735; baseline -0.001 -19"><span class='ocrx_word' id='word_1_242' title='bbox 359 2653 827 2735; x_wconf 88' lang='lat' dir='ltr'>compassionis</span> <span class='ocrx_word' id='word_1_243' title='bbox 875 2671 949 2714; x_wconf 90' lang='lat' dir='ltr'>ac</span> <span class='ocrx_word' id='word_1_244' title='bbox 997 2652 1118 2734; x_wconf 80' lang='lat' dir='ltr'>piae</span> <span class='ocrx_word' id='word_1_245' title='bbox 1177 2652 1653 2730; x_wconf 77' lang='lat' dir='ltr'>sollieitudiniS,</span> <span class='ocrx_word' id='word_1_246' title='bbox 1699 2671 1860 2734; x_wconf 88' lang='lat' dir='ltr'>quos</span> 
     </span>
     <span class='ocr_line' id='line_1_38' title="bbox 360 2749 1858 2833; baseline -0.001 -20"><span class='ocrx_word' id='word_1_247' title='bbox 360 2750 426 2813; x_wconf 93' lang='lat' dir='ltr'>in</span> <span class='ocrx_word' id='word_1_248' title='bbox 459 2751 646 2813; x_wconf 90' lang='lat' dir='ltr'>terris</span> <span class='ocrx_word' id='word_1_249' title='bbox 676 2749 958 2812; x_wconf 90' lang='lat' dir='ltr'>habuisti</span> <span class='ocrx_word' id='word_1_250' title='bbox 988 2751 1065 2812; x_wconf 88' lang='lat' dir='ltr'>ad</span> <span class='ocrx_word' id='word_1_251' title='bbox 1095 2769 1215 2827; x_wconf 89' lang='lat' dir='ltr'>me,</span> <span class='ocrx_word' id='word_1_252' title='bbox 1248 2751 1456 2813; x_wconf 90' lang='lat' dir='ltr'>adhuc</span> <span class='ocrx_word' id='word_1_253' title='bbox 1489 2750 1858 2833; x_wconf 87' lang='lat' dir='ltr'>passibilem</span> 
     </span>
     <span class='ocr_line' id='line_1_39' title="bbox 360 2849 1862 2932; baseline 0 -19"><span class='ocrx_word' id='word_1_254' title='bbox 360 2859 424 2913; x_wconf 87' lang='lat' dir='ltr'>et</span> <span class='ocrx_word' id='word_1_255' title='bbox 467 2849 828 2924; x_wconf 87' lang='lat' dir='ltr'>mortalem,</span> <span class='ocrx_word' id='word_1_256' title='bbox 881 2850 1234 2930; x_wconf 82' lang='lat' dir='ltr'>praesertim</span> <span class='ocrx_word' id='word_1_257' title='bbox 1287 2858 1572 2932; x_wconf 88' lang='lat' dir='ltr'>tempore</span> <span class='ocrx_word' id='word_1_258' title='bbox 1621 2850 1862 2931; x_wconf 90' lang='lat' dir='ltr'>passio-</span> 
     </span>
     <span class='ocr_line' id='line_1_40' title="bbox 361 2946 1860 3029; baseline 0 -20"><span class='ocrx_word' id='word_1_259' title='bbox 361 2948 486 3023; x_wconf 78' lang='lat' dir='ltr'>niS,</span> <span class='ocrx_word' id='word_1_260' title='bbox 529 2955 748 3011; x_wconf 88' lang='lat' dir='ltr'>averte</span> <span class='ocrx_word' id='word_1_261' title='bbox 778 2946 1038 3011; x_wconf 92' lang='lat' dir='ltr'>omnino</span> <span class='ocrx_word' id='word_1_262' title='bbox 1075 2968 1112 3009; x_wconf 90' lang='lat' dir='ltr'>a</span> <span class='ocrx_word' id='word_1_263' title='bbox 1151 2966 1254 3011; x_wconf 88' lang='lat' dir='ltr'>me</span> <span class='ocrx_word' id='word_1_264' title='bbox 1295 2948 1580 3029; x_wconf 89' lang='lat' dir='ltr'>plenarie</span> <span class='ocrx_word' id='word_1_265' title='bbox 1615 2948 1860 3028; x_wconf 83' lang='lat' dir='ltr'>glorifi-</span> 
     </span>
    </p>
   </div>
   <div class='ocr_carea' id='block_1_11' title="bbox 1970 1964 3459 2048">
    <p class='ocr_par' dir='ltr' id='par_1_11' title="bbox 1970 1964 3459 2048">
     <span class='ocr_line' id='line_1_41' title="bbox 1970 1964 3459 2048; baseline 0.001 -23"><span class='ocrx_word' id='word_1_266' title='bbox 1970 1964 2067 2026; x_wconf 88' lang='lat' dir='ltr'>sui</span> <span class='ocrx_word' id='word_1_267' title='bbox 2100 1972 2299 2046; x_wconf 88' lang='lat' dir='ltr'>parte,</span> <span class='ocrx_word' id='word_1_268' title='bbox 2347 1964 2589 2045; x_wconf 81' lang='lat' dir='ltr'>ingrata</span> <span class='ocrx_word' id='word_1_269' title='bbox 2630 1964 3050 2048; x_wconf 87' lang='lat' dir='ltr'>indurataque</span> <span class='ocrx_word' id='word_1_270' title='bbox 3097 1974 3459 2047; x_wconf 82' lang='lat' dir='ltr'>permanet3</span> 
     </span>
    </p>
   </div>
   <div class='ocr_carea' id='block_1_12' title="bbox 1970 2063 3749 2186">
    <p class='ocr_par' dir='ltr' id='par_1_12' title="bbox 1970 2063 3749 2186">
     <span class='ocr_line' id='line_1_42' title="bbox 1970 2063 3749 2186; baseline 0.003 -61"><span class='ocrx_word' id='word_1_271' title='bbox 1970 2071 2033 2125; x_wconf 87' lang='lat' dir='ltr'>et</span> <span class='ocrx_word' id='word_1_272' title='bbox 2070 2083 2270 2144; x_wconf 91' lang='lat' dir='ltr'>quum</span> <span class='ocrx_word' id='word_1_273' title='bbox 2313 2063 2379 2125; x_wconf 87' lang='lat' dir='ltr'>in</span> <span class='ocrx_word' id='word_1_274' title='bbox 2428 2064 2669 2128; x_wconf 89' lang='lat' dir='ltr'>honore</span> <span class='ocrx_word' id='word_1_275' title='bbox 2716 2072 2904 2141; x_wconf 88' lang='lat' dir='ltr'>esset,</span> <span class='ocrx_word' id='word_1_276' title='bbox 2953 2084 3081 2127; x_wconf 91' lang='lat' dir='ltr'>non</span> <span class='ocrx_word' id='word_1_277' title='bbox 3119 2065 3457 2128; x_wconf 81' lang='lat' dir='ltr'>intellexit.</span> <span class='ocrx_word' id='word_1_278' title='bbox 3491 2077 3749 2186; x_wconf 46' lang='grc' dir='ltr'>1ζἐἑίιιι-νιιι.</span> 
     </span>
    </p>
   </div>
   <div class='ocr_carea' id='block_1_13' title="bbox 1967 2163 3465 3033">
    <p class='ocr_par' dir='ltr' id='par_1_13' title="bbox 1967 2163 3465 3033">
     <span class='ocr_line' id='line_1_43' title="bbox 1973 2163 3461 2246; baseline 0.002 -22"><span class='ocrx_word' id='word_1_279' title='bbox 1973 2166 2193 2224; x_wconf 74' lang='lat' dir='ltr'>Elec-ta</span> <span class='ocrx_word' id='word_1_280' title='bbox 2213 2165 2527 2239; x_wconf 72' lang='lat' dir='ltr'>qenitrici</span> <span class='ocrx_word' id='word_1_281' title='bbox 2550 2184 2704 2225; x_wconf 78' lang='lat' dir='ltr'>suae.</span> <span class='ocrx_word' id='word_1_282' title='bbox 2728 2163 3025 2237; x_wconf 84' lang='lat' dir='ltr'>Quamvis</span> <span class='ocrx_word' id='word_1_283' title='bbox 3056 2164 3461 2246; x_wconf 65' lang='lat' dir='ltr'>praeclarissi-</span> 
     </span>
     <span class='ocr_line' id='line_1_44' title="bbox 1972 2261 3465 2343; baseline 0.003 -21"><span class='ocrx_word' id='word_1_284' title='bbox 1972 2281 2076 2323; x_wconf 90' lang='lat' dir='ltr'>ma</span> <span class='ocrx_word' id='word_1_285' title='bbox 2123 2261 2316 2343; x_wconf 85' lang='lat' dir='ltr'>Virgo</span> <span class='ocrx_word' id='word_1_286' title='bbox 2362 2261 2447 2323; x_wconf 92' lang='lat' dir='ltr'>sit</span> <span class='ocrx_word' id='word_1_287' title='bbox 2492 2270 2714 2339; x_wconf 86' lang='lat' dir='ltr'>mater,</span> <span class='ocrx_word' id='word_1_288' title='bbox 2757 2263 3079 2339; x_wconf 86' lang='lat' dir='ltr'>advocata,</span> <span class='ocrx_word' id='word_1_289' title='bbox 3130 2282 3201 2326; x_wconf 90' lang='lat' dir='ltr'>ac</span> <span class='ocrx_word' id='word_1_290' title='bbox 3245 2264 3465 2343; x_wconf 84' lang='lat' dir='ltr'>regina</span> 
     </span>
     <span class='ocr_line' id='line_1_45' title="bbox 1971 2359 3464 2444; baseline 0.002 -22"><span class='ocrx_word' id='word_1_291' title='bbox 1971 2360 2163 2423; x_wconf 90' lang='lat' dir='ltr'>totius</span> <span class='ocrx_word' id='word_1_292' title='bbox 2204 2359 2540 2422; x_wconf 83' lang='lat' dir='ltr'>milit-antis</span> <span class='ocrx_word' id='word_1_293' title='bbox 2602 2360 2932 2440; x_wconf 80' lang='lat' dir='ltr'>Ecclesiae3</span> <span class='ocrx_word' id='word_1_294' title='bbox 2977 2369 3192 2425; x_wconf 87' lang='lat' dir='ltr'>tamen</span> <span class='ocrx_word' id='word_1_295' title='bbox 3240 2382 3464 2444; x_wconf 89' lang='lat' dir='ltr'>quam-</span> 
     </span>
     <span class='ocr_line' id='line_1_46' title="bbox 1969 2457 3462 2536; baseline 0.003 -17"><span class='ocrx_word' id='word_1_296' title='bbox 1969 2457 2078 2519; x_wconf 90' lang='lat' dir='ltr'>diu</span> <span class='ocrx_word' id='word_1_297' title='bbox 2130 2467 2267 2521; x_wconf 88' lang='lat' dir='ltr'>erat</span> <span class='ocrx_word' id='word_1_298' title='bbox 2315 2458 2383 2519; x_wconf 89' lang='lat' dir='ltr'>in</span> <span class='ocrx_word' id='word_1_299' title='bbox 2434 2458 2665 2521; x_wconf 86' lang='lat' dir='ltr'>saeculo</span> <span class='ocrx_word' id='word_1_300' title='bbox 2718 2458 2859 2536; x_wconf 91' lang='lat' dir='ltr'>isto,</span> <span class='ocrx_word' id='word_1_301' title='bbox 2922 2468 3057 2522; x_wconf 87' lang='lat' dir='ltr'>erat</span> <span class='ocrx_word' id='word_1_302' title='bbox 3106 2460 3462 2523; x_wconf 89' lang='lat' dir='ltr'>membrum</span> 
     </span>
     <span class='ocr_line' id='line_1_47' title="bbox 1968 2555 3464 2639; baseline 0.003 -21"><span class='ocrx_word' id='word_1_303' title='bbox 1968 2575 2040 2619; x_wconf 90' lang='lat' dir='ltr'>ac</span> <span class='ocrx_word' id='word_1_304' title='bbox 2094 2555 2235 2619; x_wconf 88' lang='lat' dir='ltr'>filia</span> <span class='ocrx_word' id='word_1_305' title='bbox 2290 2556 2641 2638; x_wconf 89' lang='lat' dir='ltr'>spiritualis</span> <span class='ocrx_word' id='word_1_306' title='bbox 2694 2556 2896 2639; x_wconf 90' lang='lat' dir='ltr'>ipsius</span> <span class='ocrx_word' id='word_1_307' title='bbox 2953 2558 3251 2623; x_wconf 83' lang='lat' dir='ltr'>Ecclesiae</span> <span class='ocrx_word' id='word_1_308' title='bbox 3293 2579 3307 2623; x_wconf 74' lang='grc' dir='ltr'><strong><em>ι</em></strong></span> <span class='ocrx_word' id='word_1_309' title='bbox 3354 2560 3464 2622; x_wconf 89' lang='lat' dir='ltr'>sed</span> 
     </span>
     <span class='ocr_line' id='line_1_48' title="bbox 1969 2654 3459 2739; baseline 0.003 -24"><span class='ocrx_word' id='word_1_310' title='bbox 1969 2654 2118 2717; x_wconf 90' lang='lat' dir='ltr'>huic</span> <span class='ocrx_word' id='word_1_311' title='bbox 2176 2655 2365 2717; x_wconf 89' lang='lat' dir='ltr'>matri</span> <span class='ocrx_word' id='word_1_312' title='bbox 2424 2674 2575 2731; x_wconf 85' lang='lat' dir='ltr'>suae,</span> <span class='ocrx_word' id='word_1_313' title='bbox 2626 2655 2686 2717; x_wconf 92' lang='lat' dir='ltr'>id</span> <span class='ocrx_word' id='word_1_314' title='bbox 2738 2664 2832 2718; x_wconf 89' lang='lat' dir='ltr'>est</span> <span class='ocrx_word' id='word_1_315' title='bbox 2879 2656 2958 2718; x_wconf 89' lang='lat' dir='ltr'>ad</span> <span class='ocrx_word' id='word_1_316' title='bbox 3004 2658 3459 2739; x_wconf 88' lang='lat' dir='ltr'>patrocinium,</span> 
     </span>
     <span class='ocr_line' id='line_1_49' title="bbox 1968 2751 3465 2837; baseline 0.003 -22"><span class='ocrx_word' id='word_1_317' title='bbox 1968 2751 2430 2831; x_wconf 80' lang='lat' dir='ltr'>defensionem,</span> <span class='ocrx_word' id='word_1_318' title='bbox 2464 2754 2988 2833; x_wconf 84' lang='lat' dir='ltr'>consolationem,</span> <span class='ocrx_word' id='word_1_319' title='bbox 3015 2755 3369 2837; x_wconf 88' lang='lat' dir='ltr'>profectum</span> <span class='ocrx_word' id='word_1_320' title='bbox 3401 2766 3465 2821; x_wconf 88' lang='lat' dir='ltr'>et</span> 
     </span>
     <span class='ocr_line' id='line_1_50' title="bbox 1969 2851 3462 2933; baseline 0.005 -21"><span class='ocrx_word' id='word_1_321' title='bbox 1969 2851 2238 2913; x_wconf 87' lang='lat' dir='ltr'>salutem</span> <span class='ocrx_word' id='word_1_322' title='bbox 2284 2852 2477 2933; x_wconf 89' lang='lat' dir='ltr'>hujus</span> <span class='ocrx_word' id='word_1_323' title='bbox 2517 2853 2739 2914; x_wconf 90' lang='lat' dir='ltr'>matris</span> <span class='ocrx_word' id='word_1_324' title='bbox 2790 2873 2941 2931; x_wconf 79' lang='lat' dir='ltr'>suae,</span> <span class='ocrx_word' id='word_1_325' title='bbox 2977 2854 3177 2917; x_wconf 87' lang='lat' dir='ltr'>electa</span> <span class='ocrx_word' id='word_1_326' title='bbox 3219 2864 3315 2917; x_wconf 90' lang='lat' dir='ltr'>est</span> <span class='ocrx_word' id='word_1_327' title='bbox 3355 2856 3462 2919; x_wconf 91' lang='lat' dir='ltr'>de-</span> 
     </span>
     <span class='ocr_line' id='line_1_51' title="bbox 1967 2950 3459 3033; baseline 0.003 -22"><span class='ocrx_word' id='word_1_328' title='bbox 1967 2967 2159 3031; x_wconf 90' lang='lat' dir='ltr'>super</span> <span class='ocrx_word' id='word_1_329' title='bbox 2190 2968 2327 3013; x_wconf 88' lang='lat' dir='ltr'>esse</span> <span class='ocrx_word' id='word_1_330' title='bbox 2356 2958 2557 3011; x_wconf 88' lang='lat' dir='ltr'>mater</span> <span class='ocrx_word' id='word_1_331' title='bbox 2586 2950 2840 3027; x_wconf 88' lang='lat' dir='ltr'>Christi,</span> <span class='ocrx_word' id='word_1_332' title='bbox 2876 2952 3178 3015; x_wconf 87' lang='lat' dir='ltr'>advocata</span> <span class='ocrx_word' id='word_1_333' title='bbox 3206 2954 3459 3033; x_wconf 87' lang='lat' dir='ltr'>generis</span> 
     </span>
    </p>
   </div>
   <div class='ocr_carea' id='block_1_14' title="bbox 359 3046 3459 3128">
    <p class='ocr_par' dir='ltr' id='par_1_14' title="bbox 359 3046 3459 3128">
     <span class='ocr_line' id='line_1_52' title="bbox 359 3046 3459 3128; baseline 0.001 -18"><span class='ocrx_word' id='word_1_334' title='bbox 359 3054 523 3123; x_wconf 81' lang='lat' dir='ltr'>cato,</span> <span class='ocrx_word' id='word_1_335' title='bbox 557 3054 622 3108; x_wconf 89' lang='lat' dir='ltr'>et</span> <span class='ocrx_word' id='word_1_336' title='bbox 651 3054 952 3110; x_wconf 86' lang='lat' dir='ltr'>converte</span> <span class='ocrx_word' id='word_1_337' title='bbox 978 3046 1122 3109; x_wconf 93' lang='lat' dir='ltr'>illos</span> <span class='ocrx_word' id='word_1_338' title='bbox 1153 3046 1234 3108; x_wconf 88' lang='lat' dir='ltr'>ad</span> <span class='ocrx_word' id='word_1_339' title='bbox 1276 3046 1542 3109; x_wconf 89' lang='lat' dir='ltr'>miseros</span> <span class='ocrx_word' id='word_1_340' title='bbox 1575 3047 1860 3109; x_wconf 87' lang='lat' dir='ltr'>exsulan-</span> <span class='ocrx_word' id='word_1_341' title='bbox 1891 3047 1938 3111; x_wconf 88' lang='lat' dir='ltr'>C</span> <span class='ocrx_word' id='word_1_342' title='bbox 1966 3048 2253 3125; x_wconf 88' lang='lat' dir='ltr'>humani,</span> <span class='ocrx_word' id='word_1_343' title='bbox 2304 3048 2621 3128; x_wconf 86' lang='lat' dir='ltr'>refugium</span> <span class='ocrx_word' id='word_1_344' title='bbox 2670 3050 3070 3128; x_wconf 90' lang='lat' dir='ltr'>miserorum,</span> <span class='ocrx_word' id='word_1_345' title='bbox 3123 3051 3459 3115; x_wconf 87' lang='lat' dir='ltr'>mediatrix</span> 
     </span>
    </p>
   </div>
   <div class='ocr_carea' id='block_1_15' title="bbox 357 3144 1859 4212">
    <p class='ocr_par' dir='ltr' id='par_1_15' title="bbox 357 3144 1859 3900">
     <span class='ocr_line' id='line_1_53' title="bbox 361 3144 1859 3221; baseline 0.001 -13"><span class='ocrx_word' id='word_1_346' title='bbox 361 3153 476 3221; x_wconf 81' lang='lat' dir='ltr'>teS‚</span> <span class='ocrx_word' id='word_1_347' title='bbox 529 3144 611 3206; x_wconf 94' lang='lat' dir='ltr'>ad</span> <span class='ocrx_word' id='word_1_348' title='bbox 665 3153 726 3207; x_wconf 84' lang='lat' dir='ltr'>te</span> <span class='ocrx_word' id='word_1_349' title='bbox 786 3144 1280 3208; x_wconf 89' lang='lat' dir='ltr'>lamentabiliter</span> <span class='ocrx_word' id='word_1_350' title='bbox 1327 3165 1400 3208; x_wconf 90' lang='lat' dir='ltr'>ac</span> <span class='ocrx_word' id='word_1_351' title='bbox 1451 3146 1859 3209; x_wconf 86' lang='lat' dir='ltr'>devotissime</span> 
     </span>
     <span class='ocr_line' id='line_1_54' title="bbox 359 3243 1851 3323; baseline -0.001 -16"><span class='ocrx_word' id='word_1_352' title='bbox 359 3244 832 3307; x_wconf 88' lang='lat' dir='ltr'>conclamantes</span> <span class='ocrx_word' id='word_1_353' title='bbox 867 3261 882 3304; x_wconf 90' lang='lat'><strong>:</strong></span> <span class='ocrx_word' id='word_1_354' title='bbox 916 3243 1028 3305; x_wconf 91' lang='lat' dir='ltr'>Eia</span> <span class='ocrx_word' id='word_1_355' title='bbox 1057 3261 1228 3323; x_wconf 86' lang='lat' dir='ltr'>ergo,</span> <span class='ocrx_word' id='word_1_356' title='bbox 1262 3245 1584 3307; x_wconf 88' lang='lat' dir='ltr'>Advocata</span> <span class='ocrx_word' id='word_1_357' title='bbox 1616 3253 1851 3321; x_wconf 86' lang='lat' dir='ltr'>nostra,</span> 
     </span>
     <span class='ocr_line' id='line_1_55' title="bbox 359 3341 1857 3407; baseline 0 -2"><span class='ocrx_word' id='word_1_358' title='bbox 359 3344 504 3407; x_wconf 92' lang='lat' dir='ltr'>illos</span> <span class='ocrx_word' id='word_1_359' title='bbox 538 3352 680 3405; x_wconf 92' lang='lat' dir='ltr'>tuos</span> <span class='ocrx_word' id='word_1_360' title='bbox 712 3342 1156 3405; x_wconf 87' lang='lat' dir='ltr'>misericordes</span> <span class='ocrx_word' id='word_1_361' title='bbox 1186 3341 1404 3405; x_wconf 88' lang='lat' dir='ltr'>oculos</span> <span class='ocrx_word' id='word_1_362' title='bbox 1442 3344 1522 3405; x_wconf 92' lang='lat' dir='ltr'>ad</span> <span class='ocrx_word' id='word_1_363' title='bbox 1562 3362 1676 3407; x_wconf 93' lang='lat' dir='ltr'>nos</span> <span class='ocrx_word' id='word_1_364' title='bbox 1707 3362 1857 3407; x_wconf 90' lang='lat' dir='ltr'>con-</span> 
     </span>
     <span class='ocr_line' id='line_1_56' title="bbox 358 3443 1851 3521; baseline 0 -16"><span class='ocrx_word' id='word_1_365' title='bbox 358 3452 558 3505; x_wconf 81' lang='lat' dir='ltr'>verte.</span> <span class='ocrx_word' id='word_1_366' title='bbox 613 3444 757 3521; x_wconf 81' lang='lat' dir='ltr'>Ipsi</span> <span class='ocrx_word' id='word_1_367' title='bbox 803 3462 900 3501; x_wconf 82' lang='lat' dir='ltr'>me</span> <span class='ocrx_word' id='word_1_368' title='bbox 951 3446 1211 3502; x_wconf 83' lang='lat' dir='ltr'>avolare</span> <span class='ocrx_word' id='word_1_369' title='bbox 1255 3445 1573 3521; x_wconf 76' lang='lat' dir='ltr'>fecerunt,</span> <span class='ocrx_word' id='word_1_370' title='bbox 1623 3443 1687 3505; x_wconf 85' lang='lat' dir='ltr'>id</span> <span class='ocrx_word' id='word_1_371' title='bbox 1735 3451 1851 3521; x_wconf 87' lang='lat' dir='ltr'>est,</span> 
     </span>
     <span class='ocr_line' id='line_1_57' title="bbox 357 3540 1858 3623; baseline 0 -20"><span class='ocrx_word' id='word_1_372' title='bbox 357 3540 634 3623; x_wconf 90' lang='lat' dir='ltr'>piissimi</span> <span class='ocrx_word' id='word_1_373' title='bbox 680 3541 769 3602; x_wconf 88' lang='lat' dir='ltr'>tui</span> <span class='ocrx_word' id='word_1_374' title='bbox 803 3548 1127 3622; x_wconf 88' lang='lat' dir='ltr'>respectus</span> <span class='ocrx_word' id='word_1_375' title='bbox 1169 3548 1232 3603; x_wconf 89' lang='lat' dir='ltr'>et</span> <span class='ocrx_word' id='word_1_376' title='bbox 1272 3540 1627 3604; x_wconf 89' lang='lat' dir='ltr'>columbini</span> <span class='ocrx_word' id='word_1_377' title='bbox 1665 3541 1858 3603; x_wconf 91' lang='lat' dir='ltr'>intui-</span> 
     </span>
     <span class='ocr_line' id='line_1_58' title="bbox 359 3637 1858 3720; baseline 0.001 -19"><span class='ocrx_word' id='word_1_378' title='bbox 359 3649 472 3713; x_wconf 78' lang='grc' dir='ltr'>ωε,</span> <span class='ocrx_word' id='word_1_379' title='bbox 497 3637 1112 3720; x_wconf 87' lang='lat' dir='ltr'>contemplativique</span> <span class='ocrx_word' id='word_1_380' title='bbox 1141 3638 1311 3702; x_wconf 89' lang='lat' dir='ltr'>oculi</span> <span class='ocrx_word' id='word_1_381' title='bbox 1347 3638 1437 3700; x_wconf 91' lang='lat' dir='ltr'>tui</span> <span class='ocrx_word' id='word_1_382' title='bbox 1468 3646 1858 3702; x_wconf 86' lang='lat' dir='ltr'>attraxerunt</span> 
     </span>
     <span class='ocr_line' id='line_1_59' title="bbox 357 3737 1854 3817; baseline -0.001 -16"><span class='ocrx_word' id='word_1_383' title='bbox 357 3756 460 3800; x_wconf 91' lang='lat' dir='ltr'>me</span> <span class='ocrx_word' id='word_1_384' title='bbox 491 3739 573 3801; x_wconf 90' lang='lat' dir='ltr'>de</span> <span class='ocrx_word' id='word_1_385' title='bbox 604 3738 751 3799; x_wconf 90' lang='lat' dir='ltr'>sinu</span> <span class='ocrx_word' id='word_1_386' title='bbox 782 3737 982 3799; x_wconf 90' lang='lat' dir='ltr'>Patris</span> <span class='ocrx_word' id='word_1_387' title='bbox 1022 3737 1086 3799; x_wconf 92' lang='lat' dir='ltr'>in</span> <span class='ocrx_word' id='word_1_388' title='bbox 1134 3737 1447 3817; x_wconf 84' lang='lat' dir='ltr'>gremium</span> <span class='ocrx_word' id='word_1_389' title='bbox 1477 3738 1724 3801; x_wconf 88' lang='lat' dir='ltr'>ventris</span> <span class='ocrx_word' id='word_1_390' title='bbox 1761 3738 1854 3800; x_wconf 86' lang='lat' dir='ltr'>tui</span> 
     </span>
     <span class='ocr_line' id='line_1_60' title="bbox 359 3836 731 3900; baseline -0.008 0"><span class='ocrx_word' id='word_1_391' title='bbox 359 3856 430 3900; x_wconf 88' lang='lat' dir='ltr'>ac</span> <span class='ocrx_word' id='word_1_392' title='bbox 469 3836 731 3899; x_wconf 89' lang='lat' dir='ltr'>mentis.</span> 
     </span>
    </p>

    <p class='ocr_par' dir='ltr' id='par_1_16' title="bbox 357 3936 1853 4212">
     <span class='ocr_line' id='line_1_61' title="bbox 442 3936 1846 4013; baseline 0.002 -17"><span class='ocrx_word' id='word_1_393' title='bbox 442 3936 690 4011; x_wconf 69' lang='lat' dir='ltr'>Gap-icti</span> <span class='ocrx_word' id='word_1_394' title='bbox 741 3937 841 3996; x_wconf 80' lang='lat' dir='ltr'>lui</span> <span class='ocrx_word' id='word_1_395' title='bbox 885 3937 1057 3996; x_wconf 75' lang='lat' dir='ltr'>sicut</span> <span class='ocrx_word' id='word_1_396' title='bbox 1091 3955 1254 4012; x_wconf 73' lang='lat' dir='ltr'>yreoe</span> <span class='ocrx_word' id='word_1_397' title='bbox 1298 3954 1675 4013; x_wconf 81' lang='lat' dir='ltr'>caprarum,</span> <span class='ocrx_word' id='word_1_398' title='bbox 1728 3945 1846 3999; x_wconf 84' lang='lat' dir='ltr'>etc.</span> 
     </span>
     <span class='ocr_line' id='line_1_62' title="bbox 359 4030 1853 4115; baseline 0 -20"><span class='ocrx_word' id='word_1_399' title='bbox 359 4033 528 4095; x_wconf 91' lang='lat' dir='ltr'>Istud</span> <span class='ocrx_word' id='word_1_400' title='bbox 561 4050 756 4114; x_wconf 90' lang='lat' dir='ltr'>supra</span> <span class='ocrx_word' id='word_1_401' title='bbox 796 4032 862 4093; x_wconf 93' lang='lat' dir='ltr'>in</span> <span class='ocrx_word' id='word_1_402' title='bbox 892 4030 1319 4095; x_wconf 89' lang='lat' dir='ltr'>elucidatione</span> <span class='ocrx_word' id='word_1_403' title='bbox 1348 4033 1615 4115; x_wconf 91' lang='lat' dir='ltr'>capituli</span> <span class='ocrx_word' id='word_1_404' title='bbox 1644 4034 1853 4115; x_wconf 88' lang='lat' dir='ltr'>quarti</span> 
     </span>
     <span class='ocr_line' id='line_1_63' title="bbox 357 4129 880 4212; baseline -0.004 -19"><span class='ocrx_word' id='word_1_405' title='bbox 357 4129 720 4212; x_wconf 83' lang='lat' dir='ltr'>expositum</span> <span class='ocrx_word' id='word_1_406' title='bbox 761 4138 880 4193; x_wconf 89' lang='lat' dir='ltr'>est.</span> 
     </span>
    </p>
   </div>
   <div class='ocr_carea' id='block_1_16' title="bbox 1960 3146 3459 4214">
    <p class='ocr_par' dir='ltr' id='par_1_17' title="bbox 1967 3146 2594 3210">
     <span class='ocr_line' id='line_1_64' title="bbox 1967 3146 2594 3210; baseline 0 -2"><span class='ocrx_word' id='word_1_407' title='bbox 1967 3146 2072 3209; x_wconf 88' lang='lat' dir='ltr'>Dei</span> <span class='ocrx_word' id='word_1_408' title='bbox 2118 3166 2192 3210; x_wconf 89' lang='lat' dir='ltr'>ac</span> <span class='ocrx_word' id='word_1_409' title='bbox 2235 3146 2594 3209; x_wconf 89' lang='lat' dir='ltr'>hominum.</span> 
     </span>
    </p>

    <p class='ocr_par' dir='ltr' id='par_1_18' title="bbox 1960 3247 3459 4214">
     <span class='ocr_line' id='line_1_65' title="bbox 2038 3247 3459 3327; baseline 0.004 -20"><span class='ocrx_word' id='word_1_410' title='bbox 2038 3248 2352 3307; x_wconf 76' lang='lat' dir='ltr'>Viderunt</span> <span class='ocrx_word' id='word_1_411' title='bbox 2378 3266 2521 3307; x_wconf 85' lang='lat' dir='ltr'>eam</span> <span class='ocrx_word' id='word_1_412' title='bbox 2548 3247 2724 3323; x_wconf 77' lang='lat' dir='ltr'>filioe,</span> <span class='ocrx_word' id='word_1_413' title='bbox 2747 3256 2806 3307; x_wconf 82' lang='lat' dir='ltr'>et</span> <span class='ocrx_word' id='word_1_414' title='bbox 2836 3248 3268 3310; x_wconf 77' lang='lat' dir='ltr'>beatissimam</span> <span class='ocrx_word' id='word_1_415' title='bbox 3296 3270 3459 3327; x_wconf 79' lang='lat' dir='ltr'>pra·-</span> 
     </span>
     <span class='ocr_line' id='line_1_66' title="bbox 1963 3346 3451 3421; baseline 0.004 -18"><span class='ocrx_word' id='word_1_416' title='bbox 1963 3346 2349 3406; x_wconf 75' lang='lat' dir='ltr'>dicaverunc</span> <span class='ocrx_word' id='word_1_417' title='bbox 2396 3347 2659 3421; x_wconf 72' lang='lat' dir='ltr'>reyt‘noe‚</span> <span class='ocrx_word' id='word_1_418' title='bbox 2698 3354 2758 3405; x_wconf 78' lang='lat' dir='ltr'>ec</span> <span class='ocrx_word' id='word_1_419' title='bbox 2806 3348 3173 3409; x_wconf 69' lang='lat' dir='ltr'>concubium</span> <span class='ocrx_word' id='word_1_420' title='bbox 3222 3352 3451 3409; x_wconf 80' lang='lat' dir='ltr'>lauda-</span> 
     </span>
     <span class='ocr_line' id='line_1_67' title="bbox 1967 3442 3455 3509; baseline 0.005 -8"><span class='ocrx_word' id='word_1_421' title='bbox 1967 3452 2199 3503; x_wconf 78' lang='lat' dir='ltr'>verunt</span> <span class='ocrx_word' id='word_1_422' title='bbox 2235 3463 2400 3503; x_wconf 84' lang='lat' dir='ltr'>eam.</span> <span class='ocrx_word' id='word_1_423' title='bbox 2424 3442 2653 3506; x_wconf 87' lang='lat' dir='ltr'>Omnes</span> <span class='ocrx_word' id='word_1_424' title='bbox 2686 3443 2855 3505; x_wconf 90' lang='lat' dir='ltr'>enim</span> <span class='ocrx_word' id='word_1_425' title='bbox 2901 3444 3239 3508; x_wconf 87' lang='lat' dir='ltr'>rationales</span> <span class='ocrx_word' id='word_1_426' title='bbox 3270 3455 3332 3509; x_wconf 88' lang='lat' dir='ltr'>et</span> <span class='ocrx_word' id='word_1_427' title='bbox 3365 3447 3455 3509; x_wconf 91' lang='lat' dir='ltr'>in-</span> 
     </span>
     <span class='ocr_line' id='line_1_68' title="bbox 1966 3540 3453 3626; baseline 0.005 -25"><span class='ocrx_word' id='word_1_428' title='bbox 1966 3540 2355 3603; x_wconf 89' lang='lat' dir='ltr'>tellectuales</span> <span class='ocrx_word' id='word_1_429' title='bbox 2403 3550 2727 3617; x_wconf 65' lang='lat' dir='ltr'>creatum,</span> <span class='ocrx_word' id='word_1_430' title='bbox 2782 3544 2907 3606; x_wconf 90' lang='lat' dir='ltr'>Deo</span> <span class='ocrx_word' id='word_1_431' title='bbox 2966 3563 3078 3626; x_wconf 88' lang='lat' dir='ltr'>per</span> <span class='ocrx_word' id='word_1_432' title='bbox 3124 3545 3453 3608; x_wconf 88' lang='lat' dir='ltr'>caritatem</span> 
     </span>
     <span class='ocr_line' id='line_1_69' title="bbox 1964 3639 3457 3724; baseline 0.003 -23"><span class='ocrx_word' id='word_1_433' title='bbox 1964 3639 2343 3720; x_wconf 84' lang='lat' dir='ltr'>conjunctae,</span> <span class='ocrx_word' id='word_1_434' title='bbox 2380 3648 2505 3701; x_wconf 92' lang='lat' dir='ltr'>tam</span> <span class='ocrx_word' id='word_1_435' title='bbox 2549 3640 2615 3701; x_wconf 93' lang='lat' dir='ltr'>in</span> <span class='ocrx_word' id='word_1_436' title='bbox 2654 3640 2954 3703; x_wconf 90' lang='lat' dir='ltr'>militanti</span> <span class='ocrx_word' id='word_1_437' title='bbox 2998 3662 3189 3724; x_wconf 91' lang='lat' dir='ltr'>quam</span> <span class='ocrx_word' id='word_1_438' title='bbox 3243 3644 3306 3706; x_wconf 90' lang='lat' dir='ltr'>in</span> <span class='ocrx_word' id='word_1_439' title='bbox 3356 3645 3457 3706; x_wconf 90' lang='lat' dir='ltr'>tri-</span> 
     </span>
     <span class='ocr_line' id='line_1_70' title="bbox 1966 3737 3453 3820; baseline 0.005 -21"><span class='ocrx_word' id='word_1_440' title='bbox 1966 3737 2300 3820; x_wconf 89' lang='lat' dir='ltr'>umphanti</span> <span class='ocrx_word' id='word_1_441' title='bbox 2356 3738 2658 3815; x_wconf 88' lang='lat' dir='ltr'>Ecclesia,</span> <span class='ocrx_word' id='word_1_442' title='bbox 2710 3741 3199 3804; x_wconf 89' lang='lat' dir='ltr'>sacratissimam</span> <span class='ocrx_word' id='word_1_443' title='bbox 3267 3743 3453 3806; x_wconf 88' lang='lat' dir='ltr'>istam</span> 
     </span>
     <span class='ocr_line' id='line_1_71' title="bbox 1963 3835 3455 3924; baseline 0.005 -27"><span class='ocrx_word' id='word_1_444' title='bbox 1963 3844 2074 3898; x_wconf 91' lang='lat' dir='ltr'>aut</span> <span class='ocrx_word' id='word_1_445' title='bbox 2127 3835 2495 3918; x_wconf 85' lang='lat' dir='ltr'>frequenter</span> <span class='ocrx_word' id='word_1_446' title='bbox 2547 3845 2657 3900; x_wconf 87' lang='lat' dir='ltr'>aut</span> <span class='ocrx_word' id='word_1_447' title='bbox 2701 3838 3137 3903; x_wconf 88' lang='lat' dir='ltr'>indesinenter</span> <span class='ocrx_word' id='word_1_448' title='bbox 3188 3841 3455 3924; x_wconf 89' lang='lat' dir='ltr'>adspici-</span> 
     </span>
     <span class='ocr_line' id='line_1_72' title="bbox 1962 3933 3447 4015; baseline 0.005 -19"><span class='ocrx_word' id='word_1_449' title='bbox 1962 3943 2100 4010; x_wconf 89' lang='lat' dir='ltr'>unt,</span> <span class='ocrx_word' id='word_1_450' title='bbox 2143 3933 2583 4015; x_wconf 83' lang='lat' dir='ltr'>magnificant,</span> <span class='ocrx_word' id='word_1_451' title='bbox 2625 3936 2907 4011; x_wconf 87' lang='lat' dir='ltr'>laudant,</span> <span class='ocrx_word' id='word_1_452' title='bbox 2941 3948 3069 4001; x_wconf 89' lang='lat' dir='ltr'>tam</span> <span class='ocrx_word' id='word_1_453' title='bbox 3108 3939 3447 4003; x_wconf 86' lang='lat' dir='ltr'>inferiores</span> 
     </span>
     <span class='ocr_line' id='line_1_73' title="bbox 1961 4032 3453 4118; baseline 0.005 -24"><span class='ocrx_word' id='word_1_454' title='bbox 1961 4051 2153 4113; x_wconf 88' lang='lat' dir='ltr'>quam</span> <span class='ocrx_word' id='word_1_455' title='bbox 2176 4032 2535 4114; x_wconf 88' lang='lat' dir='ltr'>superiores</span> <span class='ocrx_word' id='word_1_456' title='bbox 2565 4053 2639 4097; x_wconf 87' lang='lat' dir='ltr'>ac</span> <span class='ocrx_word' id='word_1_457' title='bbox 2668 4035 2908 4099; x_wconf 83' lang='lat' dir='ltr'>mediae.</span> <span class='ocrx_word' id='word_1_458' title='bbox 2936 4036 3010 4100; x_wconf 90' lang='lat' dir='ltr'>Et</span> <span class='ocrx_word' id='word_1_459' title='bbox 3032 4046 3269 4118; x_wconf 89' lang='lat' dir='ltr'>quanto</span> <span class='ocrx_word' id='word_1_460' title='bbox 3300 4046 3453 4101; x_wconf 89' lang='lat' dir='ltr'>sunt</span> 
     </span>
     <span class='ocr_line' id='line_1_74' title="bbox 1960 4131 3448 4214; baseline 0.003 -20"><span class='ocrx_word' id='word_1_461' title='bbox 1960 4131 2413 4194; x_wconf 90' lang='lat' dir='ltr'>eminentiores</span> <span class='ocrx_word' id='word_1_462' title='bbox 2457 4149 2532 4194; x_wconf 90' lang='lat' dir='ltr'>ac</span> <span class='ocrx_word' id='word_1_463' title='bbox 2575 4132 2775 4214; x_wconf 86' lang='lat' dir='ltr'>magis</span> <span class='ocrx_word' id='word_1_464' title='bbox 2819 4134 3219 4213; x_wconf 64' lang='lat' dir='ltr'>illuminatas,</span> <span class='ocrx_word' id='word_1_465' title='bbox 3272 4145 3448 4200; x_wconf 89' lang='lat' dir='ltr'>tanto</span> 
     </span>
    </p>
   </div>
   <div class='ocr_carea' id='block_1_17' title="bbox 455 4228 3453 4313">
    <p class='ocr_par' dir='ltr' id='par_1_19' title="bbox 455 4228 3453 4313">
     <span class='ocr_line' id='line_1_75' title="bbox 455 4228 3453 4313; baseline 0.003 -23"><span class='ocrx_word' id='word_1_466' title='bbox 455 4231 825 4306; x_wconf 73' lang='lat' dir='ltr'>Seoeaqinca</span> <span class='ocrx_word' id='word_1_467' title='bbox 871 4238 1026 4289; x_wconf 77' lang='lat' dir='ltr'>sunt</span> <span class='ocrx_word' id='word_1_468' title='bbox 1068 4231 1333 4306; x_wconf 73' lang='lat' dir='ltr'>reyinae,</span> <span class='ocrx_word' id='word_1_469' title='bbox 1384 4238 1505 4292; x_wconf 88' lang='lat' dir='ltr'>etc.</span> <span class='ocrx_word' id='word_1_470' title='bbox 1570 4234 1711 4292; x_wconf 82' lang='lat' dir='ltr'>Una</span> <span class='ocrx_word' id='word_1_471' title='bbox 1765 4242 1854 4293; x_wconf 74' lang='lat' dir='ltr'>est</span> <span class='ocrx_word' id='word_1_472' title='bbox 1884 4236 1934 4299; x_wconf 92' lang='lat' dir='ltr'>D</span> <span class='ocrx_word' id='word_1_473' title='bbox 1962 4228 2347 4312; x_wconf 83' lang='lat' dir='ltr'>profundius</span> <span class='ocrx_word' id='word_1_474' title='bbox 2392 4237 2585 4310; x_wconf 89' lang='lat' dir='ltr'>atque</span> <span class='ocrx_word' id='word_1_475' title='bbox 2625 4230 2959 4313; x_wconf 91' lang='lat' dir='ltr'>limpidius</span> <span class='ocrx_word' id='word_1_476' title='bbox 3012 4232 3341 4297; x_wconf 89' lang='lat' dir='ltr'>intuentur</span> <span class='ocrx_word' id='word_1_477' title='bbox 3389 4245 3453 4297; x_wconf 89' lang='lat' dir='ltr'>et</span> 
     </span>
    </p>
   </div>
   <div class='ocr_carea' id='block_1_18' title="bbox 351 4327 1857 5390">
    <p class='ocr_par' dir='ltr' id='par_1_20' title="bbox 351 4327 1857 5390">
     <span class='ocr_line' id='line_1_76' title="bbox 356 4327 1854 4412; baseline 0.003 -25"><span class='ocrx_word' id='word_1_478' title='bbox 356 4329 654 4388; x_wconf 79' lang='lat' dir='ltr'>columba</span> <span class='ocrx_word' id='word_1_479' title='bbox 687 4347 846 4397; x_wconf 83' lang='lat' dir='ltr'>mea,</span> <span class='ocrx_word' id='word_1_480' title='bbox 871 4330 1164 4407; x_wconf 79' lang='lat' dir='ltr'>perfecta</span> <span class='ocrx_word' id='word_1_481' title='bbox 1192 4346 1332 4389; x_wconf 84' lang='lat' dir='ltr'>mea</span> <span class='ocrx_word' id='word_1_482' title='bbox 1364 4349 1387 4387; x_wconf 92' lang='lat'>.·</span> <span class='ocrx_word' id='word_1_483' title='bbox 1417 4327 1479 4390; x_wconf 93' lang='lat' dir='ltr'>id</span> <span class='ocrx_word' id='word_1_484' title='bbox 1511 4337 1627 4405; x_wconf 86' lang='lat' dir='ltr'>est,</span> <span class='ocrx_word' id='word_1_485' title='bbox 1654 4348 1854 4412; x_wconf 85' lang='lat' dir='ltr'>quan-</span> 
     </span>
     <span class='ocr_line' id='line_1_77' title="bbox 356 4423 1855 4510; baseline 0.001 -23"><span class='ocrx_word' id='word_1_486' title='bbox 356 4423 659 4488; x_wconf 90' lang='lat' dir='ltr'>tumlibet</span> <span class='ocrx_word' id='word_1_487' title='bbox 689 4424 830 4487; x_wconf 81' lang='lat' dir='ltr'>aliae</span> <span class='ocrx_word' id='word_1_488' title='bbox 859 4425 1092 4488; x_wconf 80' lang='lat' dir='ltr'>animae</span> <span class='ocrx_word' id='word_1_489' title='bbox 1120 4425 1440 4502; x_wconf 81' lang='lat' dir='ltr'>virtuosae,</span> <span class='ocrx_word' id='word_1_490' title='bbox 1465 4426 1855 4510; x_wconf 91' lang='lat' dir='ltr'>contempla-</span> 
     </span>
     <span class='ocr_line' id='line_1_78' title="bbox 353 4522 1854 4606; baseline 0.003 -20"><span class='ocrx_word' id='word_1_491' title='bbox 353 4524 524 4600; x_wconf 80' lang='lat' dir='ltr'>tivae,</span> <span class='ocrx_word' id='word_1_492' title='bbox 573 4523 844 4603; x_wconf 84' lang='lat' dir='ltr'>pudicae,</span> <span class='ocrx_word' id='word_1_493' title='bbox 897 4522 1198 4587; x_wconf 86' lang='lat' dir='ltr'>dicuntur</span> <span class='ocrx_word' id='word_1_494' title='bbox 1241 4524 1661 4606; x_wconf 87' lang='lat' dir='ltr'>spiritualiter</span> <span class='ocrx_word' id='word_1_495' title='bbox 1714 4546 1854 4590; x_wconf 88' lang='lat' dir='ltr'>esse</span> 
     </span>
     <span class='ocr_line' id='line_1_79' title="bbox 355 4621 1854 4705; baseline 0.003 -23"><span class='ocrx_word' id='word_1_496' title='bbox 355 4621 546 4701; x_wconf 70' lang='lat' dir='ltr'>regiae</span> <span class='ocrx_word' id='word_1_497' title='bbox 591 4621 896 4702; x_wconf 84' lang='lat' dir='ltr'>conjuges</span> <span class='ocrx_word' id='word_1_498' title='bbox 945 4640 1123 4698; x_wconf 81' lang='lat' dir='ltr'>meae,</span> <span class='ocrx_word' id='word_1_499' title='bbox 1171 4631 1283 4684; x_wconf 89' lang='lat' dir='ltr'>aut</span> <span class='ocrx_word' id='word_1_500' title='bbox 1324 4623 1722 4705; x_wconf 88' lang='lat' dir='ltr'>adspirantes</span> <span class='ocrx_word' id='word_1_501' title='bbox 1774 4626 1854 4687; x_wconf 90' lang='lat' dir='ltr'>ad</span> 
     </span>
     <span class='ocr_line' id='line_1_80' title="bbox 351 4719 1856 4802; baseline 0.003 -19"><span class='ocrx_word' id='word_1_502' title='bbox 351 4720 716 4802; x_wconf 87' lang='lat' dir='ltr'>perfectum</span> <span class='ocrx_word' id='word_1_503' title='bbox 757 4719 1155 4801; x_wconf 82' lang='lat' dir='ltr'>amplexum3</span> <span class='ocrx_word' id='word_1_504' title='bbox 1193 4728 1366 4783; x_wconf 89' lang='lat' dir='ltr'>tanta</span> <span class='ocrx_word' id='word_1_505' title='bbox 1406 4730 1639 4796; x_wconf 89' lang='lat' dir='ltr'>tamen,</span> <span class='ocrx_word' id='word_1_506' title='bbox 1675 4742 1714 4787; x_wconf 93' lang='lat' dir='ltr'>o</span> <span class='ocrx_word' id='word_1_507' title='bbox 1754 4723 1856 4787; x_wconf 89' lang='lat' dir='ltr'>be-</span> 
     </span>
     <span class='ocr_line' id='line_1_81' title="bbox 356 4817 1857 4895; baseline 0.003 -15"><span class='ocrx_word' id='word_1_508' title='bbox 356 4817 798 4881; x_wconf 86' lang='lat' dir='ltr'>nedictissima</span> <span class='ocrx_word' id='word_1_509' title='bbox 855 4818 1085 4879; x_wconf 87' lang='lat' dir='ltr'>Parens</span> <span class='ocrx_word' id='word_1_510' title='bbox 1133 4837 1296 4895; x_wconf 91' lang='lat' dir='ltr'>mea,</span> <span class='ocrx_word' id='word_1_511' title='bbox 1357 4828 1452 4882; x_wconf 89' lang='lat' dir='ltr'>est</span> <span class='ocrx_word' id='word_1_512' title='bbox 1509 4821 1857 4886; x_wconf 88' lang='lat' dir='ltr'>eminentia</span> 
     </span>
     <span class='ocr_line' id='line_1_82' title="bbox 354 4914 1857 4997; baseline 0.004 -20"><span class='ocrx_word' id='word_1_513' title='bbox 354 4924 464 4977; x_wconf 91' lang='lat' dir='ltr'>tua</span> <span class='ocrx_word' id='word_1_514' title='bbox 498 4915 564 4977; x_wconf 91' lang='lat' dir='ltr'>in</span> <span class='ocrx_word' id='word_1_515' title='bbox 608 4914 785 4977; x_wconf 90' lang='lat' dir='ltr'>omni</span> <span class='ocrx_word' id='word_1_516' title='bbox 818 4914 1078 4992; x_wconf 86' lang='lat' dir='ltr'>virtute,</span> <span class='ocrx_word' id='word_1_517' title='bbox 1105 4915 1328 4993; x_wconf 89' lang='lat' dir='ltr'>salute,</span> <span class='ocrx_word' id='word_1_518' title='bbox 1369 4915 1764 4997; x_wconf 83' lang='lat' dir='ltr'>perfectione</span> <span class='ocrx_word' id='word_1_519' title='bbox 1793 4928 1857 4983; x_wconf 88' lang='lat' dir='ltr'>et</span> 
     </span>
     <span class='ocr_line' id='line_1_83' title="bbox 357 5012 1856 5094; baseline 0.004 -20"><span class='ocrx_word' id='word_1_520' title='bbox 357 5012 750 5094; x_wconf 88' lang='lat' dir='ltr'>proprietate</span> <span class='ocrx_word' id='word_1_521' title='bbox 794 5012 1133 5087; x_wconf 89' lang='lat' dir='ltr'>laudanda,</span> <span class='ocrx_word' id='word_1_522' title='bbox 1177 5015 1348 5094; x_wconf 91' lang='lat' dir='ltr'>quod</span> <span class='ocrx_word' id='word_1_523' title='bbox 1392 5023 1458 5077; x_wconf 91' lang='lat' dir='ltr'>tu</span> <span class='ocrx_word' id='word_1_524' title='bbox 1508 5016 1642 5080; x_wconf 92' lang='lat' dir='ltr'>sola</span> <span class='ocrx_word' id='word_1_525' title='bbox 1691 5018 1856 5082; x_wconf 89' lang='lat' dir='ltr'>inter</span> 
     </span>
     <span class='ocr_line' id='line_1_84' title="bbox 357 5109 1857 5199; baseline 0.005 -26"><span class='ocrx_word' id='word_1_526' title='bbox 357 5109 776 5192; x_wconf 86' lang='lat' dir='ltr'>particulares</span> <span class='ocrx_word' id='word_1_527' title='bbox 807 5129 1112 5193; x_wconf 88' lang='lat' dir='ltr'>personas</span> <span class='ocrx_word' id='word_1_528' title='bbox 1143 5130 1210 5173; x_wconf 91' lang='lat' dir='ltr'>es</span> <span class='ocrx_word' id='word_1_529' title='bbox 1240 5112 1537 5176; x_wconf 92' lang='lat' dir='ltr'>columba</span> <span class='ocrx_word' id='word_1_530' title='bbox 1568 5134 1708 5178; x_wconf 89' lang='lat' dir='ltr'>mea</span> <span class='ocrx_word' id='word_1_531' title='bbox 1746 5137 1857 5199; x_wconf 91' lang='lat' dir='ltr'>pu-</span> 
     </span>
     <span class='ocr_line' id='line_1_85' title="bbox 355 5207 1857 5293; baseline 0.005 -22"><span class='ocrx_word' id='word_1_532' title='bbox 355 5208 707 5284; x_wconf 89' lang='lat' dir='ltr'>dicissima,</span> <span class='ocrx_word' id='word_1_533' title='bbox 746 5207 1222 5285; x_wconf 88' lang='lat' dir='ltr'>fecundissima,</span> <span class='ocrx_word' id='word_1_534' title='bbox 1255 5212 1495 5291; x_wconf 81' lang='lat' dir='ltr'>gemitu</span> <span class='ocrx_word' id='word_1_535' title='bbox 1540 5213 1648 5293; x_wconf 91' lang='lat' dir='ltr'>pio</span> <span class='ocrx_word' id='word_1_536' title='bbox 1685 5234 1857 5277; x_wconf 90' lang='lat' dir='ltr'>sum-</span> 
     </span>
     <span class='ocr_line' id='line_1_86' title="bbox 355 5307 1852 5390; baseline 0.005 -21"><span class='ocrx_word' id='word_1_537' title='bbox 355 5325 460 5370; x_wconf 89' lang='lat' dir='ltr'>me</span> <span class='ocrx_word' id='word_1_538' title='bbox 501 5307 745 5390; x_wconf 86' lang='lat' dir='ltr'>repleta</span> <span class='ocrx_word' id='word_1_539' title='bbox 786 5307 854 5369; x_wconf 91' lang='lat' dir='ltr'>in</span> <span class='ocrx_word' id='word_1_540' title='bbox 903 5308 1136 5372; x_wconf 82' lang='lat' dir='ltr'>saeculo</span> <span class='ocrx_word' id='word_1_541' title='bbox 1175 5310 1320 5387; x_wconf 86' lang='lat' dir='ltr'>ist0,</span> <span class='ocrx_word' id='word_1_542' title='bbox 1361 5309 1441 5373; x_wconf 90' lang='lat' dir='ltr'>ab</span> <span class='ocrx_word' id='word_1_543' title='bbox 1480 5311 1658 5375; x_wconf 93' lang='lat' dir='ltr'>omni</span> <span class='ocrx_word' id='word_1_544' title='bbox 1701 5312 1852 5377; x_wconf 86' lang='lat' dir='ltr'>felle</span> 
     </span>
    </p>
   </div>
   <div class='ocr_carea' id='block_1_19' title="bbox 1961 4328 3457 5397">
    <p class='ocr_par' dir='ltr' id='par_1_21' title="bbox 1961 4328 3457 5397">
     <span class='ocr_line' id='line_1_87' title="bbox 1961 4328 3454 4412; baseline 0.003 -20"><span class='ocrx_word' id='word_1_545' title='bbox 1961 4328 2473 4409; x_wconf 85' lang='lat' dir='ltr'>contemplantur</span> <span class='ocrx_word' id='word_1_546' title='bbox 2518 4347 2774 4393; x_wconf 89' lang='lat' dir='ltr'>omnem</span> <span class='ocrx_word' id='word_1_547' title='bbox 2820 4331 3217 4412; x_wconf 81' lang='lat' dir='ltr'>dignitatem,</span> <span class='ocrx_word' id='word_1_548' title='bbox 3251 4335 3454 4398; x_wconf 85' lang='lat' dir='ltr'>excel-</span> 
     </span>
     <span class='ocr_line' id='line_1_88' title="bbox 1962 4426 3453 4516; baseline 0.003 -26"><span class='ocrx_word' id='word_1_549' title='bbox 1962 4428 2219 4491; x_wconf 88' lang='lat' dir='ltr'>lentiam</span> <span class='ocrx_word' id='word_1_550' title='bbox 2283 4434 2345 4490; x_wconf 88' lang='lat' dir='ltr'>et</span> <span class='ocrx_word' id='word_1_551' title='bbox 2390 4426 2659 4509; x_wconf 86' lang='lat' dir='ltr'>gloriam</span> <span class='ocrx_word' id='word_1_552' title='bbox 2724 4429 3203 4509; x_wconf 61' lang='lat' dir='ltr'>gloriosissimae</span> <span class='ocrx_word' id='word_1_553' title='bbox 3251 4433 3453 4516; x_wconf 81' lang='lat' dir='ltr'>Virgi-</span> 
     </span>
     <span class='ocr_line' id='line_1_89' title="bbox 1963 4526 3449 4606; baseline 0.004 -17"><span class='ocrx_word' id='word_1_554' title='bbox 1963 4527 2076 4590; x_wconf 87' lang='lat' dir='ltr'>nis.</span> <span class='ocrx_word' id='word_1_555' title='bbox 2111 4526 2270 4588; x_wconf 86' lang='lat' dir='ltr'>Hinc</span> <span class='ocrx_word' id='word_1_556' title='bbox 2297 4526 2533 4606; x_wconf 81' lang='lat' dir='ltr'>reginae</span> <span class='ocrx_word' id='word_1_557' title='bbox 2569 4527 2871 4591; x_wconf 89' lang='lat' dir='ltr'>dicuntur</span> <span class='ocrx_word' id='word_1_558' title='bbox 2901 4548 3037 4592; x_wconf 89' lang='lat' dir='ltr'>eam</span> <span class='ocrx_word' id='word_1_559' title='bbox 3075 4549 3205 4594; x_wconf 89' lang='lat' dir='ltr'>non</span> <span class='ocrx_word' id='word_1_560' title='bbox 3245 4532 3449 4595; x_wconf 90' lang='lat' dir='ltr'>solum</span> 
     </span>
     <span class='ocr_line' id='line_1_90' title="bbox 1962 4623 3447 4709; baseline 0.003 -21"><span class='ocrx_word' id='word_1_561' title='bbox 1962 4624 2179 4689; x_wconf 84' lang='lat' dir='ltr'>videre</span> <span class='ocrx_word' id='word_1_562' title='bbox 2212 4631 2281 4686; x_wconf 92' lang='lat' dir='ltr'>ut</span> <span class='ocrx_word' id='word_1_563' title='bbox 2309 4623 2487 4699; x_wconf 83' lang='lat' dir='ltr'>filiae,</span> <span class='ocrx_word' id='word_1_564' title='bbox 2522 4633 2629 4687; x_wconf 90' lang='lat' dir='ltr'>aut</span> <span class='ocrx_word' id='word_1_565' title='bbox 2664 4625 2919 4690; x_wconf 91' lang='lat' dir='ltr'>laudare</span> <span class='ocrx_word' id='word_1_566' title='bbox 2948 4637 3016 4690; x_wconf 90' lang='lat' dir='ltr'>ut</span> <span class='ocrx_word' id='word_1_567' title='bbox 3046 4629 3447 4709; x_wconf 81' lang='lat' dir='ltr'>concubinae,</span> 
     </span>
     <span class='ocr_line' id='line_1_91' title="bbox 1963 4722 3447 4806; baseline 0.007 -22"><span class='ocrx_word' id='word_1_568' title='bbox 1963 4723 2074 4786; x_wconf 87' lang='lat' dir='ltr'>sed</span> <span class='ocrx_word' id='word_1_569' title='bbox 2123 4722 2555 4786; x_wconf 87' lang='lat' dir='ltr'>beatissimam</span> <span class='ocrx_word' id='word_1_570' title='bbox 2612 4725 2978 4806; x_wconf 83' lang='lat' dir='ltr'>praedicare.</span> <span class='ocrx_word' id='word_1_571' title='bbox 3040 4726 3117 4789; x_wconf 90' lang='lat' dir='ltr'>Et</span> <span class='ocrx_word' id='word_1_572' title='bbox 3164 4729 3395 4792; x_wconf 85' lang='lat' dir='ltr'>merito</span> <span class='ocrx_word' id='word_1_573' title='bbox 3432 4750 3447 4795; x_wconf 73' lang='grc' dir='ltr'><strong>ε</strong></span> 
     </span>
     <span class='ocr_line' id='line_1_92' title="bbox 1961 4820 3454 4904; baseline 0.004 -21"><span class='ocrx_word' id='word_1_574' title='bbox 1961 4821 2265 4903; x_wconf 89' lang='lat' dir='ltr'>quoniam</span> <span class='ocrx_word' id='word_1_575' title='bbox 2297 4820 2435 4902; x_wconf 91' lang='lat' dir='ltr'>ipsa</span> <span class='ocrx_word' id='word_1_576' title='bbox 2463 4823 2990 4904; x_wconf 80' lang='lat' dir='ltr'>praestantissima</span> <span class='ocrx_word' id='word_1_577' title='bbox 3020 4843 3093 4887; x_wconf 89' lang='lat' dir='ltr'>ac</span> <span class='ocrx_word' id='word_1_578' title='bbox 3120 4826 3454 4889; x_wconf 91' lang='lat' dir='ltr'>virtuosis-</span> 
     </span>
     <span class='ocr_line' id='line_1_93' title="bbox 1963 4919 3450 5001; baseline 0.005 -20"><span class='ocrx_word' id='word_1_579' title='bbox 1963 4920 2125 4982; x_wconf 89' lang='lat' dir='ltr'>sima</span> <span class='ocrx_word' id='word_1_580' title='bbox 2173 4919 2363 4999; x_wconf 87' lang='lat' dir='ltr'>Virgo</span> <span class='ocrx_word' id='word_1_581' title='bbox 2418 4920 2711 5001; x_wconf 87' lang='lat' dir='ltr'>concepit</span> <span class='ocrx_word' id='word_1_582' title='bbox 2764 4940 2839 4983; x_wconf 89' lang='lat' dir='ltr'>ac</span> <span class='ocrx_word' id='word_1_583' title='bbox 2893 4922 3117 5001; x_wconf 85' lang='lat' dir='ltr'>genuit</span> <span class='ocrx_word' id='word_1_584' title='bbox 3161 4925 3450 4988; x_wconf 91' lang='lat' dir='ltr'>omnium</span> 
     </span>
     <span class='ocr_line' id='line_1_94' title="bbox 1964 5018 3455 5095; baseline 0.004 -14"><span class='ocrx_word' id='word_1_585' title='bbox 1964 5018 2371 5095; x_wconf 88' lang='lat' dir='ltr'>Salvatorem,</span> <span class='ocrx_word' id='word_1_586' title='bbox 2389 5019 2579 5080; x_wconf 86' lang='lat' dir='ltr'>totius</span> <span class='ocrx_word' id='word_1_587' title='bbox 2606 5018 3017 5083; x_wconf 88' lang='lat' dir='ltr'>beatitudinis</span> <span class='ocrx_word' id='word_1_588' title='bbox 3044 5020 3302 5086; x_wconf 85' lang='lat' dir='ltr'>fontem.</span> <span class='ocrx_word' id='word_1_589' title='bbox 3331 5023 3455 5087; x_wconf 90' lang='lat' dir='ltr'>Sic-</span> 
     </span>
     <span class='ocr_line' id='line_1_95' title="bbox 1962 5116 3457 5200; baseline 0.005 -22"><span class='ocrx_word' id='word_1_590' title='bbox 1962 5136 2086 5198; x_wconf 85' lang='lat' dir='ltr'>que</span> <span class='ocrx_word' id='word_1_591' title='bbox 2125 5136 2203 5179; x_wconf 85' lang='lat' dir='ltr'>ex</span> <span class='ocrx_word' id='word_1_592' title='bbox 2250 5116 2513 5198; x_wconf 88' lang='lat' dir='ltr'>limpida</span> <span class='ocrx_word' id='word_1_593' title='bbox 2541 5119 2681 5199; x_wconf 84' lang='lat' dir='ltr'>ejus</span> <span class='ocrx_word' id='word_1_594' title='bbox 2726 5120 3271 5200; x_wconf 88' lang='lat' dir='ltr'>contemplatione</span> <span class='ocrx_word' id='word_1_595' title='bbox 3318 5142 3457 5186; x_wconf 88' lang='lat' dir='ltr'>ma-</span> 
     </span>
     <span class='ocr_line' id='line_1_96' title="bbox 1961 5216 3453 5301; baseline 0.006 -23"><span class='ocrx_word' id='word_1_596' title='bbox 1961 5216 2130 5278; x_wconf 84' lang='lat' dir='ltr'>xime</span> <span class='ocrx_word' id='word_1_597' title='bbox 2174 5216 2569 5278; x_wconf 86' lang='lat' dir='ltr'>admirantur</span> <span class='ocrx_word' id='word_1_598' title='bbox 2598 5236 2853 5281; x_wconf 89' lang='lat' dir='ltr'>omnem</span> <span class='ocrx_word' id='word_1_599' title='bbox 2882 5217 3347 5301; x_wconf 84' lang='lat' dir='ltr'>perfectionem</span> <span class='ocrx_word' id='word_1_600' title='bbox 3388 5232 3453 5287; x_wconf 87' lang='lat' dir='ltr'>et</span> 
     </span>
     <span class='ocr_line' id='line_1_97' title="bbox 1964 5313 2992 5397; baseline 0.008 -22"><span class='ocrx_word' id='word_1_601' title='bbox 1964 5313 2335 5377; x_wconf 86' lang='lat' dir='ltr'>felicitatem</span> <span class='ocrx_word' id='word_1_602' title='bbox 2382 5313 2607 5397; x_wconf 79' lang='lat' dir='ltr'>ipsiuS,</span> <span class='ocrx_word' id='word_1_603' title='bbox 2656 5317 2992 5383; x_wconf 86' lang='lat' dir='ltr'>dicentes:</span> 
     </span>
    </p>
   </div>
  </div>
 </body>
</html>
