4284 6267
834 483 954 547 348

1429 504 1780 551 munnio
1821 505 1886 551 m
1925 505 2064 553 CAP.
2109 507 2155 552 11
2196 505 2437 553 cmm
2476 506 2879 557 emmam.
2924 531 3006 541 —
3044 512 3187 559 Ant.
3222 514 3330 560 vm

836 669 1088 754 impleri
1139 684 1493 757 coeperunt,
1539 684 1601 738 ct
1648 676 1950 758 deinceps
1997 675 2327 739 abundan-
2356 676 2405 739 A
2436 676 2503 738 hi
2549 678 2726 741 lucra
2770 678 3051 757 fuerunt,
3085 683 3219 746 haec
3260 685 3600 748 arbitratus
3638 706 3775 749 sum
3814 688 3926 749 de·

835 771 964 833 tius
1002 770 1464 855 implebuntur,
1511 776 1660 856 quia
1704 778 1832 857 jam
1881 785 2132 858 tempus
2175 775 2327 839 beb-

671 898 708 925 tx
793 914 806 927 .
836 871 1243 934 domadarum
1277 893 1314 935 a
1342 874 1598 937 Daniele
1639 875 2008 957 praedictum
2041 876 2322 937 advenit.

555 982 808 1033 matthan,

569 1180 680 1223 Gen.
696 1194 758 1223 ιιι

541 1244 608 1288 ¹⁰.

835 969 1014 1031 Unde
1043 971 1174 1033 dixi
1198 972 1430 1035 Judaeis
1467 992 1482 1035 ε
1517 974 1763 1037 Faciem
1795 974 1938 1036 coeli
1971 974 2325 1056 dijudicare

835 1069 1058 1147 nostiS,
1095 1070 1277 1152 signa
1321 1081 1532 1135 autem
1581 1082 1936 1156 temporum
1979 1092 2106 1136 non
2153 1082 2327 1155 pote-

761 1194 804 1231 κ,
835 1167 985 1230 stis?
1013 1168 1146 1231 Jam
1193 1188 1450 1252 quoquc
1499 1180 1816 1254 sceptrum
1867 1192 1902 1234 a
1949 1172 2106 1234 Juda
2154 1171 2327 1234 abla-

832 1278 966 1332 tum
1015 1278 1130 1344 cst,
1177 1277 1240 1332 et
1287 1271 1416 1333 dux
1464 1270 1542 1333 de
1593 1269 1836 1335 femore
1877 1271 2016 1353 ejus
2064 1271 2321 1335 defecit.

841 1374 1110 1446 Tempus
1133 1372 1503 1448 putationis
1529 1373 1818 1443 advenit,
1853 1370 1915 1432 id
1947 1380 2042 1432 est
2075 1379 2325 1451 tempus

835 1467 1230 1530 liberationis
1273 1468 1494 1551 populi
1542 1469 1729 1531 lsrael
1772 1489 1810 1531 a
1846 1472 1977 1532 suis
2021 1470 2319 1551 peccatis,

835 1576 906 1630 ut
963 1568 1264 1631 vitiorum
1327 1567 1806 1650 superfluitates
1871 1587 2038 1631 nunc
2102 1588 2325 1652 ampu—

835 1674 1048 1729 tentur
1081 1686 1094 1730 :
1130 1666 1308 1747 juxta
1349 1665 1412 1729 id
1456 1668 1624 1747 quod
1657 1666 1956 1729 scribitur
1995 1668 2062 1729 in
2109 1668 2325 1730 Danie-

667 1790 706 1818 ιιι
794 1764 894 1828 ,16
939 1782 952 1826 :
997 1764 1398 1847 Septuaginta
1453 1764 1880 1827 hebdomades
1937 1765 2322 1829 abbreviatae

833 1872 982 1937 sunt
1017 1882 1208 1946 super
1237 1863 1544 1946 populum
1581 1873 1786 1940 tuum,
1820 1871 1890 1925 ut
1928 1882 2323 1927 consumme-
2358 1867 2405 1929 B
2432 1878 2750 1947 vatorcm;
2782 1871 3071 1929 columba
3106 1890 3245 1929 mea
3282 1868 3716 1952 pudicissima,
3748 1889 3924 1932 sum-

575 2471 730 2515 Galat.
747 2486 786 2515 iv

542 2536 584 2585 4,
603 2536 644 2577 5.

559 3556 666 3603 Luc.
683 3572 720 3609 ιι,
738 3560 805 3610 25,

543 3622 611 3663 26.

543 3952 665 3997 laid.
687 3966 716 4002 ι,
740 3956 803 3997 17.

645 4044 711 4099 13

557 4540 658 4585 Act.
681 4556 721 4591 x,
742 4543 807 4585 st.

541 4736 806 4794 Philippum

833 1969 936 2023 tur
979 1962 1438 2044 praevaricatiO,
1489 1970 1552 2023 et
1615 1959 1811 2025 finem
1861 1962 2132 2043 accipiat
2182 1982 2323 2045 pec-

831 2068 1064 2137 catum,
1098 2068 1162 2123 et
1199 2059 1484 2123 deleatur
1522 2059 1848 2140 iniquitas,
1885 2068 1947 2123 ct
1973 2061 2323 2123 adducatur

830 2158 1080 2241 Justitia
1122 2158 1530 2241 sempiterna,
1571 2168 1635 2221 et
1678 2158 2019 2242 impleatur
2055 2160 2219 2223 visio
2259 2169 2323 2223 ct

833 2257 1188 2340 prophetia,
1225 2265 1287 2319 et
1315 2265 1592 2339 ungatur
1621 2257 1887 2319 Sanctus
1919 2258 2317 2322 Sanctorum.

834 2354 1010 2419 Unde
1059 2356 1159 2418 his
1214 2364 1636 2419 consonanter
1693 2356 1976 2438 loquitur
2021 2356 2252 2419 Paulus
2304 2374 2318 2419 ε

791 2453 952 2524 ‚Ubi
995 2454 1170 2519 venit
1207 2454 1538 2536 plenitudo
1578 2456 1904 2537 temporis,
1947 2455 2120 2518 misit
2164 2456 2323 2519 Deus

835 2554 1062 2617 Filium
1115 2573 1300 2616 suum
1345 2562 1561 2615 natum
1615 2574 1690 2617 ex
1739 2553 2028 2631 muliere,
2082 2554 2321 2617 factum

836 2652 956 2715 suh
1014 2651 1172 2731 lege,
1207 2659 1276 2713 ut
1324 2670 1433 2715 eos
1482 2651 1590 2733 qui
1639 2652 1758 2715 sub
1808 2651 1945 2731 lege
1989 2660 2193 2729 erant,
2227 2672 2324 2714 re-

833 2751 1122 2814 dimeret.

916 2853 1046 2911 Vooe
1070 2850 1352 2911 curturis
1377 2851 1613 2911 audita
1640 2859 1729 2911 est
1759 2851 1831 2910 in
1865 2860 2037 2911 terra
2063 2860 2321 2911 nostra:

835 2949 899 3012 id
951 2958 1066 3025 est,
1104 2949 1167 3009 in
1202 2947 1526 3031 Synagoga
1571 2948 1856 3011 insonuit
1899 2967 2106 3011 sermo
2139 2947 2318 3029 legiS,

2436 775 2739 841 trimenta
2785 800 2946 843 esse.
3002 787 3215 843 Vineae
3260 787 3561 861 florentes
3602 790 3925 847 dederunt

2436 881 2691 937 odorem
2728 900 2919 939 suum
2959 903 2982 941 .·
3016 880 3077 943 id
3120 892 3239 957 est,
3290 883 3587 947 virtuosae
3636 904 3925 968 personae

2437 976 2641 1058 ipsius
2688 978 3056 1061 Synagogae‚
3108 982 3421 1045 dulciflua
3454 983 3765 1046 desideria
3806 1002 3927 1046 sua

2437 1076 2517 1138 de
2546 1095 2688 1138 meo
2716 1078 2993 1141 adventu
3024 1098 3233 1143 coram
3252 1090 3371 1143 'me
3398 1080 3791 1159 effuderunt,
3823 1101 3928 1146 ro-

2433 1183 2655 1255 gantes
2694 1176 2947 1239 assidue
2979 1195 3093 1259 pro
3130 1178 3407 1251 adventu
3443 1180 3607 1259 regis
3642 1181 3879 1244 Messiae
3908 1198 3923 1241 :

2436 1293 2707 1357 quarum
2755 1293 2858 1337 me
2900 1275 3092 1338 trabit
3144 1276 3248 1359 pia
3282 1276 3571 1355 affectio,
3619 1288 3683 1341 et.
3720 1278 3925 1342 allicit

2434 1374 2691 1437 devotio
2733 1383 2972 1438 sancta.

2514 1470 2731 1553 ltaque
2774 1482 3034 1556 propter
3073 1474 3205 1537 baec
3246 1476 3482 1553 omnia,
3516 1475 3647 1558 jam
3686 1480 3923 1554 Surqe,

2432 1575 2645 1634 amica
2674 1593 2839 1640 mea,
2870 1592 3103 1651 sponsa
3132 1595 3271 1635 mea
3301 1574 3641 1653 singularis
3668 1584 3729 1637 et
3759 1574 3929 1657 opti-

2434 1691 2558 1747 ma,
2591 1681 2651 1731 et
2682 1672 2855 1742 veni,
2886 1690 2999 1753 per
3030 1672 3259 1733 mentis
3288 1690 3685 1749 consensum,
3722 1682 3791 1735 ut
3818 1692 3926 1734 mc

2432 1768 2757 1850 concipias
2788 1778 2967 1831 tuum
3006 1778 3355 1832 creatorem
3390 1779 3451 1833 et
3482 1771 3765 1833 omnium
3798 1772 3927 1833 sal-

2432 1986 2537 2030 me
2589 1966 2815 2042 faceta,
2862 1969 2935 2027 in
2976 1969 3415 2043 foraminibus
3444 1979 3668 2046 petroe,
3712 1968 3777 2031 id
3822 1976 3923 2031 est

2433 2067 2499 2128 in
2556 2065 2803 2129 viribus
2854 2084 2967 2128 seu
3020 2066 3322 2148 potentiis
3380 2066 3609 2129 animae
3656 2076 3799 2143 tuae,
3850 2067 3921 2128 in

2430 2163 2606 2229 omni
2663 2164 2867 2244 gratia
2916 2163 3221 2239 solidatae,
3272 2164 3801 2227 constantissimae
3856 2174 3925 2228 et

2436 2263 2727 2339 firmatis,
2763 2269 2917 2344 puta
2959 2262 3025 2323 in
3077 2261 3403 2325 intellectu
3452 2282 3523 2325 ac
3565 2262 3917 2339 voluntate,

2430 2381 2574 2444 quae
2631 2370 2777 2423 sunt
2834 2360 3191 2443 spiritualia
3246 2360 3559 2424 foramina
3616 2380 3729 2443 per
3776 2380 3923 2443 quae

2430 2459 2646 2522 anima
2686 2458 3203 2521 intellectualiter
3240 2459 3447 2523 cernit
3482 2478 3585 2521 me
3614 2468 3673 2523 et
3715 2460 3917 2541 cupit.

2430 2558 2606 2621 Unde
2637 2556 2701 2620 in
2732 2556 3059 2620 Ezechielc
3099 2557 3396 2621 Dominus
3435 2559 3525 2621 ait
3552 2558 3631 2620 ad
3669 2558 3925 2621 Cherub

4062 1890 4135 1945 u

2431 2656 2539 2738 qui
2572 2656 2803 2719 cecidit
2836 2676 2850 2719 ε
2886 2656 3221 2720 Foramina
3250 2666 3357 2719 tua
3388 2657 3452 2718 in
3484 2656 3587 2719 die
3614 2657 3925 2721 conditio-
4008 2684 4181 2727 3:021..

2432 2756 2533 2819 nis
2566 2764 2689 2817 tuae
2719 2762 2936 2836 parata
2966 2762 3127 2817 sunt.
3162 2754 3304 2817 Fuit
3335 2756 3548 2837 itaque
3576 2756 3925 2819 sacratissi-
3950 2749 4189 2797 nmen·

2430 2874 2535 2917 ma
2562 2854 2773 2934 Virgo,
2808 2853 3027 2929 amica,
3052 2872 3287 2935 sponsa
3317 2862 3379 2917 et
3407 2853 3704 2917 columba
3726 2854 3923 2917 Verbi

2431 2952 2651 3017 aeterni
2682 2952 2747 3014 in
2788 2952 3213 3015 foraminibus
3253 2962 3469 3035 petrin,
3504 2952 3565 3014 id
3606 2960 3699 3015 est
3729 2952 3795 3014 in
3828 2952 3927 3014 in-

834 3048 1208 3111 vaticinium
1266 3047 1745 3130 Prophetarum,
1790 3046 2197 3111 annuntiatio
2245 3047 2323 3110 de
2356 3046 2403 3111 C
2434 3053 2692 3116 tellectu
2734 3070 2807 3114 ac
2853 3050 3202 3126 voluntate,
3256 3051 3405 3132 quia
3454 3070 3566 3134 per
3614 3051 3809 3115 fidem
3862 3060 3927 3115 ct

835 3148 1124 3231 proximo
1171 3146 1337 3226 regis
1393 3146 1630 3209 Messias
1683 3147 1964 3209 adventu
1999 3165 2012 3209 :
2047 3146 2323 3209 instante

833 3247 1068 3309 etenim
1101 3244 1441 3308 Salvatoris
1473 3246 1766 3323 adventu,
1790 3246 2205 3327 Omnipotens
2236 3264 2326 3307 re-

835 3345 1073 3409 velavit
1102 3343 1424 3425 aliquibus
1455 3344 1742 3426 patribus
1775 3344 2140 3426 Synagogae,
2178 3353 2325 3406 tem-

835 3462 955 3526 pus
994 3443 1304 3507 adventus
1347 3442 1578 3505 Christi
1622 3443 1863 3505 adesse.
1900 3442 2077 3505 Unde
2127 3441 2324 3505 Sime-

837 3560 918 3605 on
965 3542 1176 3623 justus
1227 3548 1290 3603 et
1339 3541 1669 3603 timoratus
1724 3559 2096 3624 responsum
2148 3560 2324 3603 acce-

836 3648 1015 3722 perat
1059 3658 1099 3701 a
1143 3638 1382 3720 Spiritu
1435 3639 1683 3715 Sancto,
1738 3658 1864 3703 non
1917 3639 2203 3702 visurum
2254 3659 2323 3701 sc

835 3746 1104 3800 mortem
1137 3737 1260 3799 nisi
1292 3738 1536 3801 videret
1566 3738 1884 3801 Christum
1920 3737 2195 3801 Domini.
2231 3737 2325 3799 Si-

835 3836 1075 3898 militer
1117 3836 1432 3899 Zachariae
1476 3837 1646 3917 justo
1700 3835 1949 3898 Gabriel
2003 3836 2325 3898 nuntiavit

835 3937 913 3998 de
962 3934 1101 3998 filio
1149 3953 1264 3997 suo
1311 3935 1549 3998 Joanne
1583 3953 1597 3995 :
1632 3935 1770 4017 lpse
1819 3935 2130 4017 praecedet
2178 3944 2323 3997 anto

836 4033 1020 4096 illum
1052 4032 1115 4094 in
1149 4033 1376 4114 spiritu
1409 4042 1471 4095 et
1499 4032 1731 4095 virtute
1760 4033 1932 4095 Eliae.
1961 4035 2155 4093 Ficus
2176 4054 2327 4111 pro-

839 4134 990 4192 tulit
1012 4151 1261 4209 qrossos
1285 4152 1474 4191 suos:
1505 4131 1568 4193 id
1599 4140 1712 4206 est,
1748 4131 2076 4215 Synagoga
2108 4130 2326 4193 fructi-

2432 3150 2809 3234 sapientiam
2840 3149 2941 3212 sui
2974 3149 3359 3225 intellectuS,
3379 3157 3571 3231 atque
3604 3169 3715 3232 per
3742 3169 3925 3232 spem

2432 3260 2495 3314 et
2522 3248 2846 3311 caritatem
2878 3266 3010 3310 suae
3038 3246 3405 3322 voluntatiS,
3423 3246 3663 3329 placuit
3690 3266 3931 3329 sponso

2432 3348 2675 3411 coelcsti
2715 3345 3065 3428 potissime.
3096 3346 3175 3407 Et
3202 3346 3277 3405 in
3304 3366 3581 3405 caverna
3612 3348 3928 3415 maceria’,

2434 3447 2500 3508 id
2539 3454 2633 3509 est
2674 3444 2739 3505 in
2778 3442 3193 3506 intellectuali
3226 3442 3554 3519 memoria,
3588 3462 3701 3525 per
3729 3462 3925 3525 quam

2430 3544 2669 3625 jugiter
2705 3542 3129 3605 meditabatur
3168 3541 3409 3603 divina.
3442 3541 3593 3603 Nam
3635 3549 3697 3604 et
3732 3544 3927 3623 (teste

2431 3640 2860 3720 Evangelista)
2888 3638 3075 3701 Maria
3105 3638 3521 3701 conservabat
3547 3638 3759 3701 omnia
3790 3658 3928 3702 ver-
3952 3665 4217 3715 Lue.u‚1⁹.

2434 3741 2515 3803 ba
2550 3739 2707 3814 haec,
2750 3736 3088 3801 conferens
3128 3737 3195 3799 in
3236 3737 3425 3799 corde
3457 3756 3593 3801 suo.
3626 3737 3924 3801 Memoria

2430 3848 2639 3901 autem
2678 3844 2774 3899 est
2818 3835 3287 3919 receptaculum
3338 3834 3639 3916 locusque
3684 3836 3925 3918 specie-

2433 3956 2600 4013 rum,
2652 3943 2715 3998 et
2774 3934 2953 4016 quasi
3010 3943 3230 3997 venter
3286 3933 3777 3997 similitudinum
3834 3954 3927 3997 re·-

2436 4055 2576 4097 rum
2612 4052 2625 4095 :
2662 4042 2724 4097 et
2752 4033 2839 4096 ita
2870 4041 3037 4095 recte
3078 4040 3336 4095 vocatur
3372 4051 3662 4108 caverna,
3698 4032 3826 4096 imo
3858 4041 3923 4095 et

2434 4152 2705 4197 caverna
2736 4131 3041 4208 maceriae‚
3064 4130 3127 4192 id
3156 4138 3253 4193 est
3282 4130 3448 4192 muri
3477 4131 3611 4193 sive
3640 4130 3919 4213 parietis,

838 4228 972 4291 fera
1002 4237 1064 4291 et
1093 4229 1313 4307 electa,
1346 4249 1486 4311 quae
1524 4230 1842 4293 creditura
1881 4230 2005 4293 fuit
2044 4232 2110 4293 in
2150 4230 2327 4291 Chri—
2356 4234 2407 4296 D
2436 4231 2731 4296 videlicet
2759 4230 2987 4293 animae
3016 4229 3334 4305 virtuosae,
3370 4247 3534 4310 quae,
3566 4228 3745 4311 juxta
3774 4228 3923 4292 Eze-

2434 4329 2725 4404 chielem,
2761 4327 3109 4410 interponit
3148 4346 3215 4389 se
3246 4346 3498 4389 murum
3532 4327 3695 4389 inter
3726 4328 3921 4390 Deum
4006 4351 4185 4395 3:201..

2434 4448 2737 4512 sponsum
2771 4447 2845 4491 ac
2874 4426 3177 4509 judicem,
3212 4434 3275 4489 et
3309 4426 3473 4489 inter
3502 4427 3747 4488 animas
3778 4445 3924 4508 pec-
3948 4418 4111 4465 ¹¹²¹·5·

835 4334 1028 4403 stum,
1064 4327 1268 4408 primo
1307 4328 1668 4391 observavit
1703 4328 2041 4407 diligenter
2077 4348 2153 4391 ea
2180 4348 2326 4409 quae

837 4426 994 4507 legis
1042 4438 1241 4489 erant.
1289 4427 1546 4510 Propter
1597 4428 1766 4509 quod
1812 4427 2109 4509 princeps
2166 4428 2325 4490 dixit

836 4525 1280 4607 Apostolorum
1337 4544 1350 4587 :
1403 4525 1738 4607 Nunquam
1789 4526 2035 4589 comedi
2081 4525 2326 4607 aliquid

837 4643 1174 4687 commune
1222 4633 1285 4687 et
1334 4624 1758 4688 immundum.
1791 4624 2020 4687 Paulus
2068 4643 2326 4708 quoque

838 4723 1073 4787 fatetur
1105 4742 1174 4786 se
1205 4722 1342 4786 sine
1373 4723 1633 4805 querela
1668 4731 2111 4786 conversatum
2142 4724 2209 4786 in
2238 4723 2327 4787 le-

835 4840 935 4903 ge.
989 4821 1110 4885 Sed
1159 4829 1378 4903 postea
1423 4822 1794 4902 abjecerunt
1843 4821 1975 4884 baec
2025 4830 2325 4904 tanquam

840 4920 1085 4983 fructus
1135 4920 1407 5002 ineptOS‚
1441 4919 1694 4999 cognita
1740 4919 1942 5001 gratia
1983 4920 2217 4983 Christi
2267 4929 2331 4985 et

842 5018 1083 5100 Spiritu
1132 5017 1358 5081 Sancto
1411 5025 1690 5099 accepto,
1743 5018 1908 5080 sicut
1957 5018 2022 5080 in
2066 5018 2329 5082 Actibus

2434 4527 2722 4601 catriceS,
2760 4544 2875 4608 pro
2903 4523 3138 4606 quibus
3170 4524 3435 4601 laborat,
3470 4532 3537 4586 ut
3571 4543 3676 4587 eas
3708 4543 3921 4587 recon-

2435 4626 2611 4689 ciliet
2654 4625 2800 4701 De0,
2835 4632 2899 4686 ct
2939 4631 3223 4706 protegat
3267 4641 3303 4684 a
3344 4623 3647 4704 maligno.
3687 4622 3924 4685 Dicitur

2436 4741 2693 4806 quoque
2745 4740 3016 4787 caverna
3072 4720 3381 4797 maceriae,
3435 4722 3587 4804 quia
3652 4722 3803 4784 latet
3858 4722 3922 4784 in

2438 4840 2726 4904 corpore,
2752 4821 2926 4902 quod
2958 4819 3125 4881 inter
3154 4820 3351 4881 Deum
3381 4826 3444 4882 et
3472 4818 3747 4881 animam
3781 4838 3925 4901 qua-

2440 4920 2493 4983 si
2552 4920 2802 4983 medius
2860 4936 3080 4979 murus
3136 4925 3251 4995 est,
3313 4916 3380 4979 in
3436 4926 3745 4999 quantum
3806 4916 3929 4981 fre—

2438 5028 2711 5101 quenter
2743 5016 3011 5099 impedit
3040 5036 3076 5078 a
3105 5016 3364 5094 diviniS,
3391 5016 3925 5097 quemadmodum

543 5132 808 5183 Aeaxmn.
840 5116 1358 5198 Archiapostolus
1400 5116 1682 5198 loquitur
1717 5134 1730 5178 :
1764 5116 1878 5179 Per
1911 5116 2177 5197 gratiam
2220 5119 2333 5182 Do-
2443 5119 2504 5181 S.
2538 5118 2821 5179 Andreas
2852 5116 3025 5179 cruci
3058 5134 3398 5199 appensuS,
3432 5114 3591 5177 dixit
3624 5134 3637 5179 :
3672 5116 3787 5193 Tu,
3820 5116 3929 5179 Do·

546 5273 810 5379 ξηιίὶἰμρηιι,

843 5214 1000 5277 mini
1045 5214 1244 5278 nostri
1274 5214 1420 5277 Jesu
1449 5213 1682 5277 Christi
1713 5214 2030 5277 credimus
2071 5215 2325 5279 salvari.

843 5313 966 5376 Vas
997 5331 1253 5395 quoque
1291 5312 1622 5378 electionis
1661 5313 1965 5377 disseruit
1995 5332 2010 5376 :
2041 5314 2191 5399 Quae
2220 5315 2334 5377 mi-

2443 5217 2639 5293 mine,
2674 5215 2865 5291 nosti,
2899 5215 3151 5296 quoties
3190 5235 3227 5277 a
3262 5214 3357 5276 tui
3397 5214 3928 5297 contemplatione

2444 5335 2548 5380 me
2580 5313 2939 5397 impedivit.
