4284 6267
972 497 1327 545 mannum
1368 498 1433 544 IN
1474 498 1613 545 cAP.
1660 497 1770 543 xm
1814 496 1972 543 LIBRI
2012 494 2371 543 summm.
2417 516 2498 526 —
2537 496 2679 543 ΛΒΤ.
2725 494 2836 542 XIII

3329 474 3448 539 529

341 669 671 742 putabant
710 672 881 740 deos,
912 671 984 732 in
1026 672 1184 749 ipsis
1224 690 1427 750 quum
1462 672 1853 731 extermina·
1880 670 1928 729 A
1959 667 2293 745 ultionem,
2332 676 2402 730 ut
2440 667 2643 731 fertur
2683 667 2750 730 in
2789 666 3025 741 Exodo,
3069 665 3172 728 vel
3212 684 3251 728 a
3291 663 3449 727 siliis

350 775 610 836 rentur,
647 770 934 828 videntes
982 770 1177 829 illum
1223 789 1410 847 quem
1457 770 1615 829 olim
1661 788 1851 845 nega-

272 878 279 885 ·
351 864 509 923 bant
552 884 617 923 se
660 884 860 935 nosse,
908 887 1133 927 verum
1170 869 1375 927 Deum
1422 877 1845 944 aynoverunt.

349 960 590 1024 Littera
631 961 925 1026 intricata
975 972 1091 1027 est.
1132 964 1241 1027 Est
1285 964 1479 1043 igitur
1525 983 1749 1027 sensus
1789 973 1852 1027 et

236 1140 249 1149 α
352 1059 511 1121 ordo
558 1061 902 1125 verborum
942 1080 955 1124 :
993 1060 1267 1144 AEgyptii
1308 1070 1416 1124 aut
1460 1062 1649 1125 etiam
1692 1062 1852 1125 Cha-

353 1157 587 1233 nanaei‚
634 1160 945 1228 videntes,
970 1159 1036 1222 id
1085 1169 1181 1223 est
1217 1159 1581 1241 aliqualiter
1620 1179 1853 1243 cogno-

352 1265 628 1333 scenteS,
654 1260 850 1320 illum
880 1280 1068 1339 quem
1096 1261 1253 1319 olim
1283 1262 1601 1337 neyabant
1628 1282 1694 1321 se
1720 1282 1853 1322 nos-

352 1374 439 1427 se,
488 1355 736 1419 scilicet
776 1357 975 1419 Deum
1020 1356 1211 1419 lsrael
1255 1374 1269 1417 :
1312 1356 1391 1418 de
1438 1375 1567 1438 quo
1611 1358 1850 1423 Pharao

82 1473 327 1525 amasa.
355 1453 519 1516 dixit
552 1473 567 1518 :
602 1453 753 1529 Quis
782 1463 879 1517 est
908 1455 1233 1533 Dumium,
1261 1464 1325 1517 ut
1356 1456 1609 1519 audiam
1632 1476 1851 1521 vocem

356 1553 522 1633 ejuS,
548 1563 613 1615 et
638 1553 956 1617 dimittam
988 1554 1216 1617 lsrael?
1235 1554 1457 1618 Nescio
1487 1556 1848 1634 Dominum,

358 1659 423 1713 et
450 1651 644 1713 lsrael
691 1670 820 1715 non
860 1653 1199 1715 dimittam.
1235 1652 1721 1733 CognoscenteS‚
1760 1654 1857 1717 in-

359 1768 577 1831 quam,
618 1750 801 1813 illum
840 1772 961 1829 per
1003 1756 1137 1815 Izaec
1182 1751 1459 1831 flagella,
1504 1773 1705 1831 quum
1748 1776 1856 1815 em-

1958 766 2147 829 Israel
2190 767 2302 848 qui
2348 767 2516 830 idola
2557 766 3053 829 Chananaeorum
3102 764 3449 847 dissipave-

1960 874 2126 942 runt,
2144 866 2309 928 sicut
2333 865 2399 927 in
2430 864 2920 929 Deuteronomio
2949 850 3302 945 saepissime
3323 863 3452 944 jus·
3493 886 3740 939 omaus,

1960 984 2101 1027 sum
2136 963 2288 1044 fuit3
2321 973 2726 1042 aynoverunt
2755 984 2981 1025 verum
3011 966 3216 1024 Deum
3244 982 3268 1021 .·
3297 961 3452 1043 quia
3479 950 3690 1001 ²⁵³¹¹¹’³·

1960 1062 2448 1145 experiebantur
2485 1081 2632 1124 eum
2671 1082 2810 1125 esse
2848 1060 3268 1144 potentiorem
3317 1078 3451 1124 om-

1963 1160 2152 1223 nibus
2200 1160 2322 1223 diis
2370 1160 2680 1244 ipsorum,
2712 1180 2749 1223 a
2788 1160 3023 1242 quibus
3067 1158 3274 1241 juvari
3322 1177 3448 1221 non

1963 1268 2277 1342 poterant,
2309 1259 2440 1322 imo
2470 1267 2533 1323 et
2577 1260 3077 1342 omnipotentem
3117 1257 3184 1319 in
3231 1256 3450 1319 multis

1962 1357 2296 1441 prodigiiS,
2333 1358 2498 1422 sicut
2537 1360 2602 1422 in
2648 1358 2919 1421 statione
2955 1356 3108 1420 solis
3153 1363 3215 1419 et
3259 1355 3448 1431 lunia,
3481 1378 3744 1429 semema.

1961 1465 2025 1520 et
2061 1456 2255 1519 maris
2295 1456 2491 1519 Rubri
2536 1456 2875 1521 divisione.
2909 1455 3046 1518 Non
3087 1462 3299 1517 tamen
3343 1454 3454 1518 ho-
3493 1477 3746 1529 amam,

1962 1564 2352 1619 noraverunt
2377 1575 2524 1619 eum
2554 1564 2626 1618 ut
2654 1556 2850 1619 Deum
2888 1573 2902 1616 :
2933 1554 3168 1617 idcirco
3197 1554 3455 1616 inexcu-
3482 1542 3610 1649 ἘΜ
3623 1606 3745 1655 ΛΜ,

1963 1653 2194 1717 sabiles
2225 1661 2425 1717 erant.
2459 1655 2600 1718 Ideo
2632 1655 2926 1717 subditur
2959 1662 3259 1732 :propter
3286 1654 3458 1733 quod
3485 1670 3552 1711 το.

1962 1762 2021 1813 ec
2057 1755 2216 1831 finis
2253 1756 2806 1815 condemnationis
2844 1772 3092 1823 eorum,
3134 1752 3202 1814 id
3238 1759 3338 1814 est
3378 1748 3457 1812 fi-

362 1851 877 1911 terminarencur
904 1872 1047 1931 quoe
1070 1853 1392 1929 putabant
1425 1872 1551 1911 esse
1588 1855 1756 1926 deos,
1790 1853 1854 1916 id
1893 1854 1938 1915 B
1966 1850 2129 1913 nalis
2187 1870 2300 1914 sen
2355 1851 2580 1914 ultima
2635 1860 2698 1915 et
2763 1851 2953 1934 plena
3008 1848 3458 1914 condemnatio

359 1955 479 2023 est,
516 1948 689 2011 idola
718 1968 940 2013 eorum
966 1950 1140 2031 (quae
1182 1948 1492 2030 putabant
1536 1969 1675 2014 esse
1704 1952 1855 2016 deos

360 2064 537 2123 suoS,
566 2064 679 2109 seu
706 2049 857 2111 deos
888 2048 1054 2110 inter
1084 2048 1287 2128 ipsos)
1314 2046 1793 2112 destruerentur
1818 2070 1855 2113 a

86 2160 333 2211 matum.
362 2143 493 2207 Deo
547 2146 661 2225 qui
717 2146 786 2208 in
833 2145 957 2210 diis
1004 2144 1439 2227 AEgyptiorum
1492 2157 1859 2212 exercuerat

1965 1949 2246 2025 illorum,
2283 1953 2491 2012 veniet
2536 1956 2732 2029 supe?²
2769 1952 2915 2011 illos
2945 1970 2968 2010 .·
2998 1958 3061 2013 et
3090 1950 3211 2013 hoc
3257 1948 3323 2010 in
3352 1947 3458 2011 die

1963 2048 2276 2128 generalis
2305 2048 2552 2130 judicii,
2584 2049 2843 2130 quando
2886 2068 3033 2111 cum
3083 2066 3352 2129 corpore
3396 2054 3459 2108 et

1964 2147 2179 2209 anima
2219 2147 2716 2211 damnabuntur.

1440 2562 2089 2651 ARTICULUS
2168 2567 2388 2650 XIII

542 2832 927 2879 DECLARATIO
970 2830 1245 2881 CAPmJLI
1286 2832 1695 2879 'rnnumncnss
1741 2834 1754 2879 ἶ
1800 2833 1949 2879 vam
1991 2836 2196 2881 Auum
2238 2836 2392 2883 SUNT
2433 2834 2632 2882 oms
2675 2836 2942 2883 neumas
2985 2835 3050 2882 IN
3093 2836 3303 2891 QUIBUS

1482 2932 1604 2979 NON
1648 2932 1872 2979 SUBEST
1911 2932 2189 2981 scmNTIA
2230 2935 2354 2981 Dm.

518 3209 963 3274 EPROBATUR
1012 3209 1117 3272 hic
1167 3160 1725 3285 idololatria,.non
1774 3229 1873 3274 so·
1908 3209 2158 3289 elutis,
2191 3230 2303 3274 seu
2357 3210 2424 3274 in
2475 3221 2733 3295 peccato
2771 3214 3046 3277 mortali.
3084 3215 3220 3278 Alii
3263 3215 3466 3279 solum

547 3308 682 3371 lum
725 3306 1159 3389 AEgyptiorum
1200 3315 1308 3370 aut
1345 3306 1868 3386 Chananaeorum,

196 3422 223 3477 1
374 3410 489 3473 sed
507 3406 794 3489 gentium
815 3406 1279 3470 universarum.
1303 3408 1469 3469 Vani
1487 3418 1702 3469 autem
1720 3416 1874 3468 sunt

372 3528 592 3569 omnes
630 3506 919 3567 homines
951 3508 1024 3565 in
1065 3508 1297 3585 quibus
1336 3526 1469 3567 non
1508 3508 1715 3567 subest
1753 3509 1874 3566 sci-

372 3608 555 3667 encia
596 3606 742 3674 Dei,
774 3604 838 3666 id
879 3612 997 3680 est,
1028 3604 1141 3685 qui
1171 3604 1306 3669 veri
1349 3604 1459 3667 Dei
1498 3612 1718 3667 carent
1766 3622 1874 3667 no-

377 3704 540 3766 titia.
590 3704 842 3766 Vanum
903 3720 1180 3784 namque
1233 3711 1515 3781 vocatur,
1567 3703 1737 3783 quod
1792 3704 1872 3765 ad

380 3802 584 3866 finem
633 3809 897 3883 propter
934 3818 1123 3882 quem
1162 3800 1525 3864 institutum
1571 3809 1688 3878 est,
1743 3819 1871 3865 non

380 3900 691 3984 pertingit
726 3917 739 3962 :
773 3898 1311 3981 quemadmodum
1344 3917 1505 3961 vana
1544 3908 1641 3963 est
1679 3901 1875 3963 medi·

380 4000 529 4063 cina
566 4017 711 4079 quae
736 3999 819 4060 ad
850 3996 1186 4060 sanitatem
1218 4015 1345 4060 non
1375 3996 1643 4061 confert.
1666 3996 1873 4072 Quum

382 4114 534 4177 ergo
584 4096 741 4158 finis
782 4104 846 4158 et
888 4095 1061 4157 salus
1108 4095 1439 4157 hominum
1490 4097 1572 4159 sit
1618 4097 1728 4161 Dei
1772 4115 1876 4161 co-

79 4206 353 4255 lomna-xva.
382 4194 609 4276 gnitio,
652 4194 821 4257 sicut
853 4191 1082 4256 asserit
1120 4193 1387 4269 VeritaS,
1416 4194 1562 4271 Haec
1598 4204 1695 4258 est
1744 4196 1878 4258 vita

384 4302 644 4370 aeterna,
707 4300 778 4354 ut
832 4300 1219 4371 cognoscant
1274 4300 1335 4353 te
1389 4292 1595 4354 solum
1653 4313 1875 4357 verum

1981 3308 2218 3372 habent
2261 3311 2687 3390 cognitionem
2719 3312 2829 3375 Dei
2861 3313 3231 3390 naturalem,
3268 3314 3472 3395 philo—

1982 3408 2333 3490 sophicam,
2376 3409 2776 3490 acquisitam,
2821 3411 3186 3491 ignorantes
3227 3430 3471 3474 sacram

1980 3507 2392 3588 Scripturam‚
2425 3516 2490 3571 et
2538 3506 2668 3571 fide
2707 3518 3036 3572 carentes:
3071 3518 3135 3573 et
3176 3510 3280 3573 isti
3327 3518 3474 3571 sunt

1978 3604 2294 3681 vanioreS,
2329 3613 2400 3668 ut
2437 3605 2757 3669 infideles,
2793 3607 2917 3668 Alii
2949 3608 3242 3671 nesciunt
3272 3627 3470 3671 unum

1979 3722 2302 3766 summum
2331 3705 2776 3767 universorum
2810 3705 3196 3788 principium
3231 3725 3386 3784 esse,
3411 3715 3475 3771 et

1980 3801 2156 3865 omni
2187 3801 2447 3864 Deitatis
2491 3801 2717 3865 notitia
2746 3802 3199 3880 destituuntur,
3234 3811 3306 3866 ut
3339 3804 3477 3886 qui·

1982 3900 2127 3962 dam
2167 3899 2538 3976 idololatrae,
2575 3900 2654 3964 de
2695 3899 2929 3981 quibus
2968 3901 3076 3965 hic
3117 3902 3329 3983 agitur
3363 3922 3377 3966 ε
3413 3910 3476 3965 et

1980 3998 2085 4060 isti
2118 3998 2541 4081 perhibentur
2581 3998 2938 4062 vanissimi.
2971 3999 3163 4063 Porro
3193 4000 3472 4081 primum

1981 4114 2183 4176 genus
2213 4105 2423 4179 potest
2452 4095 2798 4160 subdividi.
2832 4096 2982 4159 Nam
3015 4097 3214 4179 aliqui
3247 4098 3478 4162 haben·

1984 4203 2077 4257 tes
2127 4194 2698 4279 supernaturalem,
2741 4195 3075 4259 scientiam
3122 4196 3233 4260 Dei
3285 4198 3476 4260 tradi-

1986 4303 2115 4355 tam
2145 4293 2214 4355 in
2243 4294 2608 4376 ScripturiS,
2642 4303 2707 4358 et
2754 4313 2896 4376 quae
2933 4304 3032 4359 est
3067 4295 3306 4358 donum
3337 4312 3506 4375 gra-.

387 4393 618 4471 Deum3
653 4388 946 4454 homines
992 4388 1105 4470 qui
1146 4389 1223 4450 ad
1266 4388 1376 4451 Dei
1415 4390 1711 4453 notitiam
1746 4410 1875 4455 non
1908 4392 1955 4454 D
1988 4391 2091 4454 tiae
2134 4392 2331 4471 gratis
2375 4392 2558 4469 datae,
2603 4392 2841 4455 habent
2881 4411 3096 4458 veram
3147 4391 3361 4471 fidem,
3406 4402 3478 4457 ut

384 4489 773 4574 pertingunt,
788 4496 957 4551 recte
984 4486 1135 4553 vani
1165 4495 1527 4550 censentur.
1545 4488 1623 4550 Et
1649 4488 1877 4552 horum

382 4588 618 4671 triplex
650 4594 747 4650 est
773 4604 998 4667 genus.
1017 4583 1285 4659 Quidam
1316 4584 1488 4648 enim
1522 4585 1758 4649 habent
1785 4604 1882 4650 co-

380 4686 737 4768 gnitionem
780 4684 915 4761 Dei,
948 4702 1079 4747 non
1110 4683 1318 4746 solum
1358 4683 1733 4761 naturalem,
1769 4684 1879 4747 sed

382 4785 577 4848 etiam
630 4782 1052 4863 theologicam
1100 4790 1163 4845 et
1208 4781 1753 4864 supernaturalem
1808 4782 1882 4844 il-

382 4882 513 4945 lam
546 4899 691 4963 quae
720 4887 819 4942 est
846 4872 1089 4943 donum
1121 4880 1339 4960 gratiae
1366 4880 1563 4961 gratis
1602 4881 1785 4956 datae,
1820 4887 1883 4944 et

384 4979 599 5043 studio
643 4985 852 5059 potest
900 4976 1181 5058 acquiri3
1226 4986 1437 5040 tamen
1471 4998 1600 5041 non
1645 4978 1884 5042 habent

386 5076 721 5141 scientiam
754 5076 866 5139 Dei
906 5095 1051 5157 quae
1091 5084 1187 5139 est
1225 5076 1489 5152 donum,
1531 5085 1595 5140 et
1633 5078 1881 5141 caritati

388 5193 643 5258 semper
689 5175 1039 5257 conjuncta
1084 5182 1183 5237 est
1216 5192 1231 5236 :
1264 5182 1329 5237 et
1367 5175 1473 5237 isti
1518 5184 1668 5238 sunt
1706 5176 1879 5255 vani,

389 5294 591 5358 quum
634 5273 766 5336 sint
812 5280 991 5336 extra
1031 5272 1356 5335 caritatem
1399 5282 1464 5336 et
1502 5282 1735 5337 statum
1787 5294 1885 5338 sa-

643 5406 713 5457 T.
744 5408 797 5459 7.

1987 4488 2138 4552 mali
2176 4488 2518 4569 Catholici3
2555 4488 2669 4552 alii
2702 4499 2921 4554 carent
2960 4489 3113 4568 fide,
3148 4490 3315 4554 sicut
3351 4491 3478 4555 hae-

1988 4586 2192 4650 retici.

2070 4688 2157 4747 Et
2187 4688 2266 4745 de
2297 4686 2399 4747 his
2433 4706 2578 4766 quw
2607 4688 2916 4747 videntur
2952 4690 3139 4759 bona,
3171 4686 3236 4750 id
3269 4696 3366 4751 est
3401 4706 3479 4751 ex

1988 4801 2202 4846 rerum
2232 4790 2587 4846 creatarum
2633 4783 2881 4858 notitia,
2913 4804 3054 4865 quae
3095 4786 3341 4866 aliquid
3372 4787 3480 4850 bo-

1990 4880 2209 4943 nitatis
2239 4880 2646 4963 participant,
2687 4889 2748 4944 et
2791 4880 3175 4961 quibusdam
3212 4882 3481 4947 meliora

1989 4987 2300 5061 apparent
2353 4998 2542 5061 quam
2597 4986 2769 5056 sunt,
2817 4999 2945 5041 non
2987 4991 3363 5057 potuerunt,
3419 4982 3480 5045 id

1990 5086 2107 5154 est,
2147 5096 2274 5141 non
2315 5085 2721 5154 curaverunt,
2767 5096 2886 5141 nec
2923 5077 3324 5157 studuerunt,
3369 5100 3482 5143 seu

1992 5176 2172 5240 facili
2222 5183 2454 5239 conatu
2501 5176 2878 5257 nequibant,
2929 5178 3290 5254 intelliyere
3334 5198 3485 5240 eum

1990 5277 2108 5356 qui
2134 5284 2250 5345 esc,
2271 5272 2514 5338 scilicet
2543 5292 2766 5336 verum
2788 5274 3012 5353 Deum,
3035 5274 3148 5355 qui
3183 5274 3358 5339 solus
3388 5284 3486 5340 est

3175 5408 3240 5459 34
