4284 6267
581 2777 663 2821 Pa.
680 2789 771 2828 xcv,
787 2777 829 2829 ὅ.

863 494 982 557 382

1449 512 1800 560 malumno
1843 512 1905 559 m
1950 510 2088 557 CAP.
2139 511 2203 555 lv
2245 510 2487 557 camel
2528 510 2930 559 cmlconmt.
2974 532 3055 542 -··
3096 514 3237 559 ΛΒΤ.
3282 514 3387 559 ΧΠ

859 701 998 746 esse
1027 701 1330 747 conversa
1359 691 1657 766 :propter
1686 682 1854 764 quod
1886 682 2076 744 Mater
2104 680 2348 761 gratiae,
2384 680 2436 741 A
2468 680 2769 745 tationem
2810 683 3021 748 dicere
3058 701 3420 767 possumuS,
3452 684 3623 764 quod
3662 682 3953 745 sacratis-

857 788 920 843 et
965 782 1200 863 Regina
1237 781 1690 845 misericordiae
1732 789 2161 862 nuncupatur.
2204 779 2356 841 Prae-

863 888 1053 958 terea,
1073 900 1264 962 quam
1295 881 1567 961 gloriose
1595 899 1668 942 ac
1703 878 2195 959 flagrantissime
2225 896 2357 940 cor-

864 996 1054 1059 porea
1085 980 1222 1062 ejus
1254 979 1471 1056 ubera,
1507 978 1744 1060 quibus
1781 978 1974 1041 Deum
2017 995 2237 1039 verum
2280 995 2356 1039 ex

861 1095 929 1140 se
967 1086 1186 1139 natum
1219 1078 1498 1155 lactavit,
1534 1077 2002 1160 resplendeant,
2039 1094 2227 1137 nemo
2260 1093 2357 1138 va-

861 1174 948 1238 let
989 1176 1348 1259 concipere.

949 1277 1186 1337 Vadam
1233 1279 1321 1337 ad
1353 1286 1628 1337 montem
1671 1277 1984 1352 myrrkae,
2011 1284 2072 1334 et
2110 1275 2199 1333 ad
2231 1276 2355 1332 col—

859 1376 980 1433 lem
1017 1377 1248 1436 thuris,
1282 1373 1480 1437 Unica
1518 1373 1648 1449 Dei,
1682 1373 2044 1455 passionem
2076 1369 2221 1433 Filii
2252 1369 2353 1431 sui

856 1470 1094 1551 jugiter
1144 1472 1210 1533 in
1258 1491 1374 1536 suo
1429 1473 1618 1535 corde
1674 1471 1964 1535 dolorose
2020 1469 2349 1550 gestando,

857 1578 1118 1651 peccata
1155 1571 1398 1645 mundi,
1435 1570 1786 1652 praesertim
1823 1569 2209 1642 Judaeorum,
2246 1566 2355 1628 de-

860 1666 1100 1747 flendo,
1133 1678 1196 1732 et
1240 1669 1550 1751 plurimos
1591 1688 1627 1731 a
1665 1668 1968 1731 vitiorum
2013 1664 2352 1748 putredine

857 1769 1325 1851 praeservando,
1375 1768 1497 1830 fuit
1542 1785 1728 1830 mons
1772 1766 2045 1847 myrrhae
2094 1781 2108 1825 :
2156 1781 2349 1844 quem

2463 780 2624 844 sima
2654 801 2958 863 puerpera
2981 783 3161 865 virgo
3184 783 3497 859 Maria‚est
3524 790 3649 845 tota
3672 782 3953 863 pulchra,

2463 881 2541 942 ad
2586 882 2962 944 intuendum
3006 882 3568 945 delectabilissirna
3603 900 3616 943 :
3648 901 3793 964 quae
3820 881 3955 944 suis

2464 980 2730 1057 meritis,
2784 980 3103 1063 precibuS,
3152 980 3519 1055 virtutibuS,
3573 979 3763 1057 fama,
3815 980 3959 1061 pul-

2463 1066 2759 1142 chrificat
2799 1088 2863 1141 et
2906 1080 3161 1143 decorat
3204 1079 3405 1141 millia
3448 1078 3670 1157 multa,
3703 1078 3831 1143 imo
3870 1088 3961 1141 to-

2466 1184 2591 1238 tam
2620 1176 2991 1255 Ecclesiam,
3026 1187 3091 1241 et
3118 1187 3335 1241 causat
3365 1178 3431 1240 in
3462 1178 3618 1260 ipsis
3647 1176 3954 1240 fidelibus

2460 1276 2888 1353 concordiam,
2925 1277 3153 1352 lucem,
3188 1285 3251 1339 et
3278 1276 3559 1340 caritatis
3600 1277 3951 1356 unitatem3

2460 1393 2652 1455 quam
2684 1374 2847 1437 Fons
2881 1373 3072 1437 totius
3101 1374 3621 1457 pulchritudinis,
3661 1382 3844 1437 natus
3876 1392 3955 1436 ex

2460 1491 2556 1549 ea,
2593 1481 2764 1535 tanta
2798 1473 3276 1556 pulchritudine
3314 1473 3694 1549 venustavit,
3728 1480 3798 1535 ut
3836 1492 3955 1554 pu-

2462 1590 2547 1634 rae
2588 1580 2891 1635 creaturae
2933 1572 3139 1653 major
3183 1571 3640 1635 communicari
3686 1578 3795 1633 aut
3842 1590 3957 1633 ne-

2462 1680 2673 1751 queat,
2720 1679 2830 1733 aut
2872 1689 3001 1735 non
3043 1672 3283 1733 deceat.

2559 1768 2871 1850 AmpliuS,
2924 1776 2995 1831 ut
3050 1768 3139 1831 ait
3196 1768 3638 1851 Philosophus,
3698 1768 3774 1830 ad
3832 1766 3957 1831 hoc

856 1866 1142 1930 Christus
1199 1865 1686 1942 incessabiliter,
1745 1862 2353 1927 munificentissime
2387 1862 2435 1925 B
2463 1866 2631 1947 quod
2674 1866 2864 1930 homo
2906 1867 2989 1929 sit
3030 1866 3448 1949 corporaliter
3488 1865 3775 1949 pulcher,
3830 1866 3955 1927 tria

856 1973 920 2028 et
976 1965 1396 2030 consolatorie
1463 1964 1768 2029 visitavit.
1830 1963 2101 2044 Fuitque
2169 1960 2352 2024 collis

859 2065 1087 2142 thuriS,
1155 2066 1516 2129 orationum
1585 2082 1842 2125 suarum
1914 2061 2349 2143 thymiamata,

859 2164 1344 2227 meditationum
1402 2182 1661 2225 suarum
1720 2160 2159 2243 fragrantiam,
2203 2157 2358 2221 cari-

858 2262 1004 2324 tatis
1050 2281 1180 2325 suae
1221 2261 1576 2337 incensum,
1612 2260 1863 2343 pietatis
1905 2278 2034 2321 suae
2079 2256 2356 2320 dulcedi-

859 2380 1028 2437 nem,
1082 2360 1210 2423 imo
1257 2378 1324 2423 se
1373 2368 1566 2422 totam
1617 2359 1740 2422 Deo
1789 2358 1856 2420 in
1903 2357 2350 2421 holocaustum

857 2459 1230 2543 plenissime
1260 2456 1594 2522 offerendo
1628 2478 1642 2521 :
1679 2476 1869 2538 quem
1901 2456 2088 2519 etiam
2121 2454 2349 2518 collem

857 2578 1132 2641 sponsus
1184 2558 1386 2639 ipsius
1434 2556 1730 2633 ubertim,
1764 2554 2038 2637 gratiose
2085 2562 2147 2617 et
2197 2552 2353 2615 deli-

857 2658 1029 2721 ciose
1057 2657 1346 2733 accessit,
1381 2663 1443 2719 et
1474 2654 1539 2717 in
1571 2654 1782 2717 medio
1819 2654 1960 2735 ejus
1989 2654 2352 2716 demoratus

857 2766 974 2833 est,
1010 2757 1149 2838 ejus
1188 2755 1524 2819 dulcedine
1561 2754 1932 2816 delectatus.
1975 2749 2353 2815 Sanctifica-

857 2856 947 2918 vit
991 2856 1161 2919 enim
1204 2853 1685 2917 tabernaculum
1725 2853 1845 2915 hoc
1883 2869 2067 2913 suum
2111 2849 2354 2912 Altissi-

857 2973 1021 3030 muS,
1055 2962 1117 3017 et
1149 2953 1214 3015 in
1246 2951 1456 3015 medio
1485 2951 1625 3032 ejus
1665 2969 1793 3013 non
1829 2958 1924 3013 est
1963 2956 2346 3012 commotuS.

2463 1966 2892 2047 requiruntur.
2924 1965 3203 2027 Primum
3242 1973 3359 2041 est,
3394 1965 3565 2047 quod
3596 1965 3678 2027 sit
3706 1965 3957 2047 elegan-

2464 2063 2545 2125 tis
2588 2072 2843 2127 staturae
2876 2063 3067 2126 :ideo
3111 2063 3402 2127 homines
3445 2064 3648 2146 parvi,
3682 2082 3810 2127 non
3852 2064 3956 2126 di-

2463 2171 2694 2225 cuntur
2743 2163 3001 2246 proprie
3048 2162 3319 2246 pulchri,
3365 2163 3659 2245 quamvis
3701 2163 3957 2226 valeant

2462 2260 2589 2324 dici
2629 2260 2916 2339 formosi,
2949 2271 3059 2324 aut
3097 2260 3392 2344 speciosi.
3432 2260 3791 2325 Secundum
3826 2270 3949 2339 est,

2462 2377 2741 2439 congrua
2806 2360 3237 2424 membrorum
3297 2360 3953 2443 comproportionatio

2462 2467 2523 2521 et
2565 2458 2871 2521 habitudo
2911 2460 2991 2522 ad
3036 2458 3335 2522 invicem.
3372 2459 3649 2521 Tertium
3698 2467 3813 2535 est,
3848 2480 3957 2521 su—

2461 2556 2763 2638 perficies
2826 2557 3025 2621 vividi
3088 2566 3152 2620 et
3219 2558 3627 2637 congruentis
3692 2557 3952 2621 coloriS.

2460 2655 2884 2719 Conformiter
2924 2656 3003 2719 ad
3045 2656 3166 2719 hoc
3209 2657 3379 2738 quod
3425 2656 3642 2737 aliqua
3684 2673 3959 2737 persona

2461 2754 2543 2816 sit
2573 2755 2991 2836 spiritualiter
3021 2754 3305 2837 pulchra,
3345 2755 3551 2837 primo
3582 2753 3953 2836 requiritur,

2461 2854 2631 2934 quod
2678 2854 2758 2916 ad
2805 2853 3194 2916 eminentem
3251 2853 3591 2934 quamdam
3639 2852 3957 2915 virtutum

2464 2951 2928 3033 proceritatem,
2990 2950 3473 3014 altitudinemve
3542 2952 3955 3033 pervenerit3

943 3057 1092 3115 Tota
1119 3054 1398 3131 pulchra
1425 3070 1514 3119 es,
1542 3050 1756 3111 amica
1801 3070 1959 3116 mea,
1994 3057 2053 3108 et
2091 3050 2349 3107 macula
2384 3048 2429 3112 C
2460 3050 2759 3127 secundo,
2793 3050 2965 3131 quod
2997 3050 3081 3111 sit
3110 3050 3174 3110 in
3216 3068 3292 3113 ea
3321 3050 3627 3112 virtutum
3662 3049 3955 3130 quaedam

853 3172 984 3212 non
1010 3152 1202 3211 estin
1241 3158 1319 3211 te.
1352 3149 1480 3211 Hoc
1518 3148 1596 3210 de
1636 3146 1896 3227 Virgine
1937 3145 2349 3210 divinissima

854 3268 984 3332 prae
1020 3248 1248 3313 ceteris
1289 3247 1537 3311 cunctis
1580 3244 2197 3309 convenientissime
2248 3261 2349 3305 ex-

853 3348 1146 3430 planatur
1172 3364 1186 3408 :
1216 3364 1359 3428 quae
1386 3344 1888 3409 antonomastice
1917 3342 2157 3405 Christi
2190 3341 2349 3403 ami-

855 3466 927 3510 ca
975 3446 1301 3522 asseritur,
1353 3454 1417 3507 et
1465 3444 1523 3507 ei
1574 3444 1642 3506 in
1683 3442 1857 3507 omni
1905 3442 2239 3505 sanctitate
2286 3448 2349 3504 et

854 3545 1245 3628 perfectione
1281 3543 1554 3605 similior
1593 3542 1904 3621 creditur3
1939 3541 2006 3602 in
2037 3559 2165 3621 qua
2195 3559 2349 3602 cun-

852 3653 968 3708 ctae
998 3644 1266 3708 virtutes
1297 3643 1362 3705 in
1393 3641 1666 3705 termino
1697 3640 2014 3723 praeclarae
2043 3638 2349 3701 excellen-

852 3744 956 3806 tiae
1003 3752 1152 3805 sunt
1199 3743 1495 3805 inventae.
1529 3740 1607 3801 At
1647 3757 1797 3802 vero
1843 3740 1922 3802 de
1965 3738 2235 3820 pulchro
2274 3756 2347 3800 ac

853 3840 1349 3923 pulchritudine,
1411 3838 1667 3902 divinus
1726 3837 2062 3919 Dionysius
2120 3842 2349 3898 tractat

853 3937 1174 4003 subtiliter
1211 3958 1285 4001 ac
1323 3936 1642 4020 profunde
1682 3944 1910 4018 quarto
1946 3934 2229 4018 capitulo
2267 3934 2347 3996 de

851 4036 1095 4101 Divinis
1132 4036 1501 4100 nominibus
1536 4053 1550 4097 :
1584 4035 1831 4110 Divina,
1875 4033 2197 4115 inquien8‚
2239 4032 2347 4096 bo-

851 4135 1017 4197 nitas
1049 4136 1340 4197 laudatur
1372 4134 1436 4195 in
1468 4133 1833 4216 ScripturiS,
1869 4140 1940 4194 ut
1972 4132 2339 4215 pulchrum,

2459 3149 2805 3230 proportio,
2866 3155 2930 3211 et
2975 3165 3251 3228 congrua
3307 3147 3615 3211 habitudo
3674 3148 3738 3209 in
3792 3148 3958 3210 acti—

2458 3246 2577 3309 bus
2606 3248 3007 3324 earumdem;
3043 3246 3251 3323 tertio,
3302 3247 3473 3328 quod
3516 3246 3818 3310 omnibus
3870 3246 3957 3308 sit

2460 3344 2797 3427 superfusa
2838 3345 3156 3421 discretio,
3188 3365 3299 3409 seu
3345 3344 3738 3428 sapientialis
3783 3344 3958 3408 dire—

2458 3443 2606 3519 ctio,
2639 3452 2749 3506 aut
2796 3444 3077 3507 caritatis
3120 3443 3381 3508 floritio.
3417 3445 3506 3506 Ex
3539 3443 3777 3527 quibus
3808 3463 3959 3526 pro-

2458 3544 2643 3606 batur
2688 3543 3073 3606 electissima
3109 3542 3302 3623 Virgo
3355 3541 3555 3608 fuisse
3594 3542 3977 3625 pulcherri-‚

2457 3658 2607 3704 ma:
2654 3642 2893 3724 quippe
2934 3661 3076 3724 quae
3123 3643 3200 3704 ad
3252 3650 3381 3705 tam
3429 3642 3955 3725 praeeminentem

2456 3739 2898 3802 universarum
2964 3739 3425 3821 perfectionem
3486 3740 3796 3802 virtutum
3846 3740 3959 3802 de-

2457 3846 2740 3916 venerat,
2773 3847 2837 3901 et
2894 3838 2959 3900 in
3002 3858 3131 3919 qua
3176 3838 3445 3903 virtutes
3504 3838 3625 3901 sibi
3672 3838 3953 3902 invicem

2458 3946 2581 3999 tam
2611 3938 3249 4018 comproportionatae
3281 3936 3563 4015 fuerunt,
3596 3946 3659 4001 et
3688 3936 3958 4019 praecla-

2458 4032 2710 4096 rissima
2738 4034 3120 4097 discretione
3147 4034 3383 4116 jugiter
3413 4034 3821 4116 regebantur,
3852 4054 3958 4097 sa-

2458 4132 2855 4216 pientissima
2903 4133 3252 4196 directione
3304 4133 3661 4213 fulgebant,
3698 4132 3957 4196 ferven-

851 4242 915 4297 et
970 4233 1377 4316 pulchritudo
1434 4252 1576 4314 quae
1622 4231 1927 4295 effectiva
1983 4238 2077 4294 est
2129 4230 2344 4295 omnis
2374 4233 2423 4296 D
2458 4230 2705 4295 tissimo
2762 4230 3203 4295 formabantur
3253 4251 3469 4296 amore
3522 4232 3764 4309 divino,
3820 4232 3953 4295 imo

851 4332 1128 4415 pulchri.
1180 4333 1247 4394 In
1295 4332 1604 4395 creaturis
1652 4339 1861 4394 autem
1922 4329 2157 4392 dicitur
2205 4329 2345 4410 pul-

850 4431 1098 4509 chrum,
1150 4432 1319 4513 quod
1372 4430 1713 4513 participat
1773 4428 2339 4511 pulchritudinem.

852 4530 1207 4611 Loquentes
1233 4547 1383 4592 vero
1414 4530 1490 4592 de
1523 4529 1668 4604 Deo,
1702 4527 1975 4590 dicimus
2004 4528 2177 4607 quod
2208 4526 2345 4608 ipse

849 4637 945 4692 est
1004 4626 1614 4710 supersubstantiale·
1673 4625 2010 4707 pulchrum
2072 4633 2137 4687 et
2205 4624 2345 4706 pul-

848 4726 1164 4804 chritudo,
1199 4726 1353 4808 quia
1382 4724 1790 4807 pulchrificat
1819 4723 2190 4787 exsistentia
2219 4742 2348 4785 om-

849 4826 959 4887 nia
999 4825 1351 4889 secundum
1390 4823 1713 4906 propriam
1754 4822 2157 4902 singulorum
2203 4840 2347 4903 pro·-

849 4925 1231 5007 portionem,
1265 4930 1327 4985 et
1355 4930 1572 4986 causat
1601 4920 2024 4985 universalem
2057 4920 2345 4983 omnium

849 5022 1244 5086 harmoniam
1275 5029 1340 5084 et
1366 5020 1740 5097 claritatem,
1771 5027 1834 5082 et
1860 5020 2035 5100 juxta
2066 5020 2349 5101 proprie-

850 5130 1043 5184 tatem
1084 5119 1308 5184 solaris
1348 5118 1530 5197 radii,
1563 5117 1852 5181 immittit
1890 5137 2036 5180 cum
2085 5117 2334 5199 fulgore

848 5218 1252 5283 universitati
1281 5237 1493 5282 rerum
1528 5215 1940 5300 pulchrificas
1973 5235 2103 5280 suae
2137 5215 2337 5279 fonta-

846 5337 948 5383 nae
977 5318 1139 5382 lucis
1165 5317 1670 5381 distributiones.
1699 5315 1884 5378 Juxta
1923 5314 2151 5378 horum
2183 5314 2332 5377 imi-

2455 4330 2745 4412 quotidie
2802 4330 3137 4394 recentiori
3215 4330 3629 4395 innovatione
3697 4332 3955 4393 decora-

2456 4429 2715 4492 bantur.

2553 4529 2919 4590 Vulnerasti
2948 4548 3055 4589 cor
3092 4546 3326 4600 meum,
3358 4548 3537 4588 soror
3572 4548 3736 4598 mea,
3764 4546 3953 4606 spon-

2453 4646 2551 4695 sa,
2596 4628 2957 4687 vulnerasti
2991 4646 3099 4686 cor
3141 4646 3371 4687 meum.
3405 4624 3648 4699 Quanto
3688 4623 3830 4706 quis
3870 4626 3951 4687 ad

2458 4724 2762 4805 maj0rem
2811 4724 3274 4786 beatitudinem
3322 4734 3418 4787 est
3467 4724 3729 4799 electus,
3776 4730 3953 4785 tanto

2457 4822 2730 4904 amplius
2768 4822 3020 4885 videtur
3048 4822 3336 4885 Christus
3371 4842 3488 4905 pro
3522 4822 3661 4905 ipso
3702 4841 3947 4904 passus,

2456 4920 2656 4995 Quum
2699 4920 2912 5002 itaque
2954 4922 3033 4983 ad
3087 4921 3687 4985 excellentissimam
3749 4920 3953 4984 felici-

2461 5027 2651 5082 tatem
2696 5028 2760 5082 et
2799 5019 3068 5099 gloriam
3110 5019 3485 5101 dignissima
3517 5018 3709 5100 Virgo
3752 5019 3953 5082 electa

2462 5118 2543 5180 sit
2587 5120 2667 5181 ab
2715 5127 2970 5195 aeterno,
3014 5137 3227 5182 nonne
3279 5137 3393 5201 pro
3436 5119 3596 5202 ipsa,
3648 5136 3761 5201 pro
3810 5118 3950 5199 ejus

2460 5235 2695 5293 amore,
2730 5235 2843 5299 pro
2874 5216 3015 5298 ejus
3056 5217 3282 5294 salute,
3317 5216 3779 5300 specialissime
3813 5235 3953 5279 cru-

2460 5314 2697 5379 cifixus
2738 5323 2838 5379 est
2880 5315 3077 5379 Filius
3123 5316 3285 5397 ejus,
3328 5325 3390 5379 et
3433 5316 3575 5398 ipsa
3621 5314 3951 5379 verissime
