4284 6267
1004 502 1355 552 mumulo
1397 502 1461 549 m
1498 501 1639 550 CAP-
1685 503 1795 550 xlx
1835 503 2317 553 Pnommonmff.
2364 525 2446 538 —·
2484 505 2626 553 Am.
2673 507 2780 553 XIX

3325 487 3438 551 127

346 677 542 734 tumet
579 682 807 736 contra
844 673 1041 736 Deum
1082 671 1347 755 spiritus
1386 674 1577 735 tuus?
1619 670 1835 734 Talem
1872 671 1921 733 A
1953 673 2232 754 potentis
2287 693 2495 758 neque
2553 675 2776 740 vivens
2831 695 3040 758 neque
3097 674 3440 740 defunctus

342 769 591 850 putavit
639 771 783 834 Eliu
842 790 982 834 esse
1040 779 1329 834 sanctum
1377 770 1516 848 Iob,
1572 770 1840 850 loquens

108 885 319 932 mam.
344 867 418 930 de
456 885 533 930 eo
572 870 654 932 ad
695 870 891 932 Deum
927 891 941 934 :
980 869 1161 932 Pater
1201 869 1314 946 mi,
1350 888 1429 932 ne
1469 868 1723 932 desinas
1759 867 1840 930 ab

90 950 220 998 ³⁶‘³⁷·
344 966 605 1031 homine
634 967 1019 1050 iniquitatiS,
1052 968 1165 1049 qui
1194 969 1443 1031 addidit
1472 986 1666 1050 super
1696 985 1842 1048 pec·

343 1073 479 1128 cata
510 1085 627 1128 sua
655 1066 1146 1149 blasphemiam.
1184 1067 1361 1130 Circa
1402 1066 1519 1130 hoc
1550 1067 1640 1128 ait
1669 1065 1842 1128 Glos-

343 1183 441 1227 sa:
468 1165 660 1228 Stulti
688 1185 891 1247 quum
914 1166 1083 1228 viam
1114 1165 1511 1228 deseruerint
1533 1165 1835 1238 veritatiS‚

342 1283 466 1327 non
498 1283 569 1328 se
589 1283 841 1327 errasse
871 1263 1178 1340 fatentur,
1194 1265 1305 1327 sed
1335 1263 1402 1326 in
1430 1263 1837 1326 Conditorem

342 1362 627 1426 referunt
654 1363 913 1445 culpam
947 1382 1149 1440 suam,
1175 1363 1357 1444 quasi
1389 1363 1527 1445 ipse
1558 1363 1840 1426 occasio-

339 1480 483 1524 nem
516 1462 828 1543 peccandi
861 1460 1178 1538 tribuerit,
1203 1479 1279 1525 eo
1309 1462 1481 1543 quod
1512 1461 1838 1524 hominem

343 1558 569 1622 fecerit
618 1558 938 1642 fragilem,
976 1560 1079 1623 vel
1120 1560 1353 1624 tentari
1404 1559 1766 1642 permiserit
1806 1578 1844 1621 a

340 1665 617 1722 versuto.
644 1659 807 1723 Hinc
838 1659 1037 1722 Adam
1080 1667 1227 1741 post
1262 1667 1592 1741 peccatum
1638 1658 1844 1721 incre-

107 1777 323 1882 cgemnm-
343 1765 525 1838 patus
547 1777 587 1820 a
616 1757 909 1835 Domino,
944 1758 1269 1820 excusavit
1301 1776 1391 1832 se,
1411 1757 1630 1820 dicens
1666 1777 1679 1820 ε
1714 1757 1844 1818 Mu-

99 1845 109 1882 Ι
140 1873 150 1884 .

345 1955 419 2017 de
457 1953 657 2034 ligno,
693 1963 759 2017 et
789 1955 1061 2018 comedi.
1090 1954 1189 2038 [Et
1224 1954 1455 2017 mulier
1490 1971 1505 2016 :
1542 1954 1838 2035 SerpenS,

342 2052 573 2134 inquit,
626 2052 882 2134 decepit
926 2052 1079 2135 me.]
1104 2052 1307 2116 Ambo
1356 2053 1610 2135 culpam
1660 2071 1840 2114 suam

342 2151 700 2214 retulerunt
750 2152 818 2212 in
868 2151 1225 2215 Creatorem
1264 2171 1277 2216 :
1317 2151 1449 2229 ille,
1486 2152 1655 2232 quod
1709 2170 1843 2212 mu-

342 2250 563 2313 lierem
598 2249 838 2312 sociam
878 2250 1173 2328 dederat3
1206 2249 1338 2326 illa,
1376 2251 1545 2331 quod
1576 2267 1842 2331 serpen-

344 2355 463 2410 tem
494 2348 563 2409 in
597 2347 894 2430 paradiso
924 2349 1316 2430 posuerat.ls
1345 2365 1601 2429 quoque
1626 2355 1841 2410 contra

341 2445 537 2508 Deum
577 2444 785 2509 fervet
827 2444 1047 2508 animo
1088 2464 1226 2522 suo,
1265 2445 1377 2527 qui
1427 2445 1645 2509 divina
1693 2464 1843 2528 prae·

343 2553 523 2627 cepta
556 2563 673 2627 per
714 2545 1011 2608 inertiam
1055 2564 1235 2607 suam
1276 2552 1714 2624 contemnem,
1752 2544 1843 2627 ip-

344 2663 481 2706 sum
533 2644 878 2706 Dominum
929 2644 1111 2725 quasi
1162 2643 1596 2726 importabilia
1640 2643 1843 2708 homi-

347 2742 537 2805 nibus
566 2761 765 2806 onera
798 2743 1253 2825 imponentem,
1288 2743 1717 2824 reprehendit.

189 2842 219 2896 4
421 2842 699 2903 Divicioe
746 2844 1005 2902 addunt
1052 2843 1294 2903 amicos
1333 2844 1661 2919 plurimos
1706 2862 1729 2901 .·
1778 2841 1841 2903 id

346 2949 460 3016 est,
502 2940 693 3002 multi
733 2939 1015 3021 diligunt
1051 2939 1282 3003 divites
1320 2947 1581 3022 propter
1623 2957 1841 3002 eorum

1950 769 2288 850 effugiam.
2579 849 2584 854 ⁸

2034 873 2236 931 Multi
2255 875 2495 940 colunt,
2528 872 2590 934 id
2622 881 2718 935 est
2745 873 3082 948 honorant,
3097 893 3442 951 personam
3583 885 3618 940 6

1952 968 2184 1028 divitis
2214 989 2236 1027 .·
2276 970 2446 1049 quod
2493 971 2573 1032 de
2609 971 2809 1034 divite
2857 971 3292 1054 corporaliter,
3329 991 3441 1034 seu

1954 1065 2396 1147 spiritualiter,
2440 1067 2607 1131 sicut
2649 1069 2778 1149 jam
2825 1070 3048 1152 patuit,
3082 1069 3289 1151 accipi
3333 1088 3446 1151 po-

1957 1171 2113 1244 test3
2166 1175 2224 1225 et
2265 1168 2466 1227 amici
2506 1177 2658 1228 sunt
2699 1171 2872 1229 dona
2913 1171 3275 1230 tribuentis,
3316 1168 3446 1232 Sic-

1953 1280 2080 1343 que
2121 1261 2401 1344 diligunt
2443 1283 2586 1327 eum
2629 1273 2889 1347 propter
2928 1265 3244 1329 beneficia
3277 1286 3393 1329 sua
3426 1287 3440 1330 ε

1954 1361 2125 1440 quod
2156 1379 2285 1424 non
2313 1369 2410 1424 est
2452 1363 2693 1425 malum
2735 1362 2801 1424 in
2843 1381 2947 1443 se;
2996 1371 3207 1427 tamen
3238 1364 3448 1428 colere

1954 1460 2190 1524 divites
2231 1478 2306 1525 eo
2352 1461 2520 1542 quod
2559 1463 2996 1544 temporaliter
3032 1463 3263 1528 divites
3293 1463 3444 1540 sint,

1956 1559 2376 1641 vituperatur.
2411 1559 2532 1623 Sed
2568 1560 2620 1623 si
2665 1560 2731 1622 in
2763 1560 3006 1624 officiis
3049 1560 3177 1624 sint
3215 1561 3452 1625 consti-

1957 1658 2100 1733 tuti,
2151 1666 2300 1720 sunt
2355 1658 2577 1741 utique
2625 1667 2886 1742 propter
2932 1660 3307 1742 dignitatem
3351 1659 3448 1724 of-

1956 1755 2117 1832 ficii,
2166 1765 2469 1839 tanquam
2517 1757 2621 1821 Dei
2662 1757 2887 1821 vicarii
2936 1758 3314 1823 honorandi.
3359 1759 3447 1823 De

344 1854 480 1931 lier,
500 1874 697 1936 quam
730 1856 963 1919 dedisti
995 1855 1157 1918 mihi
1188 1856 1449 1932 sociam,
1473 1856 1650 1918 dedit
1679 1855 1842 1917 mihi
1881 1857 1927 1918 B
1956 1854 2073 1916 hac
2112 1873 2202 1929 re,
2237 1862 2463 1938 utputa
2502 1855 2777 1937 qualiter
2807 1876 3119 1939 pauperes
3154 1877 3281 1921 non
3315 1857 3446 1920 sint

1954 1952 2402 2029 inhonorandi,
2456 1973 2573 2017 nec
2619 1955 2928 2019 divitibus
2987 1957 3438 2039 postponendi,

1953 2049 2156 2112 multa
2193 2059 2407 2113 narrat
2443 2052 2768 2134 apostolus
2795 2052 3086 2131 Jacobus‚
3122 2063 3194 2118 ut
3230 2063 3326 2118 est
3370 2055 3444 2117 il-

1954 2148 2063 2210 lud
2099 2165 2112 2209 ε
2150 2147 2212 2210 Si
2253 2147 2570 2211 introierit
2615 2149 2680 2211 in
2726 2159 3111 2214 conventum
3154 2160 3440 2216 vestrum
3515 2176 3732 2229 mom.

1953 2245 2050 2308 vir
2097 2263 2362 2307 aureum
2405 2245 2711 2309 annulum
2755 2248 2999 2311 habens
3043 2258 3104 2312 et
3155 2250 3222 2311 in
3265 2259 3442 2314 veste
3471 2239 3556 2282 Ἠ·

1952 2343 2244 2420 candida,
2262 2343 2578 2407 introierit
2604 2353 2814 2409 autem
2851 2355 2914 2409 et
2944 2366 3188 2430 pauper
3219 2348 3284 2411 in
3317 2369 3446 2412 sor-

1951 2443 2101 2507 dido
2143 2442 2391 2521 habitu,
2435 2452 2498 2507 et
2537 2444 2882 2508 intendatis
2913 2446 2981 2508 in
3022 2467 3166 2510 eum
3197 2449 3311 2531 qui
3345 2450 3444 2512 in-

1952 2543 2143 2604 dutus
2186 2551 2285 2607 est
2328 2551 2502 2606 veste
2546 2543 2870 2626 praeclara,
2920 2554 2985 2609 et
3021 2547 3308 2611 dixeritis
3358 2549 3442 2627 ei,

1953 2640 2043 2703 Tu
2085 2644 2234 2705 sede
2264 2641 2369 2704 hic
2401 2641 2600 2721 bene3
2634 2644 2900 2726 pauperi
2936 2654 3151 2708 autem
3191 2647 3440 2725 dicatiS,

1954 2741 2044 2803 Tu
2076 2749 2172 2803 sta
2202 2740 2359 2816 illic,
2392 2748 2521 2817 aut,
2557 2740 2718 2804 Sede
2747 2743 2867 2806 sub
2899 2743 3176 2807 scabello
3207 2746 3440 2828 pedum

1951 2857 2238 2902 meorum
2277 2855 2291 2900 :
2325 2856 2540 2901 nonne
2569 2838 2868 2921 judicatis
2899 2842 3067 2922 apud
3101 2861 3212 2905 vos
3242 2843 3439 2924 ipsos,

1953 2945 2017 3000 et
2046 2937 2200 3000 facti
2229 2937 2380 3000 estis
2409 2937 2656 3018 judices
2693 2938 3148 3019 cogitationum
3190 2941 3443 3024 iniqua-

344 3037 624 3114 divitias,
648 3045 713 3100 et
742 3046 814 3099 ut
841 3038 1176 3101 commoda
1204 3037 1421 3120 aliqua
1450 3056 1846 3118 consequan-
1876 3035 1919 3098 C
1954 3039 2131 3098 rum?
2151 3039 2500 3097 —Wacres
2531 3037 2813 3098 hominis
2825 3042 3141 3115 pauperis
3167 3043 3442 3104 oderunt
3584 3051 3618 3106 7

346 3145 445 3199 tur
490 3136 575 3198 ab
623 3136 755 3216 eis;
788 3158 829 3197 a
863 3155 1155 3213 paupere
1206 3147 1423 3197 autem
1471 3146 1531 3196 et
1580 3138 1653 3197 ki
1690 3155 1845 3216 quos

342 3237 595 3302 habuit,
614 3243 1013 3313 separantur
1046 3234 1156 3296 :id
1188 3242 1306 3310 est,
1322 3234 1509 3296 multi
1540 3234 1845 3297 desinunt

343 3333 611 3413 diligere
641 3331 887 3414 inopeS‚
924 3349 999 3394 eo
1037 3332 1210 3413 quod
1253 3330 1476 3414 inopes
1520 3332 1649 3394 sint
1682 3352 1697 3397 :
1731 3332 1845 3396 sic-

342 3449 466 3513 que
512 3432 595 3494 de
642 3449 865 3493 eorum
916 3429 1199 3492 amicitia
1248 3430 1654 3508 erubescunt,
1709 3431 1845 3496 sive

346 3549 471 3594 non
523 3537 775 3604 curant,
808 3527 963 3610 quia
1006 3528 1097 3590 nil
1151 3528 1442 3592 utilitatis
1484 3529 1845 3612 adipiscun-

344 3637 445 3692 tur
484 3629 567 3690 ab
616 3627 734 3690 eis,
770 3626 1077 3689 Similiter
1111 3645 1329 3689 eorum
1364 3627 1474 3708 qui
1506 3627 1846 3709 spirituali-

348 3735 441 3790 ter
479 3727 717 3789 divites
750 3733 921 3801 sunt,
960 3724 1023 3787 id
1056 3733 1151 3786 est
1188 3725 1529 3807 sapienteS‚
1572 3725 1842 3790 virtuosi

345 3834 407 3888 et
436 3824 669 3902 sancti,
690 3833 841 3886 sunt
872 3823 1058 3886 multi
1091 3823 1304 3900 amici,
1336 3825 1636 3888 videlicet
1657 3825 1840 3902 DeuS,

346 3933 407 3987 et
441 3941 668 3987 omnes
698 3923 872 3986 cives
903 3923 1165 4004 superni
1198 3941 1273 3986 ac
1302 3922 1517 4004 plures
1551 3923 1845 3987 homines

345 4022 535 4101 boni3
587 4042 623 4083 a
667 4039 950 4102 paupere
986 4028 1224 4098 autem,
1268 4020 1332 4082 id
1374 4029 1469 4083 est
1500 4041 1537 4083 a
1565 4022 1847 4103 philoso-

348 4119 513 4202 phis‚
539 4127 734 4200 atque
763 4118 1106 4195 haereticiS,
1131 4127 1195 4181 et
1224 4119 1543 4200 perversis
1571 4120 1847 4182 homini-

1952 3155 2141 3194 eum:
2164 3133 2316 3215 quia
2344 3142 2570 3215 putant
2599 3153 2668 3197 se
2694 3134 3004 3198 confundi
3036 3145 3100 3199 et
3129 3137 3440 3220 vilipendi

1953 3251 2027 3295 eo
2075 3232 2246 3313 quod
2296 3231 2572 3294 habeant
2625 3232 2816 3295 talem
2853 3232 3138 3299 fratrem.
3165 3240 3443 3316 Insuper

1952 3340 2010 3391 et
2050 3333 2251 3394 amici
2286 3334 2519 3408 procul
2555 3343 2945 3394 recesserunt
2985 3336 3062 3395 ab
3105 3356 3200 3406 e0,
3241 3355 3322 3400 ne
3366 3356 3441 3400 ex

1954 3431 2095 3511 ejus
2143 3428 2484 3512 praesentia
2532 3429 2860 3492 incurrant
2903 3449 3267 3512 gravamen.
3313 3437 3441 3501 Hoc

1955 3536 2214 3592 sanctus
2269 3525 2386 3590 Job
2434 3527 2904 3609 depauperatus
2961 3529 3085 3593 sibi
3135 3534 3442 3599 accidisse

1956 3626 2208 3703 fatetur,
2228 3625 2498 3688 dicendo
2518 3625 2799 3689 :Fratres
2829 3627 2953 3690 mei
2985 3629 3444 3711 elongaverunt
3504 3661 3588 3705 ,ιώ
3601 3663 3732 3712 v·‚¹5;

1954 3744 1993 3787 a
2019 3744 2143 3800 me,
2183 3732 2247 3787 et
2276 3725 2407 3787 noti
2441 3723 2565 3786 mei
2596 3724 2779 3806 quasi
2813 3725 3006 3789 alieni
3048 3742 3444 3796 recesserunt
3471 3737 3555 3774 ¹¹⁸·
3577 3726 3642 3767 ¹³·

1955 3843 1991 3886 a
2029 3842 2155 3886 me.
2179 3820 2355 3896 Quod
2403 3822 2556 3885 item
2607 3823 2686 3885 de
2732 3822 2982 3889 Christo
3023 3837 3282 3909 propter
3326 3849 3443 3893 nos

1954 3940 2234 4004 paupere
2265 3919 2456 3997 factu,
2477 3929 2686 4003 potest
2716 3922 3008 4004 intelligi,
3028 3944 3063 3987 a
3094 3944 3222 4006 quo
3249 3929 3441 3991 etiam

1957 4028 2242 4101 tempore
2274 4018 2592 4100 passionis
2625 4019 2925 4101 fugerunt
2953 4021 3260 4104 Apostoli.
3515 4055 3685 4100 Mam..

2038 4120 2167 4187 Qui
2214 4126 2468 4178 tantum
2519 4121 2709 4178 verba
2757 4127 3057 4194 sectatur,
3102 4121 3167 4185 id
3213 4132 3310 4198 est
3359 4125 3445 4190 lo·
3471 4131 3586 4170 ¹¹⁹¹*
3613 4121 3680 4164 ⁵⁶·

343 4217 485 4294 bus,
517 4218 585 4280 in
628 4216 865 4299 quibus
910 4215 1074 4278 nihil
1112 4224 1210 4279 est
1252 4216 1583 4298 sapientiae
1622 4218 1847 4281 saluta-
1876 4218 1925 4280 D
1955 4215 2340 4298 quacitatem
2389 4223 2498 4277 aut
2542 4215 2884 4278 verborum
2943 4228 3260 4298 ornatum,
3316 4243 3444 4288 non

346 4317 454 4394 riS,
488 4325 554 4379 et
586 4315 651 4376 hi
685 4333 847 4396 quos
888 4312 1113 4376 habuit
1151 4315 1411 4391 amicoS,
1446 4324 1842 4393 avertuntur,

348 4433 475 4477 non
514 4433 633 4496 per
668 4413 913 4487 odium,
949 4413 1058 4476 sed
1099 4431 1215 4494 per
1251 4412 1842 4477 dissimilitudinem

194 4514 225 4567 ΦΕ

350 4514 493 4578 vitae
538 4521 653 4575 aut
703 4510 883 4574 fidei.
928 4547 1010 4556 —
1046 4514 1243 4572 Testis
1287 4512 1499 4589 falsus
1543 4533 1673 4574 non
1718 4516 1847 4575 erit

349 4613 742 4690 impunitus.
776 4609 911 4671 Non
942 4609 1116 4672 enim
1150 4616 1357 4690 potest
1385 4608 1676 4672 divinum
1706 4630 1847 4674 eva-

350 4711 497 4774 dere
538 4708 879 4791 judicium‚
906 4707 1202 4788 quamvis
1253 4707 1576 4770 interdum
1620 4709 1847 4772 evadat

352 4807 726 4870 humanum.
759 4807 979 4885 Ecqui
1006 4806 1349 4866 mendacia
1378 4809 1669 4886 loquitur
1699 4826 1843 4888 per-

352 4907 615 4982 niciosa,
640 4925 771 4965 non
802 4905 1067 4982 effuyiet
1093 4903 1409 4985 judicium
1447 4904 1574 4966 Dei.
1609 4905 1723 4967 Cui
1758 4905 1849 4968 ait

143 5011 307 5066 rma.
354 5004 681 5067 psalmista
724 5019 738 5065 :
784 5002 1014 5065 Perdes
1063 5020 1285 5065 omnes
1333 5003 1445 5084 qui
1496 5003 1847 5084 loquuntur

354 5101 782 5166 mendacium.
823 5101 912 5163 De
952 5119 1081 5182 quo
1123 5101 1459 5163 Eleazarus
1500 5100 1609 5164 ille
1654 5121 1846 5166 senex

108 5213 327 5273 ιιιιιιη,
352 5200 621 5264 asseruit
655 5199 829 5261 :Etsi
860 5199 928 5261 in
959 5199 1258 5281 praesenti
1289 5207 1573 5283 tempore
1602 5201 1848 5283 suppli-

108 5278 147 5317 ²⁶
353 5300 471 5362 ciis
509 5298 847 5363 hominum
886 5296 1147 5379 eripiar,
1170 5298 1280 5360 sed
1328 5318 1589 5362 manum
1628 5297 1848 5364 Omni-

1956 4333 2212 4377 sensum
2254 4331 2497 4390 eorum,
2543 4331 2660 4376 nec
2700 4313 2924 4396 implet
2961 4317 3343 4386 documenta
3371 4343 3446 4388 ac

1953 4414 2131 4495 jussa
2177 4410 2543 4492 Scripturae,
2579 4413 2754 4474 nihil
2805 4416 3057 4477 habebit
3102 4420 3322 4497 gratiae
3369 4442 3445 4488 ac

1955 4509 2202 4572 salutis,
2244 4508 2503 4590 Nempe,
2537 4517 2607 4570 ut
2647 4509 2736 4571 ait
2772 4510 3134 4592 ApostoluS,
3167 4516 3302 4580 Non
3335 4539 3446 4583 au-
3475 4547 3736 4599 mama,

1953 4609 2191 4672 ditores
2241 4607 2398 4688 legis
2446 4607 2603 4689 justi
2653 4616 2802 4670 sunt
2841 4611 3014 4691 apud
3060 4611 3280 4693 Deum,
3332 4621 3442 4682 sed

1955 4706 2228 4770 factores
2271 4705 2428 4786 legis
2471 4704 3018 4787 justificabuntur.
3059 4713 3187 4778 Qui
3226 4725 3442 4778 autem
3583 4727 3619 4782 8

1946 4825 2260 4884 possessor
2280 4815 2369 4865 est
2390 4806 2635 4872 mentis,
2672 4803 2736 4865 id
2761 4811 2878 4881 est,
2913 4805 3218 4870 rationem
3250 4811 3442 4878 habet

1956 4904 2221 4966 illaesam
2259 4923 2331 4966 ac
2369 4902 2659 4979 liberam,
2684 4901 2774 4964 ita
2813 4904 2985 4983 quod
3022 4923 3136 4986 per
3174 4908 3441 4976 virtutes

1954 5001 2250 5079 moraleS,
2275 5001 2439 5084 parti
2483 5001 2806 5064 sensitiva)
2847 4999 3205 5068 efficaciter
3241 5009 3444 5073 domi-

1956 5109 2165 5179 natur,
2193 5120 2308 5164 nec
2340 5099 2748 5182 passionibus
2773 5099 3186 5184 vulneratur3
3218 5111 3446 5187 diliyit

1954 5203 2250 5263 animam
2282 5221 2468 5261 suam
2507 5198 2828 5280 spirituali
2861 5217 3098 5277 amore,
3127 5205 3278 5285 quia
3309 5208 3445 5273 vult

1956 5309 2019 5364 et
2048 5306 2348 5382 procurat
2367 5297 2596 5360 animae
2625 5315 2757 5360 suae
2785 5314 2860 5358 ea
2893 5297 2963 5359 in
2990 5301 3229 5381 quibus
3263 5306 3438 5371 salus
