4284 6267
812 488 932 551 212

1578 509 1931 556 RNARRATIO
1976 508 2039 555 m
2080 508 2220 555 CAP-
2268 509 2290 554 1
2331 506 2764 555 EccmslAs‘rAE.
2810 529 2890 539 -
2932 508 3073 556 ART.
3121 510 3141 555 1

811 675 1021 757 potius
1054 674 1335 753 fratrem,
1372 684 1444 739 ut
1479 676 1571 739 ait
1605 676 2045 759 HieronymuS‚
2078 675 2191 758 qui
2236 674 2306 737 li·
2335 677 2386 738 A
2411 674 2588 741 Unde
2619 676 2743 740 alia
2775 683 2922 740 sunt
2950 696 3094 759 quae
3117 677 3184 740 in
3214 677 3380 741 libro
3412 677 3530 742 isto
3560 698 3672 762 per
3702 678 3911 761 inqui·

809 773 998 836 brum
1028 774 1220 838 istum
1261 776 1570 858 exposuit.
1605 775 1800 858 Cujus
1839 775 2301 858 expositionem

810 871 1079 935 Albinus
1120 873 1186 935 in
1233 893 1347 937 suo
1387 894 1577 957 super
1616 874 1851 938 librum
1893 874 2085 937 istum
2129 893 2304 937 com-

810 979 1045 1047 mento,
1081 990 1197 1053 pro
1236 973 1461 1054 maJ‘ori
1503 982 1681 1055 parte
1725 972 1995 1050 induxit,
2032 972 2307 1035 elucida-

807 1071 902 1133 vit
930 1090 1003 1133 ac
1031 1070 1342 1135 dilatavit.

886 1168 990 1230 Ait
1035 1170 1274 1252 quippe
1316 1170 1736 1253 Hieronymus
1787 1171 1856 1233 in
1904 1170 2302 1253 expositione

806 1286 1141 1349 sua,quam
1172 1269 1249 1331 ad
1280 1268 1333 1331 S.
1357 1269 1610 1331 Paulam
1644 1269 2188 1350 Eustochiumque
2212 1268 2305 1331 di-

807 1366 970 1427 rexit
1001 1386 1016 1430 :
1052 1365 1254 1441 Quum
1296 1367 1509 1431 Romae
1546 1386 1773 1445 essem,
1809 1376 1872 1430 et
1904 1376 2138 1430 sanctae
2167 1366 2304 1429 Ble-

806 1463 967 1527 sillae
1006 1464 1279 1543 legerem
1308 1465 1756 1541 Ecclesiasten,
1794 1474 1863 1528 ut
1904 1485 2042 1529 eam
2075 1466 2152 1527 ad
2184 1464 2302 1527 hu-

805 1562 909 1643 jus
939 1562 1161 1625 mundi
1186 1581 1593 1645 provocarem
1624 1569 2162 1646 contemptum,et
2191 1563 2302 1624 illa

807 1680 997 1725 omne
1024 1662 1195 1744 quod
1226 1662 1290 1723 in
1322 1662 1559 1725 mundo
1591 1662 1909 1738 cernebat,
1946 1681 2063 1744 pro
2094 1661 2301 1725 nihilo

808 1769 1149 1842 reputaret,
1182 1760 1263 1823 ab
1307 1779 1381 1824 ea
1426 1770 1679 1841 rogatus
1717 1770 1880 1833 sum,
1920 1769 1987 1823 ut
2029 1760 2301 1824 obscura

2413 774 2710 838 sitionem
2736 775 3049 853 dicuntur,
3065 785 3128 840 et
3151 776 3276 839 alia
3296 796 3439 859 quae
3463 795 3577 859 per
3601 778 3909 841 rationem

2414 874 2491 935 ad
2525 874 3042 938 satisfaciendum
3071 884 3484 957 promuntur3
3506 876 3633 939 alia
3661 896 3806 959 quae
3833 896 3911 940 ex

2415 990 2684 1054 persona
2733 972 3010 1035 hominis
3061 973 3334 1037 carnalis
3383 981 3448 1036 et
3493 974 3716 1038 tentati
3767 995 3912 1057 pro-

2414 1070 2811 1147 nuntiantur,
2863 1071 2988 1134 alia
3032 1090 3177 1154 quae
3234 1091 3310 1134 ex
3359 1071 3620 1135 rationis
3667 1072 3908 1154 judicio

2416 1167 2849 1249 proferuntur,
2883 1177 2956 1231 ut
2997 1170 3250 1232 animus
3297 1189 3336 1232 a
3377 1170 3906 1235 delectationibus

2412 1275 2872 1349 compescatur.
2923 1267 3076 1330 Nam
3118 1266 3286 1329 infra
3336 1268 3474 1331 ait:
3508 1269 3638 1333 Hoc
3687 1269 3904 1352 itaque
3933 1290 4177 1341 Rectam

2413 1364 2572 1426 mihi
2604 1364 2809 1429 visum
2842 1373 2939 1428 est
2965 1364 3217 1440 bonum,
3255 1374 3325 1428 ut
3353 1367 3642 1429 comedat
3668 1366 3812 1448 quis
3841 1376 3906 1430 et

2413 1460 2610 1541 bibat,
2643 1472 2708 1525 et
2739 1462 2984 1526 fruatur
3027 1462 3247 1527 laetitia
3285 1483 3363 1527 ex
3401 1482 3516 1527 suo
3558 1465 3796 1528 labore.
3829 1466 3902 1528 Et

2415 1568 2626 1623 tamen
2675 1571 2894 1643 postea
2941 1561 3159 1624 subdit
3207 1580 3221 1624 ε
3276 1562 3492 1625 Melius
3543 1572 3640 1626 est
3687 1564 3778 1627 ire
3825 1565 3900 1627 ad
3933 1587 4178 1639 midam.

2411 1660 2668 1722 domum
2703 1660 2931 1731 luctus,
2966 1680 3158 1742 quam
3189 1661 3268 1723 ad
3307 1662 3564 1724 domum
3597 1662 3899 1727 convivii.

2413 1758 2472 1820 Si
2517 1759 2688 1821 enim
2727 1759 2966 1822 bonum
3006 1767 3102 1821 est
3141 1760 3522 1823 manducare
3563 1770 3626 1823 et
3663 1761 3900 1839 bibere,

804 1878 1075 1940 quaeque
1118 1859 1267 1921 libri
1309 1859 1499 1941 hujus
1551 1859 1949 1936 dissererem,
1985 1868 2298 1940 quatenus
2335 1850 2383 1911 Β
2411 1857 2956 1939 delectationeque
2993 1856 3143 1934 frui,
3174 1858 3405 1921 melius
3435 1866 3532 1921 est
3570 1859 3662 1922 ire
3690 1860 3766 1922 ad
3798 1861 3908 1923 do-

804 1957 1047 2039 absque
1093 1975 1231 2020 mea
1288 1958 1623 2039 praesentia
1673 1966 1885 2040 posset
1942 1957 2300 2038 intelligere

804 2074 949 2136 quae
980 2054 1248 2136 legebat.
1285 2057 1517 2138 ltaque,
1552 2056 1855 2137 quoniam
1888 2056 2027 2138 ipsa
2063 2056 2127 2117 in
2162 2075 2302 2138 pro-

807 2152 1023 2216 cinctu
1076 2154 1489 2235 expositionis
1547 2163 1779 2218 nostrae
1829 2156 2039 2217 subita
2096 2163 2300 2217 morte

808 2251 1127 2315 subtracta
1176 2260 1291 2330 est,
1326 2261 1389 2315 et
1432 2271 1561 2316 non
1610 2253 1982 2330 meruimuS,
2030 2272 2067 2315 o
2110 2253 2302 2316 Paula

808 2358 872 2413 et
909 2350 1344 2428 Eustochium,
1378 2352 1568 2414 talem
1610 2352 1755 2415 vitae
1794 2360 2025 2415 nostrae
2069 2351 2303 2414 habere

806 2456 1187 2523 consortem,
1250 2458 1424 2512 tanto
1482 2448 1746 2512 vulnere
1812 2450 2087 2513 tristitiae
2148 2457 2302 2513 tunc

805 2566 1146 2629 percussus
1169 2548 1492 2627 obmutui3
1518 2567 1685 2611 nunc
1716 2548 1781 2610 in
1809 2548 2128 2611 Bethleem
2157 2567 2305 2612 con·

806 2646 1089 2723 stitutus,
1122 2647 1445 2710 memoriae
1488 2657 1719 2711 sanctae
1765 2647 1939 2710 illius
1986 2656 2049 2711 et
2093 2648 2298 2724 vobis,

806 2745 979 2827 quod
1008 2744 1230 2821 debeo,
1268 2746 1477 2808 reddo,

922 2843 1227 2907 Praeterea
1282 2844 1360 2906 ad
1417 2844 1909 2925 intelligendum
1971 2845 2301 2927 limpidius

810 2941 1109 3005 universa
1167 2942 1236 3005 in
1292 2942 1459 3006 libro
1518 2943 1639 3006 isto
1694 2952 2013 3019 contenta,
2076 2945 2302 3008 adver-

2411 1976 2585 2017 mum
2636 1956 2940 2033 convivii,
2993 1975 3182 2038 quam
3233 1957 3312 2019 ad
3356 1958 3616 2021 domum
3674 1958 3902 2021 luctus,

2409 2054 2586 2116 Unde
2615 2054 2887 2129 elicitur,
2920 2056 3093 2136 quod
3134 2054 3292 2117 illud
3323 2074 3400 2117 ex
3435 2054 3902 2119 infirmantium

2409 2162 2602 2234 atque
2631 2152 2982 2215 carnalium
3012 2171 3282 2235 persona
3313 2154 3542 2229 intulit,
3562 2154 3728 2217 istud
3759 2173 3906 2218 vero

2411 2269 2488 2313 ex
2533 2251 2794 2314 rationis
2835 2250 3218 2315 definitione
3255 2252 3610 2333 subjunxit.
3643 2252 3797 2316 Nam
3841 2262 3906 2317 et

2412 2369 2665 2411 causam
2710 2370 2823 2413 cur
2867 2349 3032 2413 istud
3080 2350 3162 2413 sit
3205 2350 3455 2427 meliuS,
3499 2351 3765 2429 addidit,
3811 2352 3904 2414 di-

2413 2467 2564 2511 cens
2606 2467 2620 2511 :
2665 2448 2730 2511 In
2783 2449 2892 2511 illa
2933 2449 3128 2525 enim,
3164 2448 3411 2512 scilicet
3459 2449 3525 2511 in
3575 2450 3764 2513 domo
3814 2451 3906 2513 lu·
3963 2466 4145 2510 ιιι-αι...

2412 2555 2574 2624 ctuS‚
2627 2545 2780 2609 finis
2836 2555 3211 2610 cunctorum
3269 2548 3646 2611 admonetur
3703 2547 3905 2612 homi-

2411 2665 2587 2721 num,
2629 2652 2692 2707 et
2729 2645 2952 2709 vivens
2996 2646 3232 2723 cogitat
3273 2645 3431 2727 quid
3471 2644 3754 2709 futurum
3795 2648 3897 2710 sit.

2411 2745 2641 2807 lterum
2670 2744 3062 2819 aitzLaetare,
3087 2744 3366 2825 juveniS,
3386 2743 3454 2806 in
3483 2746 3903 2810 adolescentia
3947 2761 4186 2811 thuana.

2411 2851 2541 2905 tua.
2591 2842 2666 2903 Et
2709 2850 2920 2906 tamen
2964 2842 3156 2925 paulo
3201 2851 3342 2925 post
3385 2843 3600 2906 subdit
3635 2861 3650 2906 :
3685 2844 3905 2908 Adole-
3964 2860 4163 2903 totam.

2355 2976 2362 2985 ·
2411 2941 2655 3003 scentia
2683 2948 2746 3004 et
2775 2942 3066 3023 voluptas
3095 2960 3258 3005 vana
3287 2950 3458 3003 sunt.
3477 2940 3906 3007 Consimiliter

811 3041 1003 3103 tenda
1045 3049 1193 3103 sunt
1235 3040 1428 3105 verba
1476 3041 1680 3104 sancti
1721 3041 2028 3123 Gregorii,
2072 3050 2300 3124 quarto
2332 3035 2379 3100 G
2413 3040 2822 3102 concionator
2863 3040 2980 3103 iste
3019 3039 3302 3103 diversas
3341 3040 3760 3103 tentationum
3803 3062 3907 3107 co-

812 3138 1214 3219 Dialogorum
1269 3139 1538 3202 dicentis
1588 3140 1807 3221 (cujus
1861 3140 2053 3204 etiam
2105 3141 2302 3204 verba

809 3234 1027 3299 Glossa
1066 3244 1129 3299 et
1166 3235 1432 3299 Albinus
1471 3241 2000 3319 commemorant)
2034 3255 2047 3300 :
2086 3239 2301 3302 Eccle-

810 3334 1057 3413 siastes,
1091 3334 1321 3416 inquit,
1345 3334 1576 3412 Graece‚
1603 3336 2012 3400 concionator
2044 3338 2300 3419 proprie

809 3432 1067 3496 dicitur.
1098 3433 1165 3495 ln
1197 3433 1506 3498 concione
1536 3452 1687 3499 vero
1720 3435 2036 3497 sententia
2071 3436 2303 3517 promi-

808 3539 935 3609 tur,
988 3550 1103 3613 per
1143 3552 1333 3613 quam
1374 3533 1778 3595 tumultuosae
1821 3534 2020 3596 turbae
2070 3534 2300 3598 seditio

809 3630 1297 3712 comprimatur3
1339 3638 1399 3694 et
1436 3650 1583 3693 cum
1627 3631 1811 3693 multi
1859 3631 2110 3695 diversa
2161 3652 2302 3695 sen-

812 3728 998 3803 tiunt,
1032 3748 1147 3811 per
1183 3728 1619 3792 concionantis
1660 3729 1967 3793 rationem
1998 3731 2076 3792 ad
2108 3750 2299 3793 unam

810 3826 1190 3889 sententiam
1239 3828 1695 3909 perducuntur.
1740 3827 1853 3909 Hic
1899 3828 2091 3908 igitur
2140 3828 2303 3892 liber

810 3923 1047 3987 idcirco
1076 3924 1484 3987 concionator
1511 3924 1765 4002 dicitur,
1800 3925 2103 4007 quoniam
2134 3926 2305 3990 Salo-

809 4042 960 4087 mon
1005 4023 1071 4084 in
1114 4042 1189 4087 eo
1232 4023 1414 4104 quasi
1457 4023 1907 4087 tumultuantis
1960 4024 2162 4087 turbae
2209 4046 2306 4087 as-

809 4121 1083 4203 sumpsit
1116 4140 1397 4196 sensum,
1444 4130 1509 4185 ut
1548 4141 1623 4185 ea
1660 4140 1774 4204 per
1817 4122 2301 4203 inquisitionem

2413 3136 2752 3217 gitationes
2795 3136 3180 3218 exprimenS‚
3219 3136 3307 3197 ait
3340 3154 3355 3198 :
3389 3136 3564 3199 Unus
3607 3146 3703 3200 est
3748 3140 3907 3203 inte-
3933 3155 4186 3206 mamm.

2411 3236 2570 3297 ritus
2618 3234 2950 3297 hominum
3001 3243 3063 3297 et
3117 3235 3573 3315 jumentorum,
3629 3244 3694 3299 et
3743 3237 3905 3300 nihil

2410 3334 2602 3397 habet
2645 3334 2835 3397 homo
2871 3334 3161 3415 jumento
3201 3334 3502 3415 amplius.
3538 3334 3656 3398 Sed
3695 3356 3772 3399 ex
3811 3356 3908 3399 ra-

2414 3432 2602 3495 tionis
2653 3431 3033 3495 del'initione
3078 3441 3297 3515 postea
3339 3432 3494 3496 dicit
3526 3451 3540 3496 :
3574 3432 3735 3508 Quid
3775 3455 3907 3498 am·
3947 3450 4176 3501 uitiata.

2413 3530 2579 3613 plius
2621 3531 2810 3594 habet
2849 3530 3102 3612 sapiens
3132 3550 3169 3592 a
3199 3530 3431 3593 stulto?
3461 3538 3524 3594 et
3560 3532 3718 3614 quid
3760 3553 3908 3616 pau-

2413 3649 2547 3711 per,
2594 3629 2717 3691 nisi
2763 3638 2832 3691 ut
2872 3637 3089 3711 pergat
3136 3629 3290 3692 illuc
3333 3629 3446 3692 ubi
3488 3638 3585 3694 est
3625 3630 3800 3694 vita?
3836 3633 3906 3696 ln

2412 3728 2644 3809 quibus
2688 3726 2902 3791 verbis
2947 3727 3224 3790 declarat
3269 3728 3441 3808 quod
3491 3727 3596 3791 hic
3645 3748 3774 3793 non
3823 3731 3907 3793 sit

2414 3846 2564 3889 vera
2592 3826 2922 3889 hominum
2964 3825 3116 3901 vita,
3147 3826 3226 3887 ad
3259 3844 3454 3906 quam
3493 3826 3904 3891 obtinendam

2415 3926 2620 4007 pergit
2646 3925 2897 4007 sapiens
2931 3932 3075 4006 post
3105 3923 3270 3987 hanc
3298 3924 3519 3987 vitam.
3554 3924 3898 4004 PostremO,

2415 4024 2824 4087 concionator
2866 4023 2984 4085 iste
3025 4022 3212 4101 longe
3254 4021 3526 4085 inferius
3571 4022 3851 4105 loquitur
3885 4044 3898 4089 :

2413 4122 2865 4203 Quodcumque
2905 4128 3114 4202 potest
3151 4139 3379 4183 manus
3423 4128 3550 4197 tua,
3593 4122 3904 4187 instanter
3935 4142 4194 4195 mutuno.

809 4218 1069 4295 diceret,
1101 4238 1246 4301 quae
1280 4218 1547 4283 fortasse
1588 4239 1701 4302 per
1732 4219 2147 4284 tentationem
2189 4222 2306 4284 im·
2336 4221 2384 4282 D
2415 4238 2678 4302 operare
2724 4237 2738 4281 :
2791 4219 2944 4301 quia
2993 4238 3109 4282 nec
3159 4237 3342 4300 opuS‚
3395 4238 3510 4283 nec
3557 4221 3740 4299 ratio,
3788 4241 3904 4286 nec

811 4318 1020 4399 perita
1062 4336 1217 4398 gens
1264 4318 1478 4381 sentit.
1524 4318 1686 4391 Quot
1735 4319 1906 4381 enim
1956 4320 2304 4382 sententias

808 4435 924 4497 per
967 4415 1452 4498 inquisitionem
1493 4425 1741 4493 movet,
1768 4417 1947 4499 quasi
1996 4427 2088 4481 tot
2127 4419 2195 4480 in
2238 4437 2306 4482 se

810 4533 1111 4597 personas
1154 4514 1551 4578 diversorum
1588 4516 1853 4597 accepit.
1888 4516 2009 4579 Sed
2052 4517 2306 4580 concio-

809 4620 995 4676 nator
1022 4631 1211 4677 verax
1247 4613 1430 4694 quasi
1470 4622 1724 4676 extenta
1762 4634 1956 4677 manu
1993 4615 2303 4678 tumultus

808 4711 1097 4775 omnium
1127 4712 1575 4793 sedat‚eosque
1597 4713 1675 4775 ad
1710 4732 1899 4775 unam
1925 4714 2304 4776 sententiam

810 4818 1082 4887 revocat,
1129 4830 1331 4892 quum
1380 4810 1447 4873 in
1497 4810 1782 4891 ejusdem
1832 4810 1981 4873 libri
2033 4812 2306 4876 termino

808 4908 895 4969 ait
934 4927 947 4971 :
982 4908 1201 4971 Finem
1231 4908 1530 4990 loquendi
1573 4927 1794 4972 omnes
1826 4910 2062 4992 pariter
2088 4911 2306 4974 audia-

808 5022 985 5068 mus:
1013 5007 1210 5069 Deum
1240 5006 1415 5083 time,
1441 5016 1559 5070 etc.
1588 5006 1650 5070 Si
1684 5007 1855 5070 enim
1889 5008 1954 5069 in
1985 5007 2151 5071 libro
2185 5008 2306 5072 isto

809 5122 922 5186 per
970 5104 1357 5168 locutionem
1418 5125 1595 5168 suam
1646 5124 1950 5187 personas
2000 5106 2307 5188 plurimo-

807 5222 951 5263 rum
999 5221 1128 5266 non
1177 5204 1442 5286 accepit,
1492 5224 1607 5267 cur
1649 5205 1727 5267 ad
1777 5205 2166 5267 audiendum
2216 5205 2307 5269 lo-

809 5300 1052 5381 quendi
1107 5301 1331 5377 finem,
1383 5320 1606 5366 omnes
1664 5322 1879 5367 secum
1936 5303 2302 5366 admonuit?

2415 4318 2748 4401 sapientia,
2803 4337 2919 4381 nec
2967 4318 3234 4381 scientia
3281 4327 3469 4381 erunt
3521 4320 3691 4401 apud
3742 4320 3906 4385 inse-

2415 4436 2540 4495 rOS,
2573 4436 2700 4498 quo
2732 4425 2798 4479 tu
2838 4435 3160 4499 properas,
3194 4416 3518 4489 Quomodo
3548 4436 3697 4499 ergo
3737 4438 3902 4481 unus

2415 4516 2708 4578 interitus
2739 4523 2834 4577 est
2873 4513 3150 4578 hominis
3179 4523 3243 4577 et
3269 4515 3578 4595 jumenti?
3609 4525 3718 4578 aut
3749 4535 3906 4599 quo-

2414 4614 2602 4677 modo
2641 4612 2805 4675 nihil
2835 4612 3027 4675 habet
3054 4611 3245 4676 homo
3281 4613 3571 4694 jumento
3599 4615 3898 4697 ampliuS,

2414 4732 2610 4794 quum
2636 4712 2924 4793 jumenta
2955 4720 3099 4793 post
3127 4719 3394 4775 mortem
3423 4711 3631 4776 carnis
3661 4732 3788 4776 non
3820 4715 3906 4778 vi·

2415 4818 2588 4887 vant,
2621 4809 2883 4890 spiritus
2914 4818 3125 4872 autem
3165 4810 3496 4873 hominum
3529 4810 3900 4891 iniquorum

2415 4917 2558 4990 post
2601 4916 2867 4970 mortem
2916 4908 3127 4971 carnis
3173 4909 3251 4970 ad
3301 4908 3541 4972 inferos
3590 4909 3904 4973 deducan-

2417 5010 2556 5069 tur?
2591 5006 2711 5068 Has
2747 5024 2898 5087 ergo
2929 5015 3058 5068 tam
3092 5006 3374 5070 diversas
3409 5006 3646 5069 mentis
3681 5007 3904 5072 huma·

2415 5124 2512 5168 nae
2545 5104 2901 5186 opinioneS,
2934 5104 3274 5184 diligenter
3305 5106 3451 5168 libri
3484 5105 3677 5186 hujus
3706 5106 3903 5172 lector

2415 5203 2789 5281 consideret,
2815 5204 3054 5285 etquid
3085 5204 3188 5266 cui
3220 5223 3507 5286 personae
3539 5206 3898 5283 conveniat,

2412 5311 2655 5385 penset,
2693 5322 2773 5366 ne
2805 5302 2870 5365 in
2903 5302 3159 5385 Epicuri
3189 5322 3469 5368 errorem
3499 5302 3770 5383 labatur,
3789 5307 3904 5390 qui
