4284 6267
612 1456 763 1499 Eoeod.
784 1470 841 1509 ιιι,

580 1522 645 1562 u.

594 1761 676 1805 Job
696 1775 779 1814 xiv,
800 1764 839 1805 4.

585 1960 679 2003 Jer.
703 1973 754 2010 ιι,
774 1962 838 2003 19.

622 3230 675 3273 iv
702 3230 810 3287 Rea.

577 3307 690 3347 xxxii,
709 3298 747 3338 5.

690 5281 725 5338 3

874 468 993 533 530

1494 484 1846 533 munuum
1888 484 1952 531 IN
1992 485 2133 533 CAP.
2181 484 2292 531 xm
2333 485 2492 532 mnu
2533 486 2889 533 SAPOENTIAE.
2935 507 3016 517 —
3055 489 3197 535 Am.
3243 489 3352 539 xm

874 657 1085 741 ipsum
1126 676 1265 720 esse
1304 663 1686 739 separatum,
1730 656 2016 738 plenum,
2060 654 2367 737 indepen-
2395 654 2446 717 A
2471 657 2696 733 specie,
2731 655 2793 718 id
2838 664 2934 719 est
2970 656 3222 733 decore,
3251 658 3549 717 delectati
3589 654 3962 727 idololatrae,

872 756 1054 833 dena,
1081 753 2009 835 incircumscriptum,purum,
2031 751 2369 835 simplicis-

872 853 1135 931 simum,
1173 853 1434 916 infinite
1466 851 1847 935 perfectum,
1886 852 1949 914 in
1990 871 2059 915 se
2099 852 2238 933 ipso
2273 852 2369 912 in-

871 952 1415 1015 commutabiliter
1438 950 1947 1032 aeternaliterque
1978 951 2362 1013 consistens:

872 1052 1043 1132 quod
1084 1058 1275 1114 tantae
1313 1059 1411 1114 est
1450 1050 1863 1125 excellentiae,
1914 1059 1981 1111 ut
2014 1050 2156 1131 ejus
2199 1066 2368 1111 com-

872 1148 1201 1231 paratione
1259 1166 1448 1211 omne
1506 1156 1785 1210 creatum
1832 1165 1994 1223 esse,
2046 1146 2130 1209 sit
2183 1146 2364 1226 quasi

872 1266 1001 1310 non
1050 1266 1209 1310 esse.
1256 1247 1403 1309 ldeo
1442 1246 1721 1328 primum
1762 1263 1997 1307 nomen
2039 1244 2147 1308 Dei
2189 1243 2369 1325 poni-

870 1354 997 1421 tur,
1037 1346 1210 1421 Esse,
1244 1363 1375 1421 seu,
1416 1342 1531 1418 Qui
1576 1352 1692 1405 est..
1738 1342 1853 1417 Qui
1896 1343 2088 1425 Moysi
2132 1360 2366 1405 nomen

872 1463 1059 1505 suum
1104 1442 1451 1506 sciscitanti
1486 1442 1717 1522 legitur
1748 1441 2154 1524 respondisse
2187 1458 2201 1502 ε
2237 1440 2366 1520 Ego

873 1560 1013 1604 sum
1048 1540 1160 1623 qui
1210 1561 1378 1603 sum.
1411 1540 1551 1603 Haec
1581 1539 1755 1602 dices
1787 1538 1947 1601 filiis
1976 1538 2165 1601 lsrael
2201 1555 2215 1599 ε
2249 1536 2364 1612 Qui

870 1648 987 1715 est,
1024 1639 1201 1702 misit
1243 1658 1346 1702 me
1394 1639 1472 1701 ad
1510 1657 1645 1701 vos.
1678 1637 1792 1701 Cui
1838 1645 2097 1699 sanctus
2132 1636 2247 1699 Job
2277 1636 2367 1697 di-

873 1738 965 1800 xit
1009 1737 1206 1811 :Quis
1248 1745 1457 1819 potest
1508 1736 1717 1799 facere
1766 1736 2075 1798 mundum
2120 1736 2200 1798 de
2249 1736 2366 1796 im-

2471 756 2617 813 deos
2651 764 3068 830 putaverunt,
3099 758 3311 815 sciant
3343 764 3584 833 quanto
3617 756 3720 814 his
3753 754 3967 813 domi-

2473 863 2665 913 nator
2683 873 2904 913 eorum
2923 855 3262 932 speciosior
3283 864 3388 922 est,
3405 854 3468 915 id
3499 861 3615 929 est,
3635 852 3969 915 advertant

2475 959 2537 1013 et
2585 951 2809 1028 sciant,
2853 953 3023 1033 quod
3074 961 3320 1015 creator
3357 960 3420 1015 et
3467 959 3673 1016 rector
3717 968 3962 1027 eorum,

2477 1048 2699 1130 utique
2728 1048 2988 1111 infinite
3016 1050 3100 1112 sit
3126 1050 3470 1130 speciosior
3495 1048 3664 1131 ipsis.
3685 1048 3966 1129 Denique

2477 1147 2712 1208 summi
2762 1147 3150 1231 philosophi,
3187 1147 3473 1229 planetas
3523 1154 3587 1209 et
3627 1146 3842 1209 stellas
3889 1164 3966 1208 ac

2475 1244 2663 1307 orbes
2691 1244 3006 1321 coelesteS,
3038 1245 3337 1308 dixerunt
3365 1264 3504 1309 esse
3533 1244 3866 1319 animatos,
3902 1254 3966 1307 et

2476 1342 2648 1405 deos,
2683 1341 2894 1405 Nihilo
2941 1343 3155 1405 minus
3205 1351 3643 1424 cognoverunt
3691 1342 3962 1424 primam

2473 1460 2749 1517 causam,
2785 1441 3028 1504 scilicet
3069 1442 3288 1519 Deum,
3322 1461 3462 1505 esse
3498 1440 3965 1523 incomparabi-

2474 1538 2619 1601 liter
2647 1538 3002 1619 digniorem
3029 1558 3104 1603 ac
3136 1539 3590 1621 pulchriorem,
3608 1547 3828 1621 utpote
3859 1558 3965 1619 pu-

2473 1656 2611 1699 rum
2661 1646 2898 1713 actum,
2941 1647 3005 1699 et
3049 1636 3377 1700 infinitam
3428 1638 3750 1700 virtutem.
3783 1636 3962 1698 Unde

2473 1733 2538 1797 in
2599 1736 2809 1817 primo
2858 1735 3076 1797 Timaei
3131 1735 3304 1799 Plato
3363 1735 3610 1798 inducit-
3656 1733 3962 1816 opificem

872 1837 1111 1899 mundo
1154 1843 1528 1917 conceptum
1580 1834 1861 1897 seminet
1889 1833 2111 1897 Nonne
2149 1841 2216 1895 tu
2249 1832 2362 1914 qui
2401 1834 2447 1895 B
2475 1833 2779 1909 universi,
2834 1833 3036 1896 stellis
3093 1834 3484 1915 orbibusque
3529 1832 3892 1914 loquentem
3943 1849 3957 1893 :

873 1935 1048 1997 solus
1078 1937 1186 1997 es?
1217 1934 1303 1996 De
1333 1952 1461 2015 quo
1492 1932 1727 2013 legitur
1755 1932 1821 1994 in
1851 1931 2166 2014 Propheta
2199 1951 2213 1995 :
2247 1931 2363 2005 Qui

872 2031 1025 2097 fecit
1054 2033 1291 2109 omnia,
1318 2033 1455 2114 ipse
1483 2040 1609 2111 est;
1636 2030 1939 2093 Dominus
1970 2030 2362 2092 exercituum

870 2148 1105 2193 nomen
1136 2128 1299 2210 ejus,

952 2230 1167 2307 Neque
1196 2227 1489 2304 operibus
1516 2228 1931 2296 accendentes,
1964 2232 2366 2301 aynoverunt

868 2328 1016 2405 quis
1044 2335 1196 2385 esset
1228 2325 1495 2401 artifeoe,
1518 2323 1583 2385 id
1611 2329 1727 2399 est,
1754 2331 2186 2385 creaturarum
2217 2339 2367 2383 con-

870 2422 1241 2485 siderationi
1272 2429 1591 2497 vacanteS,
1612 2438 1739 2483 non
1769 2427 2168 2500 agnoverunt
2195 2417 2364 2499 quod

869 2520 1194 2602 produetae
1236 2526 1449 2581 essent
1496 2519 1576 2581 ab
1622 2537 1749 2581 uno
1797 2535 2049 2580 summo
2087 2514 2360 2579 artifice.

870 2621 1001 2680 Sed
1040 2628 1155 2679 aut
1184 2620 1423 2695 iynem,
1461 2626 1577 2677 aut
1604 2618 1938 2693 spiritum,
1972 2616 2037 2678 id
2080 2622 2177 2677 est
2215 2631 2367 2677 ven-

872 2724 1007 2778 tum
1031 2734 1142 2779 scu
1174 2715 1497 2789 aetherem‚
1520 2723 1635 2776 aut
1664 2713 2045 2784 citatum,id
2074 2719 2173 2775 est
2199 2729 2367 2774 com·

871 2823 1116 2877 motum
1165 2821 1274 2876 aut
1316 2811 1645 2888 mobilem,
1690 2833 1926 2884 aerem,
1961 2821 2076 2872 aut
2118 2830 2364 2887 yyrum

868 2916 1233 2982 stellarum,
1283 2911 1346 2975 id
1396 2918 1492 2973 est
1535 2910 1846 2973 circulum
1899 2909 2203 2985 siderum,
2251 2925 2363 2969 seu

2471 1932 2518 1994 Ο
2548 1931 2636 1993 (1ίί
2665 1932 2960 1995 deorum!
2987 1950 3258 2013 quorum
3289 1940 3466 2014 pater
3494 1938 3558 1993 et
3587 1931 3805 2012 opifex
3825 1948 3960 2009 ego.

2471 2029 2842 2093 Aristoteles
2872 2047 3128 2110 quoque
3160 2029 3345 2093 tertio
3374 2030 3452 2091 de
3481 2028 3727 2103 Anima,
3763 2027 3961 2090 solem

2471 2126 2752 2208 appellat
2801 2134 3042 2208 patrem
3091 2126 3374 2191 virorum
3427 2146 3500 2189 ac
3547 2127 3834 2189 deorum.
3887 2126 3962 2186 Et

2473 2226 2768 2307 quamvis
2810 2225 2914 2287 isti
2959 2225 3024 2286 in
3065 2224 3388 2307 aliquibus
3425 2233 3816 2297 erraverunt,
3849 2225 3961 2287 mi—

2475 2343 2594 2385 nus
2636 2331 2870 2399 tamen,
2905 2341 3098 2404 quam
3141 2323 3236 2385 illi
3275 2323 3387 2404 qui
3428 2322 3567 2385 istis
3606 2322 3836 2385 creatis
3873 2331 3960 2384 at-

2476 2421 2837 2484 tribuebant
2875 2420 3293 2503 principalem
3337 2421 3796 2494 auctoritatem‚
3831 2420 3961 2481 dei-

2475 2528 2689 2596 tatem,
2731 2528 2796 2583 et
2840 2518 3322 2583 formositatem.
3357 2522 3609 2599 Speciei
3647 2522 3823 2580 enim
3855 2538 3962 2595 ⁸qe-

2473 2628 2759 2688 neracor,
2791 2618 2856 2680 id
2893 2625 2989 2680 est
3021 2618 3184 2681 Deus
3223 2618 3431 2681 omnis
3463 2616 3959 2700 pulchritudinis

2475 2714 2799 2778 institutor
2830 2724 2894 2777 et
2921 2723 3162 2793 auctor,
3197 2717 3330 2777 haec
3357 2719 3576 2776 omm'a
3603 2716 3957 2785 constituit,

2474 2814 2538 2876 id
2587 2822 2704 2889 est,
2753 2812 2905 2876 fecit
2935 2830 2949 2874 ε
2985 2813 3128 2877 ideo
3184 2813 3499 2895 quidquid
3545 2811 3958 2895 perfectionis

2471 2932 2544 2978 ac
2573 2911 3070 2994 pulchritudinis
3103 2912 3267 2976 inest
3294 2912 3456 2987 istis,
3477 2912 3678 2975 multo
3710 2911 3959 2993 praecla-

869 3011 1197 3074 zodiacum
1248 3009 1387 3091 (qui
1448 3016 1548 3071 est
1593 3007 1871 3071 circulus
1920 3006 2243 3088 obliquus,
2295 3004 2360 3066 in
2399 3013 2442 3075 C
2475 3010 2606 3071 rius
2649 3018 2745 3073 est
2790 3010 2856 3071 in
2901 3010 3034 3073 illo.

870 3128 999 3190 quo
1048 3117 1383 3173 moventur
1418 3107 1713 3189 planetae,
1746 3104 1987 3168 habens
2022 3103 2362 3168 duodecim

870 3206 1054 3287 signa
1107 3225 1121 3270 :
1178 3206 1349 3269 unde
1402 3204 1657 3285 legitur,
1708 3203 1949 3266 Delevit
1995 3201 2198 3265 Josias
2253 3220 2361 3264 eos

871 3304 983 3385 qui
1031 3303 1371 3367 adolebant
1420 3301 1540 3365 soli
1588 3309 1653 3365 et
1697 3302 1866 3364 lunae
1912 3310 1976 3363 et
2023 3300 2360 3363 duodecim

870 3401 1119 3483 signis),
1154 3413 1271 3463 aut
1306 3402 1615 3471 nimiam,
1645 3399 1710 3461 id
1756 3406 1855 3461 est
1897 3398 2364 3461 abundantissi-

870 3518 1061 3577 mam,
1103 3520 1369 3580 aquam,
1401 3497 1701 3561 videlicet
1738 3496 2125 3559 elementum
2155 3514 2357 3577 aquas,

871 3598 1009 3661 sive
1037 3597 1378 3673 Oceanum,
1418 3607 1537 3658 aut
1568 3600 1763 3656 solem
1788 3605 1849 3657 ec
1880 3600 2125 3665 lunam,
2167 3605 2363 3655 recto-

867 3718 968 3758 res
1025 3699 1194 3757 orbis
1254 3706 1578 3756 terrarum
1623 3698 1771 3755 deos
1816 3701 2242 3772 putaverunt,
2295 3692 2360 3753 id

868 3804 979 3871 est,
1000 3794 1475 3857 aestimaverunt
1505 3811 1643 3855 esse
1674 3791 2059 3874 principales
2086 3799 2361 3855 rectores

870 3891 1277 3969 inferiorum,
1313 3910 1385 3955 ac
1426 3892 1600 3954 deos.
1637 3890 1874 3971 Nempe
1910 3889 2127 3971 aliquo
2171 3890 2359 3952 modo

868 4009 1093 4056 verum
1161 3998 1478 4063 censetur,
1542 3988 1711 4069 quod
1769 3988 2138 4051 Aristoteles
2197 3988 2286 4050 ait
2341 4004 2354 4049 ε

868 4088 1127 4171 Oportet
1156 4088 1327 4150 hunc
1368 4085 1677 4149 mundum
1708 4105 1848 4150 esse
1878 4086 2250 4165 contiguum
2282 4086 2360 4147 la·

2551 3112 2688 3170 Aut
2715 3110 2774 3168 si
2813 3110 3120 3171 virtutem
3145 3118 3204 3169 et
3236 3129 3428 3186 opera
3463 3128 3686 3169 eorum
3729 3107 3954 3169 mirati

2469 3218 2648 3275 sunt,
2683 3207 2746 3269 id
2776 3214 2893 3283 est,
2929 3208 3081 3288 quia
3117 3207 3550 3270 causalitatem
3579 3216 3644 3269 et
3681 3205 3952 3269 effectus

2470 3305 2623 3369 solis
2651 3325 2724 3368 ac
2756 3304 2945 3382 lunae,
2969 3313 3079 3367 aut
3107 3304 3561 3381 consimilium,
3583 3313 3731 3367 sunt
3759 3304 3953 3367 admi·

2471 3404 2610 3479 rati,
2638 3405 3014 3481 intelligant
3042 3406 3120 3465 ab
3147 3405 3328 3481 ipsiS,
3347 3402 3411 3465 id
3441 3412 3537 3465 est
3565 3422 3642 3466 ex
3669 3402 3952 3466 conside-

2471 3501 2712 3564 ratione
2739 3500 3044 3583 ipsorum,
3078 3504 3388 3581 quoniam
3415 3502 3534 3581 qui
3565 3505 3698 3563 lzaec
3725 3503 3952 3562 consti-

2473 3602 2619 3671 tuit,
2639 3598 2703 3661 id
2733 3608 2851 3675 est,
2871 3599 3131 3675 creavit,
3147 3601 3406 3677 fortior,
3425 3599 3487 3661 id
3519 3607 3614 3662 est
3643 3598 3952 3661 causalior

2467 3705 2660 3778 atque
2707 3698 3047 3779 potentior,
3087 3708 3176 3759 esc
3209 3699 3382 3769 illis;
3410 3706 3473 3759 et
3510 3697 3822 3779 quidquid
3865 3694 3951 3759 ef-

2472 3794 2712 3859 ficaciae
2750 3796 3007 3871 habent,
3050 3794 3129 3858 ab
3162 3794 3273 3858 illo
3311 3796 3517 3859 sortiti
3557 3804 3727 3872 sunt,
3771 3804 3836 3858 et
3872 3794 3950 3857 ab

2467 3894 2690 3957 eodem
2743 3894 3134 3956 incessanter
3174 3893 3512 3976 dependet.

2547 3996 2602 4053 A
2647 3994 3102 4070 maynitudine
3137 3994 3308 4053 enim
3347 3994 3580 4069 speciei
3616 4003 3675 4053 et
3709 4002 3952 4055 creatu-

2467 4113 2582 4161 rae,
2604 4090 2668 4153 id
2698 4098 2794 4152 est
2823 4110 2900 4152 ex
2927 4090 3434 4153 consideratione
3463 4091 3676 4170 magni
3705 4090 3950 4153 decoris

868 4186 1154 4250 tionibus
1204 4184 1629 4266 superiorum,
1680 4194 1751 4247 ut
1793 4192 1923 4247 tota
1970 4185 2111 4264 ejus
2156 4184 2358 4246 virtus
2392 4190 2439 4251 D
2468 4207 2679 4250 rerum
2717 4196 2780 4249 et
2822 4188 3106 4269 ipsarum
3144 4196 3598 4265 creaturarum,
3643 4192 3952 4266 coquos-ci—

870 4284 1019 4347 inde
1067 4284 1479 4363 gubernetur.
1514 4282 1743 4364 Sicque
1771 4282 2055 4345 coelestia
2094 4300 2361 4365 corpora

867 4389 1066 4463 agunt
1110 4390 1172 4443 et
1220 4380 1505 4443 influunt
1549 4381 1612 4443 in
1660 4380 1973 4443 elementa
2022 4400 2093 4443 ac
2136 4382 2354 4457 mixta,

868 4490 931 4545 et
962 4479 1532 4542 instrumentaliter
1564 4488 1791 4559 regunt
1828 4496 1942 4554 ea;
1976 4498 2103 4542 non
2145 4488 2356 4542 tamen

867 4580 1109 4643 directe
1144 4586 1343 4659 agunt
1386 4578 1453 4639 in
1498 4577 1892 4659 superiorem
1942 4586 2186 4659 partem
2224 4579 2360 4641 ani-

868 4697 987 4741 mae
1036 4676 1386 4750 rationaliS,
1424 4695 1539 4739 nec
1579 4694 1717 4738 eam
1759 4674 2165 4738 necessitant.
2199 4676 2358 4739 Hinc

868 4775 963 4839 sol
1002 4794 1119 4839 suo
1156 4794 1412 4838 accessu
1457 4773 1520 4836 in
1569 4774 1846 4850 zodiacO,
1890 4773 2123 4836 dicitur
2171 4794 2361 4837 causa

864 4874 1295 4956 generationis
1330 4873 1396 4934 in
1445 4872 1890 4950 inferioribus3
1922 4882 1985 4935 et
2028 4891 2141 4935 sua
2185 4873 2362 4936 elon-

865 4973 1133 5053 gatione,
1154 4990 1343 5035 causa
1372 4971 1820 5052 corruptionis.
1839 4970 1933 5032 Ad
1965 4972 2138 5051 quod
2167 4971 2358 5033 etiam

868 5089 1060 5153 super
1090 5070 1439 5133 secundum
1469 5068 1939 5131 Sententiarum
1970 5067 2244 5131 Thomas
2274 5068 2361 5131 di-

866 5170 1090 5235 vinum
1123 5168 1491 5251 Dionysium
1522 5168 1755 5247 allegat
1792 5176 1854 5231 et
1886 5167 2196 5249 sequitur.

950 5272 1238 5339 Quorum
1266 5268 1513 5333 entium
1542 5270 2023 5345 creatorum,si,
2039 5285 2156 5349 pro
2187 5267 2355 5349 quia,

2467 4289 2685 4348 biliter
2729 4289 2970 4364 poterit
3023 4297 3270 4347 creator
3315 4290 3545 4347 horum
3601 4290 3838 4359 videri,
3889 4288 3949 4349 id

2465 4394 2578 4463 est,
2600 4386 2763 4448 Deus
2791 4385 3080 4447 omnium
3110 4403 3300 4447 causa
3331 4385 3623 4464 intelligi.
3657 4384 3951 4460 Quamvis

2467 4485 2640 4546 enim
2682 4481 3348 4564 incomprehensibilis
3388 4483 3492 4559 sit,
3523 4493 3836 4563 quantum
3875 4485 3950 4546 ad

2469 4580 2622 4662 quid
2655 4588 2774 4656 est,
2809 4599 2926 4642 nec
2965 4578 3262 4658 cognosci
3303 4579 3502 4661 possit
3531 4598 3646 4661 per
3673 4600 3948 4657 causam,

2468 4679 2533 4741 id
2561 4686 2680 4755 est,
2715 4678 2864 4741 sciri
2895 4696 3026 4741 non
3056 4678 3259 4759 possit
3287 4696 3324 4739 a
3352 4678 3582 4759 priori3
3617 4687 3827 4741 tamen
3858 4698 3952 4743 co-

2465 4776 2840 4856 gnoscibilis
2881 4784 2997 4852 est,
3050 4775 3201 4857 quia
3247 4784 3364 4853 est,
3408 4785 3471 4838 et
3510 4794 3548 4837 a
3592 4776 3944 4858 posteriori,

2469 4895 2581 4959 per
2629 4894 2775 4937 suos
2813 4873 3109 4951 effectus,
3144 4892 3340 4954 quum
3389 4891 3580 4937 omne
3627 4884 3946 4938 causatum

2467 4974 2550 5035 sit
2588 4973 2876 5053 quaedam
2917 4971 3271 5034 similitudo
3311 4990 3440 5035 suae
3488 4990 3716 5035 causae.
3752 4972 3852 5035 Sic
3887 4982 3948 5036 et

2467 5070 2677 5135 omnis
2707 5078 2992 5132 ereatura
3023 5077 3119 5131 est
3149 5069 3436 5150 quaedam
3468 5070 3842 5152 participata
3867 5071 3948 5133 si-

2468 5168 2784 5245 militudo,
2815 5176 2880 5230 et
2922 5168 3091 5230 velut
3133 5167 3394 5248 quidam
3443 5167 3658 5231 radius
3704 5169 3944 5231 Creato-

2468 5268 2579 5331 ris,
2613 5267 2702 5329 Ex
2730 5266 2954 5330 ordine
2982 5284 3236 5348 quoque
3263 5284 3620 5343 causarum,
3654 5274 3718 5330 et
3747 5267 3945 5331 mobi-
