4284 6267
950 507 1306 555 malumno
1349 508 1410 553 IN
1453 506 1592 553 GAP.
1629 507 1668 551 V
1711 504 1949 552 cAN'rlcl
1993 504 2395 554 CAN'rmonuu.
2442 527 2521 537 —
2564 508 2705 553 ΛΒΤ.
2750 506 2877 555 xvn

3344 488 3457 554 401

350 686 530 739 ctum
561 679 913 755 excitando,
939 679 1258 742 monendo
1287 686 1351 741 et
1379 677 1857 741 inflammando.
1893 678 1944 739 A
1974 678 2182 759 posui,
2216 682 2527 759 quomodo
2566 681 2816 740 induar
2851 680 3019 739 illa?
3056 678 3118 742 id
3162 688 3279 755 est,
3316 700 3467 762 qua-

349 776 712 840 Praesertim
775 795 928 841 vero
999 777 1065 839 in
1135 777 1294 841 hora
1349 776 1860 839 annuntiationis

347 876 718 951 dominicae,
782 876 848 939 in
897 876 1034 959 ipsa
1093 876 1520 939 collocutione
1579 876 1860 957 Virginis

349 982 548 1054 atque
595 974 1000 1053 Archangeli,
1040 974 1419 1056 Unigenitus
1467 974 1665 1036 Patris
1718 992 1859 1036 eam

343 1073 692 1137 admonuit
720 1073 893 1136 intus
923 1074 1001 1136 ad
1031 1073 1584 1149 consentiendum,
1609 1073 1686 1135 ad
1717 1092 1860 1153 ape-

351 1171 674 1248 riendum,
709 1173 786 1235 ad
818 1172 1298 1254 suscipiendum
1331 1172 1398 1234 in
1429 1191 1496 1235 se
1527 1172 1856 1247 talentum,

349 1270 750 1348 thesaurum,
787 1290 858 1334 ac
898 1272 1174 1353 pretium
1213 1272 1436 1334 mundi
1472 1271 1624 1334 :cui
1655 1270 1863 1353 pulsa-

353 1369 517 1432 tioni
543 1368 1068 1433 obedientissima
1087 1370 1562 1434 adolescentula
1588 1368 1863 1432 libenter

95 1480 230 1529 Luc-1.
250 1482 320 1522 ³8.
354 1467 819 1549 humiliterque
886 1470 1232 1546 consensit,
1292 1469 1564 1532 dicendo
1625 1489 1638 1532 :
1700 1468 1860 1531 Ecce

355 1566 594 1630 ancilla
641 1566 914 1642 Domini,
962 1568 1079 1629 fiat
1125 1567 1285 1631 mihi
1335 1568 1685 1631 secundum
1729 1586 1860 1631 ver·

355 1663 512 1725 bum
555 1672 758 1727 tuum.
793 1666 1032 1729 Deinde
1075 1684 1191 1728 sua
1219 1666 1589 1729 beatissima
1617 1684 1862 1728 assum-

353 1763 579 1845 ptione
609 1764 907 1840 instante,
933 1765 1032 1827 his
1063 1764 1274 1830 verbis
1309 1764 1504 1828 Filius
1534 1764 1672 1846 ejus
1705 1765 1862 1827 invi-

1974 776 2118 839 liter
2149 778 2501 840 condecens
2548 797 2687 841 esse
2724 777 2984 854 valebit,
3016 786 3085 839 ut
3123 778 3262 843 viro
3303 798 3469 842 com-

1975 874 2281 937 miscear?
2304 884 2606 957 tanquam
2636 875 2803 938 dicat
2836 876 3007 939 :Non
3039 884 3193 959 puto
3221 878 3465 953 decere,

1973 974 2325 1055 praesertim
2351 974 2402 1035 si
2437 984 2647 1055 regem
2673 974 2955 1037 Messiam
2988 975 3363 1057 concipiam,
3389 976 3469 1038 de

1974 1088 2100 1150 quo
2131 1073 2263 1135 scio
2293 1073 2692 1155 praedictum,
2728 1074 2887 1137 Ecce
2922 1075 3104 1155 virgo
3142 1074 3464 1156 concipiet
3512 1088 3575 1133 ιι.
3601 1092 3755 1143 mu.

1973 1178 2036 1233 et
2065 1170 2271 1251 pariet
2317 1170 2554 1234 filium.
2590 1172 2823 1235 Tamen
2862 1174 2941 1236 de
2984 1174 3171 1237 modo
3205 1173 3463 1256 plenius

1973 1268 2222 1332 edoceri
2261 1279 2527 1352 peropto
2565 1290 2577 1333 :
2625 1273 2943 1353 quomodo
2990 1272 3183 1352 igitur
3230 1270 3341 1335 fiet
3382 1271 3465 1333 is-
3504 1282 3749 1335 Luctu-

1970 1368 2104 1443 tud,
2148 1368 2449 1450 quoniam
2503 1368 2709 1433 virum
2756 1388 2882 1433 non
2932 1373 3280 1450 cognosco?
3310 1370 3463 1432 Nam

1969 1467 2263 1547 quamvis
2310 1486 2615 1549 sponsum
2654 1469 3028 1550 acceperim,
3066 1468 3328 1532 firmum
3378 1478 3468 1531 ta-

1969 1585 2115 1629 men
2156 1567 2553 1648 propositum
2606 1568 2809 1631 habeo
2854 1587 3181 1651 nunquam
3238 1588 3469 1633 conve-

1971 1664 2189 1727 niendi
2232 1684 2377 1727 cum
2420 1684 2517 1728 eo.

2051 1766 2335 1823 Dilectus
2377 1785 2553 1825 meus
2601 1765 2779 1825 misit
2822 1786 3091 1827 manum
3132 1788 3319 1827 suam
3351 1786 3470 1845 per
3611 1774 3647 1830 4

357 1861 516 1925 tavit
542 1881 682 1926 eam
718 1864 794 1925 ad
825 1863 1103 1926 coelestis
1134 1863 1412 1945 paradisi
1443 1864 1802 1945 ingressum
1839 1883 1852 1927 :
1896 1864 1942 1925 B
1969 1865 2265 1942 foramen
2315 1882 2338 1921 .·
2397 1862 2549 1943 quia
2608 1880 2737 1925 non
2796 1862 2968 1927 virili
3026 1864 3293 1941 semine,
3360 1864 3469 1926 sed

355 1962 434 2023 ad
476 1981 664 2042 quem
705 1981 852 2024 cum
899 1961 1382 2043 incomparabili
1416 1962 1758 2025 dilectione
1796 1969 1860 2025 et

353 2060 804 2141 gratulatione,
839 2059 1215 2136 reverentia,
1239 2069 1567 2143 apparatu,
1593 2079 1857 2124 occursu

354 2166 419 2221 et
467 2158 675 2241 gloria
717 2178 854 2223 eam
897 2159 1150 2223 vocavit
1189 2179 1262 2222 ac
1306 2158 1674 2221 introduxit.

438 2258 766 2333 Praeterea,
801 2278 1002 2341 quum
1041 2258 1401 2321 introducta
1438 2256 1668 2321 fuisset
1703 2257 1856 2320 illuc

357 2356 426 2417 in
475 2356 714 2433 anima,
755 2364 820 2419 et
863 2356 1262 2437 cognovisset
1309 2355 1600 2438 protinus
1639 2375 1706 2419 se
1746 2374 1859 2417 suo

356 2453 740 2535 dignissimo
764 2456 1013 2537 corpori
1046 2455 1474 2530 reuniendam,
1497 2464 1688 2536 atque
1715 2473 1860 2517 cum

362 2553 471 2617 illo
507 2573 728 2616 rursus
769 2553 1128 2616 clarissime
1167 2553 1712 2629 introducendam,
1755 2553 1864 2615 ad-

183 2664 216 2719 3
360 2652 604 2715 mirans
633 2671 766 2735 prae
784 2651 1020 2732 gaudio
1049 2652 1140 2715 ait
1173 2670 1187 2713 ε
1220 2653 1608 2731 E'aespoliavi
1636 2673 1735 2713 me
1765 2662 1863 2713 tu-

357 2754 512 2813 nica
543 2772 714 2821 mea,
741 2750 989 2814 scilicet
1019 2770 1210 2813 carne
1245 2749 1520 2825 mortali,
1558 2753 1863 2830 quomodo

357 2852 612 2911 induar
653 2852 822 2911 illa?
859 2849 925 2911 id
963 2857 1081 2925 est,
1112 2848 1387 2930 qualiter
1429 2849 1639 2911 denuo
1684 2848 1860 2910 illam

355 2950 728 3010 assumam?
757 2948 942 3029 quasi
981 2947 1148 3010 dicat
1186 2965 1200 3008 ε
1234 2946 1367 3009 Non
1410 2946 1536 3008 nisi
1565 2964 1865 3028 superna-

1971 1960 2239 2042 mystico
2270 1960 2629 2041 spiramine,
2653 1962 2887 2025 virtute
2914 1962 3219 2024 Altissimi
3251 1961 3471 2025 obum-
3526 1978 3643 2021 md.
3668 1980 3734 2021 as.

1971 2056 2215 2133 brante‚
2254 2057 2437 2120 illum
2474 2059 2760 2140 concepi.
2796 2064 2881 2122 Ec
2911 2070 3131 2121 venter
3160 2082 3336 2122 meus
3366 2063 3471 2121 in-

1975 2158 2239 2217 tremuit
2268 2160 2355 2217 ad
2385 2167 2621 2218 tactum
2650 2158 2811 2235 ejus,
2846 2157 2908 2221 id
2939 2166 3055 2236 est,
3091 2160 3302 2241 ipsum
3331 2159 3473 2222 Uni-

1971 2254 2259 2335 genitum
2290 2256 2488 2318 Patris
2522 2256 2787 2339 concepi
2819 2278 2962 2320 cum
2995 2259 3228 2339 gaudio
3262 2259 3471 2322 cordis

1971 2354 2540 2417 exuberantissimo
2573 2357 2964 2421 redundante
2997 2359 3064 2419 in
3090 2375 3322 2440 corpus
3352 2376 3475 2420 me·

1973 2471 2081 2513 um
2118 2470 2132 2513 ε
2168 2454 2453 2535 concepi,
2492 2454 2776 2535 inquam,
2811 2455 2891 2517 ad
2938 2463 3170 2517 tactum
3212 2457 3373 2537 ejuS,
3411 2455 3471 2519 id

1973 2558 2068 2613 est
2097 2569 2173 2613 ex
2202 2550 2519 2631 spirituali
2551 2561 2615 2616 et
2651 2552 2889 2616 causali
2932 2562 3226 2617 contactu
3264 2554 3475 2617 omni-

1974 2648 2273 2729 potentiae
2308 2669 2457 2713 suae.
2489 2650 2622 2724 Quo
2659 2659 2988 2733 concepto,
3034 2655 3339 2723 Surreoei,
3372 2654 3475 2716 de·
3616 2658 3653 2712 5

1973 2747 2303 2810 votissima
2325 2756 2515 2830 atque
2541 2749 2903 2812 humillime
2928 2751 3325 2830 regratiando
3357 2770 3474 2833 pro

1975 2845 2295 2909 beneficio
2341 2854 2469 2908 tam
2504 2847 2817 2910 immenso
2856 2848 3016 2909 mihi
3056 2849 3363 2926 exhibito,
3400 2860 3474 2911 uc

1973 2946 2293 3021 aperirem
2320 2946 2551 3006 dilecto
2584 2964 2745 3015 mee,
2775 2945 2839 3008 id
2868 2954 2986 3023 est,
3024 2946 3090 3008 in
3123 2948 3471 3011 thalamum

359 3045 654 3109 turaliter
701 3064 774 3109 ac
816 3044 1126 3126 singulari
1169 3045 1507 3127 privilegio
1553 3045 1668 3107 fiet
1716 3044 1858 3107 hoc.
1899 3043 1944 3108 C
1975 3043 2204 3105 mentis
2233 3061 2391 3105 meae
2422 3043 2887 3106 introducerem
2920 3062 3067 3107 eum
3108 3064 3218 3125 per
3249 3047 3479 3109 arden-

357 3147 531 3207 Lavi
571 3148 765 3224 pedes
821 3164 1008 3205 mem.
1059 3142 1624 3219 Quemadmodum,
1685 3144 1864 3223 juxta

358 3242 566 3306 divini
614 3242 899 3323 Dionysii
947 3242 1350 3316 documenta,
1404 3241 1610 3323 angeli
1662 3239 1862 3303 sancti

361 3341 666 3404 dicuntur
695 3340 976 3422 purgari,
1024 3358 1431 3422 nequaquam
1473 3338 1554 3401 ab
1600 3340 1867 3402 immun-

359 3439 519 3502 ditia
549 3438 778 3520 culpae,
801 3439 912 3501 sed
934 3458 969 3501 a
1003 3438 1426 3502 minoratione
1457 3437 1868 3520 perfectionis

360 3537 880 3619 cognitionisque
947 3556 1074 3600 suae
1102 3556 1118 3616 ;
1179 3537 1272 3599 sic
1335 3537 1868 3600 excellentissima

361 3637 631 3700 Domina
667 3636 844 3713 lavit,
879 3636 944 3698 id
987 3644 1084 3699 est
1114 3635 1428 3717 purgavit,
1463 3637 1655 3717 pedes
1693 3653 1862 3712 suOS,

360 3744 517 3817 puta
561 3733 840 3798 affectus
871 3734 1331 3799 inviolabiliter
1360 3734 1653 3811 mundOS,
1689 3753 1724 3795 a
1756 3733 1870 3796 mi-

361 3836 694 3898 noratione
722 3832 1151 3917 perfectionis
1172 3832 1322 3915 quia
1352 3832 1418 3895 in
1452 3831 1703 3897 fervore
1732 3851 1870 3895 san-

364 3942 608 3997 ctorum
648 3931 1004 3995 affectuum
1049 3930 1324 4014 profecit
1365 3931 1642 3994 assidue.
1678 3930 1744 3993 In
1776 3950 1870 3993 as-

364 4032 732 4114 sumptione
773 4031 1032 4093 demum
1071 4050 1186 4092 sua
1217 4029 1282 4092 in
1315 4030 1572 4107 coelum,
1605 4049 1870 4111 corpore

364 4150 545 4194 sacro
576 4129 822 4207 relicto,
844 4129 1002 4193 lavit
1030 4129 1222 4212 pedes
1247 4146 1417 4204 suoS,
1441 4128 1522 4190 ad
1553 4147 1867 4190 summam

1975 3143 2202 3204 tiorem
2248 3140 2635 3222 amplexum,
2671 3161 2785 3223 per
2821 3142 3040 3221 gratiae
3088 3144 3279 3207 totius
3314 3144 3480 3208 inef-

1978 3240 2172 3303 fabile
2220 3239 2708 3317 incrementum,
2742 3260 2814 3303 ac
2856 3242 2935 3304 de
2975 3250 3184 3306 cetero
3225 3262 3477 3325 semper

1975 3338 2261 3422 paratior,
2274 3357 2477 3401 essem
2504 3339 2581 3401 ad
2607 3358 2857 3403 omnem
2885 3339 3311 3404 obedientiam
3340 3361 3478 3405 san-

1976 3446 2165 3512 ctam,
2201 3443 2264 3500 et
2300 3436 2775 3500 devotissimam
2813 3439 3180 3503 servitutem
3217 3440 3419 3522 ipsius
3456 3462 3471 3505 ε

1978 3544 2153 3599 tanto
2181 3535 2454 3617 amplius
2482 3554 2585 3598 me
2618 3536 2825 3617 ipsam
2869 3536 2935 3599 in
2975 3538 3225 3601 cunctis
3256 3539 3475 3601 humi-

1982 3634 2165 3711 lianS,
2212 3642 2451 3715 quanto
2501 3635 2709 3716 maj0r
2771 3633 2862 3697 fui
2904 3634 3164 3699 effecta.
3219 3636 3475 3701 Surrcxi

1979 3752 2237 3814 quoque
2272 3733 2511 3795 orando
2542 3751 2657 3814 pro
2688 3733 2853 3809 aliis,
2889 3743 2957 3795 ut
2989 3735 3147 3797 meis
3176 3736 3478 3799 orationi-

1979 3831 2098 3893 bus
2129 3831 2320 3893 corda
2351 3830 2607 3894 illorum
2636 3831 2947 3913 aperirem
2982 3832 3139 3897 fidei
3170 3842 3232 3897 et
3258 3835 3477 3914 gratiae

1979 3928 2123 3990 Filii
2172 3928 2320 4005 mei,
2353 3936 2668 4010 quatenus
2705 3938 3229 3995 converterentur
3273 3933 3350 3995 ad
3383 3932 3479 4015 ip-

1979 4045 2142 4104 sum,
2188 4035 2251 4090 et
2291 4026 2686 4090 salvarentur
2723 4047 2837 4109 per
2880 4028 3112 4112 ipsum.
3159 4030 3472 4113 AmpliuS,

1979 4142 2244 4204 surgens
2277 4124 2405 4187 abii
2438 4124 2503 4187 in
2540 4134 2843 4189 montana
2876 4128 2952 4190 ad
2984 4138 3312 4209 cognatam
3346 4149 3480 4194 me·
3534 4156 3653 4202 ιῡω.
3683 4158 3750 4200 39.

363 4230 602 4295 divinae
641 4228 1006 4292 dilectionis
1050 4228 1472 4291 eminentiam
1506 4228 1870 4309 pertingen-
1899 4228 1951 4292 D
1980 4244 2082 4286 am
2120 4222 2467 4301 Elisabeth,
2508 4232 2580 4286 ut
2614 4232 2895 4288 mentem
2932 4228 3077 4308 ejus
3121 4235 3184 4291 et
3226 4247 3338 4291 cor
3382 4228 3479 4291 in-

363 4329 468 4403 do,
501 4335 568 4392 et
598 4325 1032 4409 spiritualium
1059 4346 1132 4389 ac
1170 4325 1596 4408 corporalium
1631 4327 1866 4408 pedum

365 4445 629 4490 suorum
683 4426 1026 4507 puritatem
1077 4424 1640 4507 innocentiamque
1697 4442 1872 4487 mon-

364 4526 648 4599 strando,
692 4533 820 4587 tam
855 4522 1228 4587 felicissime
1269 4522 1667 4605 emigrando.
1718 4527 1873 4593 Quo-

369 4626 556 4684 modo
593 4624 954 4703 inquinabo
1005 4624 1204 4682 illos?
1251 4621 1434 4703 quasi
1485 4622 1661 4684 dicat
1695 4639 1708 4683 :
1751 4622 1872 4685 Ne·-

369 4739 690 4803 quaquam
720 4720 903 4783 decet
929 4738 1032 4783 me
1061 4738 1343 4801 unquam
1375 4738 1637 4802 peccare
1659 4719 1874 4783 inobe-

372 4820 738 4882 dientemve
779 4836 940 4881 esse.

481 4917 768 4999 Insuper,
837 4935 1036 4999 quum
1101 4914 1622 4980 benedictissima
1681 4917 1874 4997 Virgo

95 5032 232 5077 ma.
254 5036 318 5079 ει.
373 5016 654 5079 audisset
688 5033 726 5077 a
759 5014 1072 5092 Gabriele,
1105 5014 1264 5078 Ecce
1293 5016 1628 5097 concipies
1674 5024 1739 5078 et
1771 5035 1876 5097 pa-

375 5114 498 5177 ries
533 5112 770 5188 filium,
802 5112 1014 5177 dicere
1045 5113 1254 5195 potuit
1289 5113 1872 5196 aequivalenterque

372 5212 690 5296 protulit:
731 5214 1120 5290 Eoespoliavi
1164 5232 1266 5274 me
1315 5214 1539 5274 tunica
1586 5234 1752 5283 mea,
1809 5212 1871 5275 id

372 5320 488 5389 est,
518 5312 602 5375 ab
629 5310 803 5374 omni
837 5310 1066 5393 copula
1098 5310 1337 5374 carnali
1381 5310 1705 5374 abstinere
1735 5328 1874 5394 pro-

623 5444 690 5494 T.
725 5444 776 5496 7.

1981 4322 2213 4385 fantuli
2247 4324 2385 4405 ejus
2425 4324 2710 4386 nondum
2752 4326 2906 4402 nati,
2949 4328 3264 4408 aperirem
3306 4328 3472 4392 Filio

1981 4440 2138 4497 men,
2190 4421 2278 4482 ita
2318 4429 2389 4483 ut
2428 4432 2917 4502 cognosceretur
2956 4424 3036 4487 ab
3080 4424 3195 4487 eiS.

2051 4523 2292 4581 Manus
2320 4541 2475 4582 meoe
2495 4523 2986 4584 distillaverunt
3009 4528 3349 4601 myrrham
3372 4525 3479 4587 :id

1983 4627 2099 4696 est,
2135 4618 2419 4700 operatio
2448 4637 2589 4681 mea
2632 4627 2695 4681 et
2722 4622 3119 4685 conversatio
3158 4622 3286 4685 fuit
3312 4623 3483 4685 dein-

1985 4736 2135 4799 ceps
2175 4716 2453 4780 totaliter
2500 4716 2874 4799 spiritualis,
2917 4727 2982 4782 et
3026 4719 3480 4785 mortificativa

1986 4836 2059 4879 ac
2097 4816 2502 4896 aspernativa
2538 4816 2747 4879 omnis
2788 4817 3230 4882 delectationis
3270 4839 3485 4882 carna·

1985 4915 2064 4978 lis
2107 4915 2309 4995 magis
2345 4933 2538 4996 quam
2576 4924 2745 4979 ante.
2780 4918 2865 4977 Ec
2904 4918 3102 4994 αἱρέει·
3138 4920 3267 4979 mei
3284 4921 3474 4997 pleni

1985 5017 2257 5093 myrrha
2291 5016 2749 5092 probatissima
2778 5035 2801 5074 .·
2830 5015 3136 5097 quoniam
3178 5016 3482 5079 amaritu-

1985 5113 2203 5175 dinem
2224 5111 2539 5194 passionis
2566 5110 2707 5173 Filii
2739 5112 2863 5174 mei
2902 5112 3335 5177 indesinenter
3360 5116 3478 5177 tuli

1988 5210 2053 5273 in
2082 5210 2273 5274 corde
2302 5228 2445 5273 meo
2484 5227 2628 5272 cum
2670 5208 3051 5275 discretione
3082 5220 3146 5274 et
3177 5212 3483 5277 imitatio-

1987 5329 2089 5388 ne,
2121 5308 2463 5372 dilectione
2493 5316 2553 5370 et
2585 5309 3029 5388 regratiatione
3066 5312 3332 5393 eximia3
3366 5314 3474 5376 sed

3164 5444 3227 5495 26
