4284 6267
498 3454 631 3499 Pron.
646 3468 726 3497 xxx

786 484 905 548 192
1394 501 1747 549 mammo
1790 502 1853 549 m
1894 500 2035 549 m.
2080 500 2236 547 xxxi
2275 500 2762 550 rnovanmoaun.
2807 520 2888 531 —
2927 503 3070 549 aar.
3115 502 3268 549 1111

782 690 979 750 mere,
1010 682 1107 735 est
1134 672 1471 755 utriusque
1497 673 1881 737 Testamenti
1914 672 2274 756 Scripturas
2307 673 2359 735 A
2389 680 2493 737 tur
2525 692 2540 737 ε
2575 674 2728 755 quia
2757 675 2910 738 dum
2945 673 3165 738 divina
3199 673 3456 757 eloquia
3492 672 3872 737 immodera-

782 769 1101 852 profunde
1138 790 1405 854 pensare
1439 790 1453 834 :
1486 792 1561 835 ex
1590 792 1861 854 quarum
1898 772 2278 855 pensatione

780 869 933 931 dum
965 869 1062 932 lac
1092 871 1758 951 quaeritur,invenitur
1786 870 2278 954 butyrum‚quia

781 968 933 1030 dum
970 968 1035 1030 in
1078 968 1423 1052 Scripturis
1464 988 1721 1033 sensum
1761 970 2169 1033 mediocriter
2207 989 2280 1033 ac

783 1066 1160 1149 simpliciter
1203 1068 1381 1149 juxta
1420 1068 1695 1131 litteram
1738 1067 2138 1131 reficientem
2187 1088 2282 1133 re-

781 1165 1120 1247 quirimuS‚
1174 1166 1473 1229 subtilem
1522 1186 1595 1230 ac
1644 1166 1985 1250 mysticum
2037 1167 2282 1231 intelle-

780 1272 977 1340 ctum,
1002 1265 1422 1346 pinguissime
1452 1284 1567 1328 nos
1595 1265 1893 1344 alentem,
1930 1284 2282 1347 sensusque

780 1365 1158 1445 anagogicos
1202 1364 1578 1447 reperimus.
1613 1365 1905 1428 Attamen
1954 1365 2099 1428 talis
2144 1384 2282 1448 per-

782 1462 1084 1525 scrutatio
1114 1472 1211 1526 est
1238 1462 1646 1541 moderanda,
1663 1482 1743 1527 ne
1772 1464 2030 1543 sanguis
2060 1482 2282 1545 sequa·

2387 782 2450 837 te
2485 774 2936 850 discutiuntur,
2971 772 3038 835 in
3078 772 3396 836 carnalem
3437 780 3502 835 et
3533 790 3866 835 erroneum

2389 892 2644 936 sensum
2689 892 2870 935 mens
2908 872 3168 933 labitur.

2457 975 2540 1034 Et
2565 974 2681 1051 qui
2697 980 3003 1049 provocat
3025 972 3210 1031 rixas
3225 971 3271 1043 ¹⁷,
3295 970 3358 1033 id
3389 978 3506 1043 est,
3523 969 3682 1032 alios
3713 968 3875 1050 inju-
3965 992 3988 1013 ·
4023 992 4046 1034 ι·

2390 1070 2556 1133 riose
2584 1080 2646 1133 et
2678 1069 3055 1152 insipienter
3081 1068 3449 1151 alloquitur,
3479 1069 3566 1131 ita
3591 1067 3762 1149 quod
3791 1067 3872 1129 ad

2391 1168 2725 1233 rixandum
2747 1176 2966 1231 contra
2985 1187 3052 1230 se
3073 1167 3172 1230 vel
3193 1176 3414 1231 contra
3433 1166 3590 1230 alios
3609 1166 3878 1229 excitan-

2393 1278 2516 1344 tur,
2545 1270 2852 1347 producit
2879 1268 3240 1328 discordias
3269 1267 3434 1329 inter
3473 1284 3540 1329 se
3571 1273 3634 1328 et
3662 1264 3873 1341 illum,

2393 1366 2491 1431 vel
2524 1366 2690 1429 inter
2709 1364 2924 1448 plures
2949 1382 2964 1426 :
2988 1364 3292 1447 qnoniam
3316 1383 3394 1427 ex
3421 1363 3555 1425 rixa
3581 1362 3880 1426 oriuntur

2393 1464 2770 1541 simultateS,
2801 1464 3260 1539 dissensioneS,
3297 1462 3429 1541 irae,
3461 1461 3740 1525 invidiae.

1828 1882 2483 1969 ARTICULUS
2559 1883 2848 1967 XXXI

1418 2156 1732 2203 Exposrrlo
1784 2156 2062 2203 CAPITULI
2114 2155 2322 2203 ULTun
2367 2156 2382 2201 :
2428 2155 2630 2201 VERBA
2683 2155 2980 2201 umus
3033 2155 3236 2203 REGIS.

898 2438 1229 2505 ALOMON
1277 2439 1387 2521 qui
1440 2438 1771 2520 hucusque
1819 2436 2161 2520 multiplici
2175 2444 2271 2499 ter
2309 2434 2356 2497 B
2381 2453 2669 2499 amorose
2696 2445 2760 2498 et
2789 2437 2894 2519 pie
2923 2438 3309 2520 increpando
3335 2439 3544 2502 filium
3577 2456 3877 2518 suum‚eo

919 2560 1035 2603 nos
1076 2539 1393 2613 instruxit,
1429 2537 1758 2601 humiliter
1792 2537 1896 2600 hic
1932 2536 2167 2599 fatetur
2205 2553 2272 2597 se

778 2659 1035 2723 quoque
1092 2659 1129 2704 a
1186 2658 1300 2701 sua
1349 2647 1550 2702 matre
1609 2636 1807 2700 fuisse
1865 2637 2268 2699 instructum.

780 2743 974 2803 Verba
1019 2741 1348 2801 Lamuelis
1398 2740 1587 2816 reyis,
1632 2737 1694 2800 id
1745 2744 1843 2799 est
1889 2734 2267 2807 SalomoniS,

778 2846 929 2900 sunt
966 2856 1107 2919 quae
1147 2845 1522 2919 sequuntur.
1557 2834 1765 2899 Verba
1800 2844 2011 2897 autem
2044 2832 2274 2897 doctri-

780 2956 879 3001 nae
906 2937 1127 2999 matris
1156 2954 1309 3013 suae,
1341 2943 1486 2997 sunt
1518 2953 1634 2997 sua
1670 2942 1973 3015 tanquam
2006 2932 2274 2995 recitan-

776 3038 880 3099 tis,
913 3036 1103 3099 Porro
1148 3034 1402 3097 Lamuel
1433 3035 1907 3115 interpretatur,
1940 3031 2097 3095 Cum
2139 3048 2270 3111 quo

774 3145 870 3200 est
918 3136 1101 3199 Deus.
1146 3135 1289 3198 ldeo
1338 3140 1521 3198 vocat
1569 3151 1637 3195 se
1682 3130 2068 3207 Lamuelem‚
2109 3147 2270 3210 quo-

776 3236 948 3298 niam
993 3234 1155 3297 Deus
1194 3232 1465 3295 multum
1502 3230 1776 3312 gratiose
1814 3228 2022 3291 adfuit
2056 3227 2115 3291 ei
2157 3245 2271 3309 per

776 3333 991 3415 plures
1022 3350 1244 3409 annOS,
1278 3339 1345 3393 ut
1376 3329 1617 3393 dictum
1645 3336 1741 3391 est
1774 3327 1839 3389 in
1869 3324 2266 3408 expositione

732 3430 1190 3513 ,praecedentis
1236 3428 1523 3510 capituli,
1576 3445 1767 3507 super
1815 3425 1977 3488 illud
2025 3442 2039 3487 :
2092 3423 2270 3486 Visio

774 3548 965 3612 quam
1012 3530 1258 3592 locutus
1301 3536 1397 3590 est
1428 3527 1547 3605 vir,
1581 3545 1727 3590 cum
1772 3542 1901 3607 quo
1943 3531 2039 3586 est
2078 3523 2263 3585 Deus,

2381 2535 2552 2615 quod
2585 2536 2793 2617 prima
2821 2546 3004 2600 nocte
3032 2556 3159 2619 qua
3188 2558 3334 2601 cum
3366 2557 3559 2603 uxore
3589 2558 3705 2601 sua
3732 2537 3878 2601 filia

2381 2632 2722 2697 Pharaonis
2779 2636 3104 2714 dormivit,
3158 2638 3349 2701 nimis
3407 2638 3582 2702 tarde
3639 2638 3878 2701 mansit

2381 2751 2526 2795 cum
2559 2752 2632 2795 ea
2662 2733 2729 2795 in
2769 2733 2933 2797 lecto
2961 2735 3040 2797 de
3071 2755 3275 2813 mane,
3310 2737 3376 2799 in
3417 2744 3662 2799 tantum
3701 2736 3874 2818 quod

2381 2830 2536 2894 hora
2579 2832 2884 2896 sacrificii
2924 2835 3220 2897 matutini
3250 2855 3326 2899 ac
3360 2835 3530 2916 jugis
3561 2844 3876 2918 pertrans-

2381 2929 2457 2991 iit.
2488 2947 2505 2991 :
2539 2932 2758 3013 sicque
2786 2931 3078 2996 divinum
3109 2932 3402 2999 officium
3437 2932 3644 2997 fuerat
3673 2933 3873 3015 impe-

2379 3028 2605 3103 ditum,
2639 3048 2715 3093 eo
2743 3031 2915 3111 quod
2946 3031 3144 3095 clavis
3183 3032 3404 3115 templi
3441 3031 3566 3095 fuit
3595 3033 3658 3095 in
3699 3032 3870 3114 regis

2377 3127 2698 3191 cubiculo.
2749 3128 2908 3193 Hinc
2963 3139 3427 3211 consequenter
3483 3131 3562 3195 de
3609 3131 3870 3195 vitanda

2377 3226 2747 3291 carnalitate
2785 3226 3044 3290 instruit
3081 3246 3254 3291 eum.

2463 3328 2558 3388 Ne
2590 3329 2844 3388 dederis
2881 3329 3265 3390 mulieribus
3301 3330 3726 3390 substantiam
3765 3338 3870 3390 tu·

2376 3444 2484 3485 am
2515 3444 2539 3483 .·
2579 3424 2642 3487 id
2683 3433 2800 3503 est,
2845 3443 2996 3507 opes
3045 3433 3180 3489 tuas
3221 3444 3348 3491 non
3385 3427 3702 3509 expendas
3746 3445 3868 3490 nec

2375 3521 2648 3602 dissipes
2713 3523 3035 3587 luxuriose
3099 3524 3395 3598 vivend0‚
3455 3543 3571 3589 nec
3633 3544 3866 3608 corpus

776 3631 961 3702 Vis-io,
998 3629 1061 3692 id
1096 3636 1191 3689 est
1222 3625 1607 3689 illuminatio
1647 3642 1758 3687 seu
1788 3621 2103 3699 doctrina,
2134 3642 2266 3701 qua
2295 3618 2341 3683 C
2377 3627 2557 3683 tuum
2605 3620 2938 3685 exhaurias
2985 3624 3293 3699 coeund0,
3339 3642 3456 3686 nec
3503 3623 3869 3706 spirituales

770 3729 1059 3787 erudivit
1105 3748 1253 3787 eum
1300 3735 1509 3786 mater
1553 3744 1699 3794 sua,
1740 3721 1805 3785 id
1848 3729 1945 3785 est
1992 3738 2269 3803 superna

770 3826 991 3906 gratia,
1027 3835 1095 3889 ut
1122 3824 1342 3887 Glossa
1369 3822 1667 3905 exponit:
1699 3840 1842 3903 quae
1870 3820 2065 3893 addit,
2094 3817 2268 3901 quod

772 3943 885 4006 per
915 3933 1181 3987 matrem
1209 3924 1351 4005 ejus
1382 3928 1587 4004 potest
1618 3920 1890 4000 intelligi
1921 3926 2123 3981 mater
2153 3935 2267 3979 sua

772 4023 1065 4097 carnaliS,
1101 4020 1399 4085 videlicet
1429 4018 1792 4096 Bethsabee,
1826 4020 2011 4100 cujus
2039 4018 2267 4081 doctri-

773 4141 919 4185 nam
960 4130 1259 4201 tanquam
1292 4118 1597 4181 memoria
1630 4117 1887 4198 dignam
1921 4136 1994 4179 ac
2034 4116 2269 4179 saluta-

774 4238 930 4297 rem,
964 4219 1229 4299 dignum
1254 4216 1435 4281 duxit
1464 4233 1743 4279 narrare.

846 4321 1037 4389 Quid,
1055 4319 1282 4379 dilecte
1304 4317 1436 4377 mi?
1463 4314 1526 4377 id
1558 4323 1675 4392 est,
1695 4314 1849 4395 quid
1884 4313 2266 4395 restat‚quid

773 4419 891 4484 tibi
924 4415 1258 4491 incumbit,
1274 4413 1429 4496 quid
1460 4412 1576 4476 tibi
1608 4413 1819 4477 dicere
1849 4412 2128 4489 habe0,o
2165 4412 2265 4475 fili

771 4518 1035 4582 dilecte?
1068 4516 1144 4577 Et
1188 4515 1368 4597 juxta
1412 4512 1583 4576 hunc
1627 4530 1884 4575 sensum
1934 4510 2268 4593 subjungi-

770 4624 876 4680 tur
908 4633 922 4678 :
960 4616 1155 4684 Quid,
1172 4615 1401 4674 dilecte
1429 4612 1602 4673 uteri
1631 4611 1780 4681 mei,
1797 4609 1863 4670 id
1890 4618 1987 4671 est
2015 4617 2162 4672 nate
2188 4628 2266 4673 ex

768 4724 952 4777 utero
994 4715 1171 4776 meo?
1201 4710 1337 4788 Vel,
1370 4708 1565 4786 Uteri‚
1610 4708 1674 4771 id
1715 4715 1813 4771 est
1852 4707 2065 4771 cordis
2109 4709 2260 4771 mei.

2377 3719 2685 3783 virtutum
2739 3739 2813 3783 ac
2863 3721 3235 3784 meritorum
3289 3722 3548 3785 divitias
3607 3723 3859 3804 perdas,

2376 3817 2676 3881 vitiorum
2719 3829 2830 3882 aut
2857 3819 3297 3883 carnalitatum
3328 3821 3724 3903 corruptioni
3753 3841 3870 3885 va-

2375 3918 2610 3997 cand03
2641 3928 2700 3979 et
2725 3919 3000 3979 divitias
3032 3929 3177 3979 tuas
3203 3922 3292 3981 ad
3319 3922 3616 3983 delendos
3639 3941 3808 3997 reyes
3839 3942 3866 3981 :

2377 4015 2439 4076 id
2479 4024 2594 4093 est,
2627 4015 2956 4080 facultates
2999 4025 3134 4079 tuas
3174 4036 3302 4080 non
3341 4036 3618 4100 exponas
3650 4018 3728 4081 ad
3762 4036 3868 4080 ex-

2375 4113 2723 4177 hibendum
2757 4114 3012 4195 regibus
3046 4134 3118 4178 ac
3157 4115 3558 4199 principibus
3597 4116 3864 4179 delicias

2373 4220 2595 4291 gustus
2625 4221 2689 4276 et
2717 4222 2936 4288 tactuS,
2953 4232 3066 4295 per
3103 4232 3262 4295 quas
3292 4215 3699 4296 praesidentes
3725 4215 3871 4278 sub·

2375 4318 2728 4388 vertuntur,
2749 4320 2813 4375 et
2839 4310 2922 4375 ab
2951 4312 3180 4375 idonea
3209 4312 3308 4374 sui
3337 4314 3743 4379 exsecutione
3773 4312 3868 4376 of-

2375 4410 2512 4471 ficii
2558 4410 3016 4492 impediuntur.
3052 4410 3165 4473 Vel
3206 4429 3431 4473 sensus
3471 4420 3589 4488 est,
3621 4420 3692 4475 ut
3733 4430 3862 4475 non

2374 4516 2638 4573 conetur
2679 4525 2897 4587 regum
2941 4516 3139 4571 terras
3177 4510 3550 4591 impugnare
3593 4528 3666 4573 ac
3699 4509 3865 4574 obti-

2375 4626 2546 4685 nere,
2581 4607 2952 4689 exponendo
2990 4606 3404 4671 bellatoribus
3439 4609 3518 4672 ad
3557 4609 3679 4673 hoc
3715 4628 3862 4671 suas

2371 4706 2650 4783 divitias,
2703 4707 2842 4770 sine
2886 4706 3058 4788 justa
3113 4714 3178 4770 et
3223 4707 3587 4771 rationabili
3645 4727 3856 4771 causa.

770 4815 968 4883 Quid,
987 4814 1215 4873 dilecte
1243 4818 1557 4880 votorum,
1582 4806 1646 4869 id
1676 4814 1771 4869 est
1800 4806 2264 4869 desideriorum
2291 4808 2342 4870 D
2369 4806 2583 4887 ltaque
2613 4804 3484 4888 praesidentibuS,praesertim
3513 4806 3862 4889 majoribus

768 4914 1108 4974 meorum?
1157 4908 1221 4970 id
1278 4914 1395 4982 est,
1460 4913 1548 4982 tu,
1612 4903 2070 4986 praecarissime
2134 4904 2256 4980 fili,

768 5008 1089 5091 objectum
1132 5015 1196 5070 et
1242 5005 1507 5069 materia
1548 5021 1836 5067 meorum
1879 5000 2255 5079 affectuum,

768 5106 1069 5189 quoniam
1112 5114 1291 5167 tuum
1332 5100 1689 5185 profectum
1735 5100 1882 5163 totis
1923 5109 2072 5182 opto
2102 5121 2262 5183 prae-

764 5204 1023 5269 cordiis.
1055 5203 1266 5279 Porro,
1298 5200 1647 5265 secundum
1684 5197 1997 5276 Hebraeos,
2031 5208 2102 5263 ut
2133 5199 2262 5263 fer-

766 5312 891 5383 tur,
924 5312 1125 5367 mater
1166 5300 1519 5365 Salomonis
1564 5298 1830 5383 protulit
1875 5296 2070 5363 verba
2110 5297 2248 5363 haec

2371 4904 2772 4985 principibus
2800 4921 2873 4966 ac
2905 4903 3204 4984 praelatis,
3239 4912 3413 4967 tanto
3443 4904 3586 4987 plus
3617 4904 3864 4971 evitan-

2369 5004 2449 5065 da
2496 5011 2644 5065 sunt
2692 5002 2970 5066 carnalia
3012 5003 3187 5078 vitia,
3220 5012 3462 5085 quanto
3503 5003 3646 5089 plus
3697 5004 3866 5067 indi-

2369 5109 2520 5183 gent
2542 5100 2714 5164 clara
2739 5100 2980 5163 ratione
3011 5108 3074 5164 et
3103 5118 3332 5181 magna
3359 5102 3710 5186 prudentia,
3727 5102 3861 5165 imo

2370 5200 2702 5284 potissime
2741 5198 3092 5262 directione
3132 5200 3374 5263 divina.

2433 5298 2594 5363 Hinc
2622 5298 2870 5373 Seneca,
2893 5296 3058 5362 libro
3079 5299 3156 5362 de
3185 5298 3461 5374 Quatuor
3483 5299 3856 5378 virtutibus..

4049 1004 4149 1035 ΝΒ
