4284 6267
997 513 1351 561 RNARRATlo
1394 512 1455 559 IN
1500 512 1638 561 GAP.
1685 512 1790 559 xvt
1832 510 1991 559 unm
2033 510 2391 559 summus.
2437 534 2518 543 —
2558 512 2701 560 Am.
2746 512 2851 560 xvl
3351 492 3470 559 547

366 687 500 749 rael
534 686 897 769 specialiter
938 685 1052 749 tibi
1094 685 1247 761 cari,
1284 684 1516 767 quibus
1556 684 1622 746 in
1663 683 1865 749 veteri
1897 684 1948 745 A
2056 684 2294 766 ltaque,
2323 686 2494 767 quod
2535 685 2646 762 ait,
2669 684 2930 767 Oportet
2955 684 3037 747 ad
3065 692 3276 747 ortum
3307 684 3472 747 lucis

368 784 773 848 Testamento
802 785 1005 847 multa
1036 792 1097 847 et
1126 801 1357 863 magna
1387 782 1700 846 beneficia
1734 799 1869 863 spe·
1980 791 2040 845 te
2094 783 2379 862 adorare,
2435 802 2562 846 non
2616 793 2713 847 est
2761 783 3248 863 intelligendum
3301 782 3473 864 quod

368 883 580 959 cialia,
606 892 732 945 tam
761 883 1121 966 spiritualia
1150 901 1341 964 quam
1375 880 1730 963 corporalia
1760 879 1870 941 tri·
1977 883 2326 944 secundum
2371 883 2575 964 legem
2625 882 2851 965 Moysis
2887 883 3133 964 jussum
3177 890 3288 946 aut
3335 881 3476 945 lici-

95 992 203 1033 Deut·
224 1004 279 1041 xv.
298 993 339 1033 ⁷·
368 981 593 1043 buisti.
626 982 713 1045 De
760 981 999 1062 quibus
1048 980 1357 1062 scriptum
1409 988 1505 1041 est
1539 996 1552 1040 :
1590 979 1722 1041 Non
1774 984 1869 1040 est
1978 988 2113 1043 tum
2148 979 2343 1043 suerit
2369 981 2631 1044 adorare
2662 1000 2880 1044 versus
2910 981 3238 1057 orientem,
3255 980 3367 1044 sed
3394 980 3475 1043 ad

106 1097 336 1152 manto,
368 1078 497 1140 alia
524 1079 701 1142 natio
734 1088 859 1141 tam
892 1078 1187 1160 grandis3
1214 1087 1277 1141 et
1306 1096 1540 1151 rursuS,
1560 1076 1645 1137 Te
1676 1074 1870 1156 clegit
1978 1079 2373 1143 occidentem
2410 1097 2423 1142 :
2457 1079 2612 1161 quia
2641 1089 2704 1142 et
2735 1080 3215 1143 tabernaculum
3246 1079 3474 1161 Moysis

368 1178 697 1255 Dominu8‚
736 1186 805 1239 ut
855 1177 941 1239 sis
982 1178 1039 1240 ei
1083 1176 1357 1259 populus
1408 1174 1746 1257 peculiaris
1790 1174 1870 1235 de
1978 1177 2420 1259 templumque
2478 1178 2831 1241 Salomonis
2899 1178 3327 1261 respiciebant
3395 1179 3476 1241 ad

368 1276 622 1338 cunctis
679 1274 936 1358 populis
994 1274 1105 1357 qui
1164 1283 1314 1336 sunt
1371 1292 1562 1355 super
1610 1280 1865 1349 terram,
1980 1275 2397 1355 occidentem,
2447 1284 2508 1339 et
2564 1276 2644 1339 ab
2692 1276 2960 1365 oriente·
2995 1276 3350 1339 intrabatur
3407 1277 3473 1338 in

367 1375 523 1454 quia
568 1374 793 1436 dilexit
841 1393 953 1437 vos
1002 1372 1332 1437 Dominus.
1372 1373 1692 1441 Quoniam
1739 1390 1869 1431 non
1981 1392 2076 1436 ea.
2108 1374 2262 1437 Nam
2311 1375 2378 1437 in
2419 1374 2633 1438 Exodo
2660 1375 2907 1455 jussum
2947 1374 3094 1453 fuit,
3127 1394 3346 1439 versus
3377 1393 3478 1438 oc·
3531 1393 3594 1436 cr.
3618 1392 3767 1436 exoa.

366 1475 746 1570 nativitatis
800 1472 1059 1550 fruetus
1106 1481 1386 1549 pascunt
1444 1472 1755 1540 homines,
1807 1467 1867 1529 id
1982 1472 2298 1536 cidentem
2350 1472 2496 1535 sieri
2540 1473 2974 1537 adorationem
3029 1492 3042 1535 :
3097 1482 3159 1537 et
3213 1473 3356 1551 hoc,
3406 1482 3476 1536 ut
3502 1458 3768 1570 ἵζὲσῖζῖζ

366 1579 488 1648 est,
522 1571 695 1651 quod
741 1588 868 1633 non
916 1569 1035 1633 soli
1084 1569 1329 1632 fructus
1382 1568 1515 1630 nati
1555 1586 1631 1631 ex
1677 1573 1866 1642 terra,
1982 1570 2257 1653 populus
2305 1572 2492 1634 lsrael
2543 1571 2677 1635 veri
2737 1572 2848 1635 Dei
2900 1572 3126 1647 cultor,
3177 1592 3214 1635 a
3271 1572 3476 1652 genti-
3507 1585 3570 1625 ιο.

367 1670 546 1751 ipsos
596 1669 891 1732 homines
940 1668 1157 1748 alunt3
1188 1671 1298 1728 sect
1344 1687 1545 1729 sermo
1598 1676 1772 1735 tuus,
1804 1664 1872 1726 id
1984 1670 2100 1731 bus
2131 1670 2652 1751 distingueretur,
2690 1672 2798 1752 qui
2838 1670 2968 1733 fere
2998 1689 3219 1733 omnes
3251 1690 3472 1733 versus

366 1776 466 1831 est
514 1776 626 1831 tua
677 1767 1013 1831 instructio
1053 1774 1114 1830 et
1164 1767 1479 1842 doctrina,
1511 1769 1621 1826 hos
1650 1766 1868 1845 quiin
1981 1769 2294 1832 orientem
2355 1770 2642 1843 orabant,
2690 1770 2769 1831 ad
2826 1769 3128 1832 honorem
3190 1769 3344 1832 solis
3401 1788 3475 1833 ac

370 1879 427 1928 te
466 1869 889 1929 crediderunt
928 1864 1061 1929 fide
1106 1865 1397 1942 formata,
1431 1874 1761 1926 conservat
1802 1862 1868 1924 in
1908 1866 1953 1927 Β
1983 1868 2404 1950 planetarum,
2449 1868 2559 1950 qui
2606 1887 2827 1931 omnes
2856 1868 2935 1930 ab
2967 1867 3078 1930 illa
3107 1868 3254 1933 coeli
3296 1876 3477 1950 parte

369 1985 511 2029 esse
557 1973 851 2047 statuque
892 1963 1111 2045 gratiae
1149 1983 1222 2027 ac
1264 1964 1573 2025 virtutum
1610 1981 1622 2023 :
1666 1970 1729 2025 et
1777 1962 1869 2024 sic
1982 1986 2173 2049 super
2203 1975 2434 2031 terram
2465 1968 2836 2030 ascendunt.
2863 1966 3019 2030 Hinc
3040 1967 3120 2030 ab
3149 1966 3476 2031 Ezechiele

370 2065 794 2148 spiritualiter
820 2063 1033 2128 reficit
1064 2071 1255 2145 atque
1277 2062 1568 2127 vivificat
1598 2080 1719 2134 eos,
1738 2062 1871 2141 jux·
1984 2066 2415 2148 increpantur,
2448 2066 2560 2148 qui
2591 2084 2810 2129 versus
2841 2065 3150 2129 orientem
3182 2065 3470 2128 orabant.
3503 2080 3770 2131 Bucam,

105 2180 197 2223 ma
198 2194 294 2231 .....
299 2184 339 2232 κς
372 2174 433 2227 ta
465 2162 623 2226 illud
662 2180 676 2225 :
707 2163 842 2226 Non
876 2163 942 2224 in
974 2161 1109 2225 solo
1141 2180 1305 2244 pane
1334 2160 1491 2225 vivit
1522 2161 1734 2235 homo,
1759 2158 1870 2221 sed
1983 2163 2163 2239 Hinc,
2217 2164 2389 2246 quod
2439 2164 2678 2227 dictum
2718 2172 2834 2239 est,
2887 2162 2977 2225 Ad
3037 2172 3246 2226 ortum
3297 2161 3472 2239 soliS‚
3507 2146 3573 2186 ¹⁶·

90 2243 245 2347 ἰωή
284 2256 339 2295 ¹⁹·
372 2264 439 2325 in
472 2261 648 2326 omni
690 2260 887 2325 verbo
926 2260 1097 2342 quod
1138 2259 1426 2342 procedit
1471 2260 1549 2321 dc
1595 2277 1703 2321 ore
1734 2256 1864 2319 Dei.
1983 2282 2110 2326 non
2143 2264 2402 2327 denotat
2431 2263 2624 2325 situm
2655 2262 2802 2339 loci,
2826 2262 2937 2325 sed
2975 2270 3211 2325 certam
3241 2269 3478 2343 tempo-

90 2339 339 2428 lamanai.
368 2362 518 2423 Ideo
548 2361 966 2423 admonemur
998 2377 1111 2440 per
1138 2358 1511 2440 Apostolum
1549 2375 1562 2418 :
1598 2356 1663 2418 In
1694 2374 1871 2417 man·
1987 2362 2073 2423 ris
2131 2361 2354 2425 horam
2402 2379 2415 2422 :
2463 2361 2542 2424 de
2603 2380 2729 2442 qua
2784 2360 3071 2443 loquitur
3127 2360 3338 2437 IsaiaS,
3390 2360 3476 2422 De
3519 2375 3767 2421 laxum.

371 2459 712 2522 suetudine
742 2456 1049 2539 suscipite
1088 2456 1354 2518 insitum
1386 2456 1673 2532 verbum,
1698 2453 1867 2535 quod
1984 2478 2171 2523 mane
2216 2459 2494 2539 vigilabo
2534 2460 2613 2523 ad
2657 2468 2749 2540 te3
2793 2468 2856 2522 et
2903 2459 3253 2535 Psalmista,
3301 2458 3478 2521 Mane
3547 2474 3738 2521 emus.

372 2566 585 2641 potest
629 2557 875 2621 salvare
917 2555 1163 2618 animas
1202 2563 1467 2618 vestraS.
1982 2557 2248 2620 adstabo
2280 2557 2420 2633 tibi,
2452 2566 2515 2620 et
2552 2557 2807 2621 videbo.
2841 2556 3020 2620 Unde
3062 2564 3126 2620 et
3165 2557 3230 2618 in
3271 2557 3477 2620 Eccle-

177 2660 245 2715 27
459 2659 641 2725 Quod
687 2657 865 2716 enim
901 2656 981 2715 ab
1020 2656 1171 2731 igme
1210 2674 1338 2715 non
1370 2662 1623 2732 poterat
1668 2661 1873 2712 eoeter-
1984 2654 2241 2719 siastico
2273 2654 2503 2734 legitur
2539 2672 2552 2716 :
2589 2654 2852 2737 Sapiens
2892 2673 3002 2717 cor
3041 2674 3228 2717 suum
3270 2654 3477 2718 tradet
3557 2671 3704 2714 Eceti.

370 2758 648 2827 minari,
684 2754 931 2817 scilicet
974 2772 1229 2830 manna,
1265 2752 1438 2833 quod
1478 2750 1872 2832 coquebatur
1982 2753 2061 2815 ad
2100 2753 2496 2833 vigilandum
2535 2752 2840 2831 diluculo,
2875 2753 2954 2815 ad
2996 2752 3330 2815 Dominum
3362 2752 3475 2834 qui
3506 2748 3644 2785 '‘⁸¹¹³‘'
3665 2737 3706 2777 ⁶·

370 2862 437 2917 et
466 2852 888 2915 indurabatur
918 2851 998 2913 ad
1026 2851 1259 2933 ignem,
1278 2852 1502 2911 statim
1530 2852 1610 2910 ab
1637 2851 1871 2926 eoeiyuo
1985 2851 2138 2915 fecit
2170 2852 2376 2914 illum.

366 2954 524 3013 sotis
552 2953 741 3013 radio
770 2951 1158 3027 calefactum
1193 2952 1559 3019 tabescebat,
1582 2948 1647 3010 id
1677 2955 1775 3011 est
1804 2948 1871 3010 li·
2063 2951 2166 3014 Sic
2199 2968 2348 3030 ergo
2387 2957 2637 3033 oportet
2677 2949 2963 3027 adorare,
2995 2957 3057 3011 et
3097 2950 3226 3012 Deo
3266 2966 3476 3029 regra-

176 3058 244 3113 28
369 3048 725 3133 quefiebat,
772 3058 847 3110 ut
893 3057 1121 3109 notum
1167 3049 1466 3109 omnibus
1512 3056 1691 3117 esset,
1720 3068 1872 3127 quo-
1908 3043 1952 3107 C
1984 3049 2150 3111 tiari.
2193 3050 2456 3127 Inqrati
2495 3051 2672 3109 enim
2717 3069 2876 3127 ερεε,
2914 3058 3227 3128 tanquam
3266 3050 3474 3109 Iliber-
3598 3048 3670 3103 29

366 3151 559 3211 niam
596 3156 839 3227 oportet
876 3149 1235 3225 praevenire
1267 3150 1461 3207 solem
1490 3149 1579 3207 ad
1622 3147 1873 3205 benedi-
1981 3150 2177 3220 nali-3,
2213 3146 2277 3210 id
2315 3156 2412 3211 est
2440 3146 2752 3224 hiemaliS,
2778 3148 3022 3224 qlaciea
3062 3149 3324 3209 tabescet
3354 3167 3377 3206 .·
3408 3146 3472 3209 id

366 3250 649 3309 ctionem
696 3257 878 3308 tuam
917 3266 941 3305 :
978 3245 1041 3307 id
1089 3253 1205 3321 est,
1260 3252 1575 3326 quatenus
1622 3242 1869 3307 cunctis
1979 3255 2095 3325 est,
2129 3266 2274 3329 spes
2307 3247 2698 3327 ingratorum
2750 3264 2877 3308 non
2915 3253 3342 3327 consequetur
3381 3264 3474 3307 sa-

370 3346 535 3407 filiis
582 3344 773 3407 Israel
821 3344 1265 3419 innotesceret,
1301 3342 1472 3425 quod
1520 3349 1667 3405 ante
1717 3341 1869 3405 solis
1980 3346 2212 3426 lutem3
2245 3346 2357 3409 sed
2399 3345 2564 3408 sicut
2593 3343 2827 3426 glacies
2859 3344 3069 3407 calore
3097 3344 3224 3407 cito
3254 3344 3474 3407 dissol-

369 3452 609 3520 ortum,
666 3444 1060 3524 adspectum,
1115 3460 1227 3504 seu
1284 3441 1703 3504 elevationem
1751 3458 1867 3502 no·
1982 3444 2172 3522 vitur,
2207 3444 2298 3507 sic
2329 3444 2440 3506 illa
2467 3441 2824 3527 privabitur
2855 3450 3072 3525 optato
3100 3441 3378 3524 effectu3
3413 3453 3472 3505 et

372 3542 637 3606 tabilem
694 3560 888 3623 super
943 3548 1233 3603 nostrum
1290 3539 1705 3615 horizontem,
1766 3538 1865 3601 vel
1977 3546 2285 3621 disperiet
2325 3552 2639 3623 tanquam
2682 3562 2858 3620 aqua
2898 3560 3303 3619 supervacua
3340 3563 3364 3602 :
3405 3542 3471 3604 id

369 3651 717 3725 antequam
760 3640 854 3704 sol
915 3658 1219 3722 magnum
1266 3640 1332 3701 in
1378 3647 1543 3701 terra
1590 3638 1866 3701 calorem
1980 3650 2097 3719 est,
2129 3642 2394 3705 omnino
2426 3638 2682 3723 peribit,
2717 3647 2780 3703 et
2814 3638 2952 3721 ipse
2982 3639 3265 3720 ingratus
3297 3640 3472 3702 dam-

370 3742 777 3825 produceret,
805 3738 1088 3821 oportuit
1118 3756 1226 3801 eos
1254 3739 1553 3801 accedere
1584 3738 1663 3800 ad
1696 3737 1869 3799 colli·
1981 3740 2304 3803 nationem
2355 3739 2656 3817 incurret,
2709 3738 2878 3800 sicut
2923 3756 3091 3819 aqua
3139 3737 3470 3820 superflua

368 3841 650 3921 gendum
690 3857 926 3901 manna
959 3855 971 3898 :
1007 3837 1177 3918 quod
1210 3843 1470 3900 vocatur
1506 3835 1867 3900 benedictio
1979 3837 2324 3902 defluendo
2367 3836 2494 3899 cito
2539 3834 2853 3918 percurrit
2893 3854 2966 3898 ac
3011 3833 3258 3899 deficit.
3307 3835 3467 3900 Hinc

372 3939 506 4014 Dei,
540 3938 604 4000 id
643 3944 741 3999 est
768 3937 1005 3999 donum
1034 3936 1115 3999 ab
1145 3954 1221 3999 eo
1250 3935 1445 4017 gratis
1483 3934 1862 3997 exhibitum.
1975 3937 2218 4000 dictum
2278 3944 2376 3999 est
2431 3952 2624 4017 supra
2665 3951 2678 3995 :
2733 3933 2887 4015 Spes
2938 3933 3122 4017 impii
3160 3942 3462 4017 tanquam
3494 3949 3607 4007 Sap.
3633 3954 3764 4003 ms.

372 4038 552 4101 Unde
594 4045 657 4098 et
685 4034 933 4114 Abigail
982 4034 1190 4116 primo
1218 4034 1457 4116 Regum
1501 4033 1591 4096 ait
1636 4035 1716 4097 ad
1752 4034 1867 4095 Da·
1976 4036 2242 4115 lanug03
2277 4043 2340 4099 et
2369 4034 2436 4095 in
2465 4033 2732 4108 Psalmo,
2776 4033 2897 4095 lter
2927 4031 3268 4115 impiorum
3300 4034 3468 4117 peri·
3528 4051 3720 4101 Pata.

98 4154 213 4209 {1120
216 4166 345 4206 xxxxx
376 4136 487 4202 vid
529 4154 543 4198 :
586 4134 821 4217 Accipe
866 4133 1377 4196 benedictionem
1422 4132 1674 4196 ancillae
1718 4141 1864 4209 tuae,
1975 4134 2184 4199 bit.In
2214 4133 2330 4197 Job
2351 4150 2606 4215 quoque
2636 4130 2866 4213 legitur
2895 4132 2974 4194 de
3004 4131 3228 4214 iniquo
3261 4133 3460 4197 :Ecce
3501 4152 3585 4198 1012
3607 4154 3752 4203 xasa.

376 4236 441 4298 id
484 4242 582 4298 est
626 4252 837 4296 escam
883 4251 1073 4313 quam
1113 4231 1300 4294 attuli
1348 4231 1427 4294 ad
1468 4239 1551 4293 te.
1600 4230 1758 4293 Hinc
1801 4231 1867 4294 in
1899 4239 1948 4301 D
1978 4252 2123 4317 spes
2171 4232 2311 4313 ejus
2343 4230 2754 4293 frustrabitur
2790 4248 2959 4306 eum,
2995 4238 3058 4292 et
3096 4230 3460 4295 videntibus

98 4349 344 4399 emam,
374 4333 591 4396 Exodo
643 4331 844 4394 fertur
882 4348 896 4391 :
936 4329 1333 4410 Colligebant
1374 4348 1561 4393 mane
1603 4329 1865 4409 singuli,
1980 4331 2227 4396 cunctis
2273 4328 2796 4412 praecipitabitur.
2842 4326 2943 4391 Sic
2990 4336 3052 4391 et
3103 4348 3248 4411 spes
3279 4330 3469 4412 perfi-

377 4440 685 4513 quantum
714 4427 1025 4492 sufficere
1057 4435 1302 4510 poterat
1340 4429 1417 4490 ad
1446 4429 1865 4508 vescendum3
1980 4432 2204 4495 dorum
2252 4429 2632 4503 Judaeorum,
2679 4442 2888 4506 regem
2937 4426 3224 4490 Messiam
3263 4428 3470 4492 adhuc

374 4547 707 4611 quumque
756 4526 1126 4590 incaluisset
1174 4525 1289 4602 sol,
1337 4525 1737 4606 liquefiebat.
1786 4530 1871 4589 Et
1982 4527 2506 4612 praestolantium,
2541 4534 2603 4589 et
2630 4525 2898 4587 Domino
2924 4523 3069 4587 Iesu
3098 4525 3347 4589 Christo
3376 4528 3474 4590 in-

374 4631 465 4689 ad
500 4637 717 4688 ortum
768 4628 930 4688 lucis
975 4636 1031 4687 te
1076 4628 1374 4695 adorare,
1404 4624 1470 4687 id
1507 4633 1605 4687 est
1656 4624 1866 4687 statim
1977 4628 2510 4710 gratissimorum,
2554 4643 2696 4707 quae
2733 4642 2878 4705 spes
2920 4621 3156 4704 frigore
3197 4624 3473 4689 infideli-

377 4726 514 4790 sole
540 4725 879 4802 oriente‚et
910 4724 1118 4787 radios
1149 4742 1341 4805 super
1371 4731 1601 4786 terram
1633 4722 1871 4785 diffun-
1980 4726 2126 4789 tatis
2157 4734 2348 4807 atque
2377 4723 2612 4785 duritia
2641 4720 3086 4785 obstinationis
3116 4721 3318 4785 instar
3344 4722 3473 4801 gla-

376 4825 589 4901 dente‚
618 4832 682 4887 te
713 4822 1033 4899 invocare,
1050 4829 1114 4884 et
1140 4829 1348 4901 grates
1381 4822 1497 4885 tibi
1529 4820 1871 4885 refundere
1979 4823 2101 4889 cici
2128 4822 2472 4887 constricta
2498 4829 2616 4898 est,
2646 4827 2993 4902 apparente
3023 4818 3166 4883 Sole
3193 4821 3266 4901 ju
3279 4820 3470 4885 stitiae

378 4941 496 5007 pro
534 4919 877 4985 beneficiis
921 4919 1071 4983 tuiS.
1979 4922 2230 4988 Christo
2266 4920 2534 4984 Domino
2573 4918 2826 5001 penitus
2863 4915 3314 4981 confundetur.
