4284 6267
749 1106 818 1142 xx,
850 1078 917 1139 in
943 1079 1276 1162 Apostolos
1300 1078 1668 1146 insufflavit
1691 1080 1996 1162 Spiritum
2018 1080 2340 1159 Sanctum,

851 494 970 559 394
1451 514 1805 561 manuario
1847 512 1911 560 m
1952 512 2091 560 car.
2127 514 2171 559 v
2210 514 2453 561 amnui
2492 514 2899 563 cmuconuu.
2942 534 3027 545 —-
3062 516 3207 563 m.
3250 516 3355 563 m

848 692 983 746 ctos
1033 683 1100 746 in
1150 684 1253 750 via
1302 705 1417 768 per
1459 686 1754 765 gratiam,
1785 693 1980 767 atquc
2026 685 2094 748 in
2141 684 2348 769 patria
2375 686 2426 748 A
2458 705 2574 750 sua
2618 684 2983 749 humanitas
3028 687 3110 749 sit
3158 687 3236 750 ad
3283 687 3749 770 hypostaticam
3798 706 3939 751 esse

849 801 964 864 per
992 783 1279 864 gloriam,
1317 785 1444 847 sibi
1475 785 1839 867 incorporat
1873 802 1888 847 :
1925 786 2098 866 quod
2127 793 2348 866 guttur
2458 784 2649 847 Verbi
2688 785 2907 848 aeterni
2957 795 3304 868 assumpta,
3344 795 3409 849 et
3448 785 3515 847 in
3559 784 3671 849 illo
3714 804 3941 868 suppo·

849 899 1110 962 prorsus
1157 881 1434 946 infinitae
1472 882 1766 946 consistit
1810 883 2193 947 dulcedinis,
2226 882 2347 946 Sed
2456 883 2662 947 sitata.

849 988 912 1043 et
961 989 1179 1061 guttur
1225 982 1390 1064 ejuS,
1438 1000 1568 1063 quo
1617 990 1760 1063 post
1817 981 2343 1046 resurrectionem
2542 986 2719 1045 Talis
2756 993 2847 1043 est
2872 986 3146 1045 dilectus
3176 1004 3377 1055 meu-5,
3404 994 3465 1045 et
3494 985 3627 1061 ipse
3650 992 3741 1043 est
3776 984 3942 1043 ami-

2454 1101 2568 1141 cus
2594 1102 2796 1150 meus,
2814 1100 2853 1145 o
2880 1084 3043 1160 filice
3058 1080 3743 1155 Jerusalem.Quamvis
3768 1080 3941 1143 enim

2454 1177 2541 1241 sit
2585 1179 2907 1255 Dominus,
2944 1199 3074 1258 rex,
3108 1189 3355 1244 creator
3394 1190 3457 1243 et
3504 1179 3697 1262 judex
3736 1199 3937 1255 meuS,

2452 1276 2737 1340 caritatis
2768 1285 2977 1340 tamen
3007 1277 3408 1342 vehementia
3446 1276 3830 1360 impellente,
3864 1276 3943 1339 siv

2451 1373 2837 1457 duciamque
2897 1384 3265 1457 praestantc,
3326 1374 3728 1439 confidenter
3784 1392 3941 1439 voco

2452 1492 2599 1538 eum
2642 1475 2941 1549 amicum,
2978 1484 3277 1556 tanquam
3316 1473 3715 1537 carissimum
3750 1492 3941 1557 spon-

2452 1592 2618 1649 sum,
2651 1572 2761 1655 qui
2795 1572 2970 1655 prior
2998 1572 3218 1635 dilexit
3247 1592 3371 1651 me,
3401 1579 3467 1635 et
3504 1581 3629 1635 tam
3666 1573 3941 1653 gratiose
3972 1590 4201 1695 ἰοιΐιη,

848 1178 1034 1241 dulce
1082 1189 1177 1242 est
1226 1179 1432 1242 valde.
1484 1183 1569 1242 Ec
1618 1189 1782 1241 totus
1825 1182 2275 1242 desiderabilis
2320 1202 2345 1241 .·

848 1276 1000 1357 quia
1041 1279 1388 1341 secundum
1431 1278 1684 1341 deitatis
1725 1297 1854 1341 suae
1900 1287 2217 1355 naturam,
2249 1288 2346 1341 est

849 1376 1224 1439 naturaliter
1268 1386 1330 1439 et
1374 1378 1630 1459 penitus
1669 1375 1930 1439 infinite
1971 1376 2342 1459 appetibilis

846 1482 1040 1556 atque
1089 1475 1406 1552 amabiliS,
1441 1475 1838 1539 delectabilis
1888 1485 1953 1538 et
1993 1476 2337 1558 jucundus,

847 1581 1067 1655 utpote
1125 1572 1374 1636 bonitas
1425 1592 1586 1656 pura
1639 1593 1712 1636 ac
1765 1573 2337 1656 incircumscripta,

846 1670 1354 1735 substantialiter
1420 1671 1597 1749 selix,
1658 1682 1722 1735 et
1779 1672 2342 1735 interminabiliter
2449 1691 2525 1735 ac
2556 1670 2958 1735 familiariter
2986 1671 3319 1754 conjunxit
3350 1690 3417 1734 se
3446 1671 3628 1748 mihi,
3652 1680 3715 1735 et
3741 1670 3935 1735 dixit:

843 1770 1144 1850 gloriosa,
1180 1771 1308 1834 imo
1338 1772 1478 1853 ipsa
1512 1771 1838 1834 beatitudo
1869 1771 2203 1833 immensa.
2236 1772 2342 1833 Se·
2448 1769 2583 1833 Jam
2634 1790 2761 1833 non
2812 1770 3021 1833 dicam
3070 1789 3181 1835 vos
3228 1788 3467 1847 servos,
3517 1770 3627 1833 sed
3674 1770 3935 1835 amicos,
3986 1788 4206 1835 loa-..m

845 1869 1126 1932 cundum
1157 1877 1443 1932 naturam
1477 1888 1735 1951 quoque
1763 1878 2180 1952 assumptam,
2204 1869 2343 1931 uni·
2380 1870 2425 1931 B
2452 1868 2669 1932 Merito
2712 1868 2905 1951 igitur
2943 1868 3131 1931 laudo
3174 1887 3345 1945 eum,
3390 1876 3456 1931 et
3494 1868 3635 1950 ejus
3666 1867 3941 1949 langueo
3972 1856 4036 1895 ¹⁵·

846 1967 1048 2029 versis
1083 1976 1146 2029 et
1195 1968 1466 2047 singulis
1509 1968 1686 2050 puris
1741 1968 2048 2031 creaturis
2097 1968 2345 2032 deside·
2452 1967 2737 2045 caritate,
2790 1987 2906 2031 nec
2963 1967 3117 2031 alibi
3174 1986 3366 2049 quam
3424 1966 3489 2029 in
3545 1985 3621 2029 eo
3677 1985 3941 2050 possum

846 2065 1109 2129 rabilior
1150 2067 1675 2148 praestantiorque
1713 2066 2025 2145 consistit,
2059 2085 2134 2131 eo
2173 2067 2345 2148 quod
2456 2066 2808 2148 quiescere.

1905 2488 2559 2575 ARTICULUS
2636 2490 2837 2573 XVI

1195 2763 1582 2811 nxPLANArto
1623 2764 1890 2810 musnnu
1931 2762 2209 2810 GAPrruu
2251 2762 2477 2825 QmNTI,
2524 2764 2602 2809 DE·
2645 2764 2872 2811 SPONSO
2914 2765 2989 2810 m·
3034 2764 3229 2810 ANfflA
3272 2765 3591 2814 vmwosA.

983 3050 1277 3110 ENIAT
1295 3049 1566 3109 dilectus
1612 3067 1788 3109 meus
1827 3048 1900 3106 in
1947 3048 2206 3106 hortum
2242 3064 2347 3105 su·
2374 3043 2419 3107 C
2454 3061 2669 3107 amore
2700 3045 2798 3107 sui
2840 3045 3043 3127 ipsius
3074 3046 3343 3128 privato,
3377 3052 3441 3109 et
3474 3044 3539 3107 in
3570 3042 3803 3107 summi
3830 3043 3953 3107 bo-

1011 3168 1146 3220 um,
1192 3156 1266 3208 ut
1320 3149 1604 3207 comedat
1655 3147 1951 3223 fructum
2006 3163 2345 3221 pomorum

843 3268 1132 3309 suorum.
1166 3245 1375 3308 Variis
1415 3244 1622 3308 modis
1662 3243 1878 3308 visitat
1920 3260 2193 3325 sponsus
2236 3241 2346 3305 ille

845 3344 1123 3411 coelestis
1167 3344 1443 3407 animam
1488 3343 1606 3406 sibi
1651 3344 1944 3405 devotam
1990 3360 2004 3405 :
2049 3342 2202 3422 quia
2250 3340 2346 3402 in-

843 3445 1091 3508 terdum
1141 3442 1324 3524 quasi
1371 3442 1652 3505 nondum
1703 3449 1959 3521 rogatus
2018 3440 2221 3515 adest,
2270 3458 2343 3502 ac

844 3541 1176 3626 praevenit,
1231 3549 1292 3604 et
1351 3548 1653 3622 tanquam
1717 3539 1955 3601 saliens
2007 3537 2343 3602 celerrime

843 3642 1215 3717 advenit‚ut
1247 3640 1571 3703 caritatem
1608 3648 1668 3702 et
1701 3638 2000 3721 pietatem
2034 3656 2214 3699 suam
2244 3636 2344 3699 cle-

845 3748 1190 3819 monstret3
1225 3738 1542 3802 interdum
1577 3737 1758 3818 quasi
1792 3736 2068 3801 occultat
2096 3753 2171 3797 ac
2202 3735 2344 3797 sub-

843 3839 1037 3902 trahit
1081 3858 1169 3916 se,
1205 3857 1285 3900 ne
1331 3836 1545 3900 anima
1582 3835 2002 3918 prosperitate
2045 3833 2345 3916 spiritua-

845 3938 1002 4000 lium
1036 3955 1295 4000 suorum
1326 3934 1682 3999 successive
1713 3934 2066 4010 extollatur,
2079 3940 2189 3994 aut
2220 3931 2342 3993 sibi

845 4036 1164 4099 adscribat
1202 4034 1373 4115 quod
1411 4032 1517 4096 Dei
1563 4042 1680 4107 est,
1715 4033 1824 4096 sed
1869 4032 2192 4114 propriam
2236 4032 2345 4094 de-

845 4134 1158 4197 bilitatem
1205 4134 1510 4207 advertat,
1546 4150 1741 4212 seque
1786 4128 2100 4205 humiliet,
2136 4138 2200 4191 et
2242 4148 2345 4191 su—

2458 3142 2521 3204 ni
2570 3161 2787 3207 amore
2834 3145 3158 3221 accendat,
3206 3152 3559 3221 conservet,
3606 3141 3949 3225 perficiat;

2454 3243 2563 3304 sed
2614 3250 2677 3305 et
2732 3242 3107 3307 memoriam
3152 3262 3191 3309 a
3238 3242 3389 3313 suis,
3428 3240 3953 3307 distractionibus

2457 3341 2801 3421 recolligat,
2836 3350 2899 3404 et
2926 3341 3244 3405 confortet
3284 3360 3535 3423 semper
3564 3340 3631 3403 in
3661 3359 3749 3403 se.
3782 3340 3951 3402 Veni

2454 3440 2673 3521 igitur,
2724 3459 2761 3503 ο
2804 3441 3056 3517 dilecte,
3108 3451 3171 3504 et
3227 3450 3428 3505 totum
3472 3440 3725 3504 hortum
3774 3438 3953 3503 hunc

2452 3558 2667 3601 meum
2710 3557 2974 3622 occupa,
3020 3538 3293 3623 posside,
3330 3558 3403 3603 ac
3444 3538 3681 3621 jugiter
3720 3538 3954 3601 immo-

2452 3655 2635 3717 rare3
2678 3638 2944 3717 dignare
2978 3658 3153 3715 eum,
3184 3656 3222 3701 o
3255 3638 3399 3702 fons
3430 3637 3624 3701 totius
3662 3636 3954 3701 fecundi-

2454 3734 2621 3810 tatis,
2671 3735 3133 3799 incessabiliter
3180 3736 3465 3818 irrigare,
3515 3752 3805 3818 purgare,
3852 3734 3955 3798 fe-

2452 3834 2752 3909 cundare,
2786 3834 3310 3911 circummunire,
3344 3833 3651 3917 omnique
3681 3832 3843 3897 flore
3870 3853 3951 3897 ae

2453 3931 2664 3994 fructu
2722 3932 2942 4012 gratiae
3003 3952 3075 3996 ac
3125 3932 3457 4009 virtutum,
3510 3933 3822 3997 donorum
3872 3952 3953 4000 ac

2452 4030 2919 4094 beatitudinum
2964 4032 3336 4114 adimplere.
3387 4032 3514 4096 Hoc
3556 4050 3686 4108 oro,
3734 4039 3805 4094 ut
3840 4050 3954 4095 co-

2452 4130 2665 4192 medat
2702 4128 2977 4192 fructum
3027 4148 3361 4212 pomorum
3406 4148 3689 4205 suorum,
3723 4129 3789 4193 id
3821 4138 3947 4206 est,

846 4232 1168 4316 spirando,
1194 4231 1455 4307 orando,
1483 4230 1830 4294 laborando
1860 4247 1977 4312 pro
2006 4230 2227 4309 gratiae
2257 4228 2345 4290 in·
2376 4228 2424 4291 D
2453 4246 2701 4290 mecum
2734 4236 2965 4305 coenet,
2997 4238 3060 4291 et
3087 4236 3267 4292 actus
3298 4247 3471 4293 meos
3501 4229 3607 4311 pie
3634 4236 3945 4310 acceptet,

845 4339 1184 4405 cremento,
1197 4329 1518 4412 copiosius
1550 4337 1881 4393 mereatur.
1897 4328 2125 4390 Anima
2149 4327 2343 4409 igitur

849 4428 1162 4514 spirituali
1211 4428 1535 4492 alacritate
1582 4447 1652 4489 ac
1695 4426 1930 4508 gaudio
1969 4426 2047 4489 ad
2091 4434 2343 4508 tempus

849 4530 1120 4613 privata,
1176 4536 1467 4610 precatur
1509 4544 1523 4585 τ
1572 4526 1799 4590 Veniat
1846 4525 2117 4589 dilectus
2164 4544 2344 4587 meus

851 4629 916 4691 in
967 4628 1222 4690 hortum
1281 4643 1516 4700 meum,
1571 4625 1632 4686 id
1681 4632 1779 4687 est
1826 4624 1895 4686 in
1947 4623 2341 4706 superiorem

851 4734 1091 4811 partem
1145 4743 1375 4800 meam,
1428 4724 1494 4785 in
1541 4741 1668 4803 qua
1713 4741 1978 4785 summae
2018 4721 2346 4784 Trinitatis

853 4823 1210 4907 resplendet
1270 4822 1479 4901 imago
1533 4838 1546 4883 :
1602 4821 1722 4883 hoc
1777 4829 1894 4894 est,
1947 4820 2341 4883 intellectum

849 4940 1061 4987 meum
1107 4920 1284 4984 radio
1329 4919 1659 5002 sapientiae
1704 4937 1834 4981 suae
1870 4917 2167 4995 illustret,
2200 4936 2350 4981 con-

851 5018 1288 5103 templationis
1318 5018 1459 5081 luce
1489 5014 1834 5098 perfundat
1867 5022 2094 5093 totum,
2126 5023 2352 5079 totum-

852 5138 976 5201 que
1007 5117 1208 5200 rapiat
1250 5117 1317 5179 in
1359 5134 1425 5179 se
1465 5114 1699 5197 ipsum,
1736 5121 1800 5176 et
1838 5113 2119 5175 stabiliat
2159 5114 2225 5178 in
2255 5114 2351 5176 di-

853 5216 1057 5295 vinis3
1093 5214 1483 5279 voluntatem
1516 5230 1774 5295 quoque
1804 5210 1885 5273 ab
1915 5211 2092 5275 omni
2122 5220 2350 5294 purget

855 5314 1121 5387 malitia,
1177 5311 1537 5376 inordinato
1595 5308 1863 5388 affectu,
1929 5308 2353 5392 improboque

2453 4326 2749 4408 quamvis
2779 4326 3141 4408 imperfecti
3171 4326 3301 4390 sint
3330 4326 3951 4409 nimiS‚praestetque

2454 4424 2613 4486 mihi
2643 4443 2753 4487 eos
2781 4433 2909 4487 tam
2943 4424 3273 4487 humiliter
3300 4442 3612 4501 exercere,
3633 4433 3695 4487 et
3722 4443 3949 4487 eorum

2453 4522 3045 4586 defructuositatem
3079 4524 3103 4547 *
3158 4532 3287 4585 tam
3348 4524 3619 4586 contrite
3679 4522 3945 4601 deflere,
3996 4550 4218 4594 marm„

2454 4621 2626 4704 quod
2657 4621 3006 4684 delectetur
3038 4621 3103 4683 in
3134 4621 3249 4685 eis.
3284 4621 3533 4685 Etenim
3564 4621 3705 4703 ejus
3732 4638 3943 4703 poma,
3976 4616 4141 4659 m

2458 4727 2606 4783 sunt
2641 4719 2909 4783 virtutes
2951 4728 3015 4782 et
3053 4721 3218 4783 dona
3262 4719 3421 4782 mihi
3455 4719 3537 4783 ab
3577 4738 3654 4783 eo
3692 4719 3944 4795 collata,

2456 4836 2729 4901 quorum
2762 4816 3033 4894 fructuS,
3066 4828 3163 4882 est
3190 4818 3357 4882 actio
3390 4835 3608 4882 corum
3641 4817 3947 4896 virtuosa,

2458 4936 2572 4979 seu
2614 4915 2952 4979 delectatio
2991 4916 3159 4980 bona
3193 4916 3428 4982 actioni
3470 4934 3735 4979 annexa.

2538 5014 2631 5076 Ad
2680 5014 2845 5078 hanc
2895 5016 3293 5097 petitionem,
3335 5014 3519 5097 quasi
3568 5013 3812 5077 absenti
3857 5012 3956 5077 sa-

2460 5122 2648 5189 etam,
2701 5131 2975 5195 sponsus
3024 5112 3264 5196 ubique
3310 5132 3589 5196 praesens
3638 5121 3699 5177 et
3736 5112 3955 5197 omnia

2460 5212 2749 5287 audiens,
2802 5230 3055 5294 sponsae
3110 5212 3483 5295 particulari
3547 5212 3883 5294 respondet
3934 5228 3949 5273 :

2480 5312 2639 5373 Veni
2668 5312 2741 5372 in
2770 5314 3029 5373 hortum
3060 5332 3297 5385 meum,
3312 5332 3493 5373 soror
3522 5330 3951 5390 memspousa.
