4284 6267
624 675 693 732 ss

626 1551 693 1606 15

627 2839 694 2895 16

625 3437 694 3495 17

623 4627 690 4682 18

817 479 899 544 88
1470 499 1822 554 manum-10
1863 501 1927 546 m
1967 499 2107 547 cu.
2152 502 2262 548 xm
2311 502 2796 553 rnovltnmonnn.
2841 525 2922 538 --
2960 507 3103 554 aar.
3150 507 3261 554 xm

906 672 1045 732 Lem
1070 674 1408 748 sapientis,
1446 672 1510 735 id
1548 679 1647 734 est
1688 673 1789 735 lex
1822 672 2041 736 divina
2078 693 2117 736 a
2155 673 2315 756 sapi·
2341 675 2392 737 A
2429 674 2494 737 id
2542 683 2638 738 est
2678 677 3142 740 rationabiliter
3189 678 3565 761 increpanti,
3581 681 3921 757 ylarifiea-

821 768 1153 833 entissimo
1179 770 1306 834 Deo
1336 769 1579 850 collata,
1592 773 1693 835 vel
1724 772 1824 835 lex
1852 774 2314 855 cujuscumque

821 867 1202 948 legislatoris
1234 871 1607 952 prudentis;
1642 873 1765 950 vel,
1811 873 1937 935 Lex
1980 873 2310 955 sapientiS‚

818 967 884 1029 id
916 974 1013 1029 est
1050 967 1149 1030 lex
1192 969 1320 1046 Dei,
1356 987 1549 1050 quam
1593 971 1847 1052 sapiens
1887 972 2078 1035 homo
2109 980 2314 1036 custo-

818 1065 932 1142 dit,
964 1075 1061 1129 est
1093 1069 1241 1145 fons
1276 1071 1429 1131 vitoe
1459 1091 1481 1129 .·
1504 1069 1655 1151 quia
1694 1089 1772 1132 ex
1820 1070 1957 1150 lege
1997 1071 2314 1153 accipitur

816 1162 1025 1226 forma
1056 1165 1217 1228 bene
1248 1165 1529 1244 vivendi,
1573 1176 1637 1230 et
1674 1167 1813 1249 ipsa
1851 1168 1953 1232 lex
1990 1168 2211 1250 dirigit
2245 1169 2312 1230 in

819 1263 1119 1343 agendi83
1170 1273 1244 1324 ut
1287 1269 1562 1326 declinet
1608 1288 1650 1327 a
1698 1270 1901 1328 ruina
1948 1269 2195 1338 mortis,
2248 1267 2312 1330 id

820 1369 936 1438 est,
988 1370 1059 1423 ut
1107 1381 1221 1444 per
1270 1363 1475 1444 legem
1524 1364 1716 1430 homo
1773 1368 2028 1431 recedat
2073 1387 2111 1429 a
2159 1385 2310 1428 casu

818 1461 1062 1541 peccati
1097 1469 1160 1524 et
1194 1471 1397 1526 morte
1431 1471 1687 1542 aeterna,
1718 1466 1799 1528 ad
1829 1466 2001 1547 quod
2031 1464 2133 1528 lex
2173 1464 2312 1546 ipsa

820 1557 1195 1638 instigat.—
1224 1563 1538 1624 Doctrina
1569 1565 1730 1624 bona
1758 1567 1939 1627 dabit
1966 1566 2258 1642 qratiam
2285 1583 2309 1623 .·

819 1655 974 1735 quia
1016 1676 1093 1720 ex
1136 1677 1211 1721 ea
1250 1661 1479 1723 crescit
1524 1660 1589 1724 in
1626 1663 1852 1742 gratia,
1894 1671 2021 1725 tam
2073 1662 2309 1725 docens

816 1775 1011 1838 quam
1052 1759 1339 1822 audiens.
1374 1765 1457 1822 In
1496 1763 1731 1822 itinere
1774 1772 2306 1840 contemptorum,

2425 777 2625 844 bitur,
2669 775 2733 838 id
2781 786 2898 854 est,
2933 797 3148 841 coram
3196 778 3320 842 Deo
3369 786 3433 841 et
3479 777 3721 841 Sanctis
3761 779 3917 860 ejus

2420 873 2542 936 erit
2586 874 2901 954 gloriosus
2949 884 3012 938 et
3059 875 3244 939 laude
3299 876 3550 956 dignus,
3603 885 3916 958 tanquam

2420 990 2569 1035 vere
2609 973 2930 1036 virtuosus
2971 995 3044 1039 ac
3083 975 3360 1058 sapienS,
3390 974 3914 1039 defectuositates

2421 1091 2566 1133 suas
2619 1075 3043 1156 perpendenS‚
3095 1075 3433 1157 curarique
3487 1074 3770 1156 cupiens,
3819 1110 3914 1118 —

2421 1172 2834 1233 Desiderium
2861 1175 2921 1232 si
2947 1178 3366 1252 compleatur,
3395 1173 3462 1236 id
3493 1181 3608 1250 est,
3639 1173 3717 1235 ad
3747 1170 3914 1235 effe-
4043 1185 4100 1240 19

2419 1277 2593 1332 ctum
2638 1271 3042 1352 perducatur,
3078 1277 3347 1334 delectat
3389 1275 3702 1334 animam.
3727 1270 3914 1334 Dele-

2419 1368 2652 1432 ctabile
2681 1369 2852 1432 enim
2881 1379 2999 1449 est,
3032 1371 3203 1435 bono
3232 1371 3588 1435 desiderato
3616 1369 3805 1445 uniri,
3841 1377 3909 1432 et

2419 1469 2702 1550 cupitam
2741 1468 3200 1551 perfectionem
3235 1469 3472 1534 sortiri.
3497 1473 3907 1530 Detestantur

2419 1569 2607 1628 stulti
2642 1588 2742 1628 eos
2770 1571 2887 1648 qui
2915 1571 3191 1648 suqiunt
3229 1569 3426 1638 mala,
3446 1566 3512 1630 id
3540 1575 3636 1630 est
3663 1565 3906 1648 pericu-

2421 1665 2558 1730 losa
2588 1685 2809 1731 eorum
2839 1667 3160 1731 consortia
3197 1676 3386 1749 atque
3425 1665 3704 1730 carnalia
3729 1663 3906 1728 oble-

2420 1771 2759 1840 ctamenta,
2792 1784 2934 1846 quae
2977 1766 3102 1848 ipsi
3152 1765 3330 1829 stulti
3369 1764 3802 1848 appretiantur
3829 1781 3904 1826 ac

818 1855 883 1917 id
914 1861 1011 1917 θεῖ
1039 1855 1106 1917 in
1137 1856 1351 1919 verbis
1380 1866 1444 1921 et
1476 1858 1660 1922 factis
1688 1878 1909 1923 eorum
1941 1860 2053 1943 qui
2093 1859 2308 1941 despi-
2347 1863 2393 1926 B
2419 1862 2892 1943 diligunt.Hinc
2919 1863 3325 1928 beatissimus
3352 1863 3571 1926 Petrus
3601 1861 3666 1923 in
3698 1860 3901 1942 prima
4278 1921 4279 1938 ¹

2419 1980 2535 2024 sua
2586 1962 2678 2024 ait
2713 1961 3031 2026 Canonica
3070 1964 3148 2026 de
3187 1962 3427 2044 iniquis
3463 1979 3476 2024 :
3509 1960 3624 2035 Qui
3669 1959 3903 2022 miran-
3966 1979 4180 2030 menn,
4281 2025 4283 2032 ,

817 1953 995 2017 ciunt
1024 1954 1186 2019 alios
1224 1963 1287 2020 et
1325 1958 1706 2022 documenta
1736 1959 2035 2034 salubria,
2078 1967 2177 2022 est
2206 1979 2310 2020 υο-

820 2074 1001 2132 rayo,
1022 2053 1084 2116 id
1114 2063 1209 2117 est
1240 2056 1663 2139 praecipitium
1694 2058 2143 2140 periculosum,
2159 2057 2309 2138 quia

818 2171 1021 2232 usque
1070 2151 1137 2214 in
1188 2152 1438 2216 foveam
1484 2153 1867 2220 infernalem
1921 2157 2309 2239 praecipitari

815 2258 1160 2313 merentur.
1196 2251 1351 2315 Hinc
1388 2253 1476 2315 ait
1520 2253 1585 2316 in
1634 2254 1991 2317 Proverbiis
2031 2256 2168 2317 suis
2195 2254 2310 2338 Cy-

817 2347 1003 2410 rillus
1031 2369 1045 2413 :
1075 2348 1142 2410 In
1176 2349 1361 2413 rebus
1393 2353 1585 2415 etiam
1615 2352 1903 2415 minimis
1934 2353 2061 2418 vim
2090 2373 2310 2436 quam-

818 2448 967 2510 dam
1009 2455 1237 2511 natura
1278 2449 1605 2513 distribuit
1638 2472 1653 2516 ε
1690 2451 2106 2532 quamobrem
2149 2452 2310 2515 nihil

818 2554 913 2608 est
956 2565 991 2608 a
1036 2545 1325 2628 sapiente
1367 2549 1821 2629 spernendum,
1848 2550 2153 2632 quoniam
2199 2551 2311 2613 ha-

818 2645 927 2708 bet
977 2664 1376 2728 unaquaeque
1423 2665 1523 2710 res
1574 2668 1689 2713 suo
1728 2649 1869 2714 loco
1914 2657 1978 2713 et
2025 2658 2309 2732 tempore

819 2762 1003 2805 suum
1034 2745 1473 2825 juvamentum
1505 2755 1569 2809 et
1598 2748 2024 2811 commodum.

900 2846 1171 2906 Astutus
1197 2849 1419 2908 omnia
1456 2848 1595 2924 aqit
1620 2867 1769 2908 cum
1806 2849 2073 2909 consilio
2100 2869 2124 2908 .·
2156 2847 2310 2930 quia

820 2939 889 3002 in
924 2943 1099 3004 omni
1136 2963 1204 3006 re
1235 2953 1443 3026 potest
1469 2963 1802 3009 occurrere
1839 2955 1949 3009 aut
1978 2946 2176 3010 latere
2206 2964 2309 3028 pe-

2418 2069 2542 2138 tar,
2575 2079 2703 2124 non
2732 2051 3260 2124 concurrentibus
3289 2060 3474 2124 vobis
3517 2060 3582 2123 in
3613 2059 3898 2122 eamdem
3927 2045 3976 2086 ⁴·

2418 2159 2682 2224 luxuriae
2710 2160 3174 2224 confusionem.

2477 2263 2606 2328 Qui
2623 2281 2772 2322 cum
2791 2263 3190 2338 sapientibus
3201 2259 3606 2338 ¹cruditur-,id
3633 2265 3744 2335 est,
3760 2276 3900 2320 con·
4032 2265 4099 2322 20

2417 2367 2704 2421 versatur
2749 2378 2862 2440 per
2896 2360 3043 2424 vitae
3081 2358 3616 2434 conformitatem,
3648 2359 3902 2435 sapiens

2416 2459 2542 2517 erit
2562 2457 2782 2538 :juxta
2819 2459 2992 2541 quod
3023 2459 3330 2539 scriptum
3361 2465 3478 2533 est,
3500 2456 3652 2519 Cum
3683 2463 3900 2518 sancto
3927 2473 4178 2526 Panum.

2416 2563 2674 2618 sanctus
2703 2556 2852 2620 eriS.
2883 2557 3028 2620 Ideo
3057 2556 3213 2619 dicit
3241 2555 3510 2639 Cyrillus
3545 2574 3558 2620 :
3591 2553 3747 2616 Cum
3775 2553 3902 2616 ele-

2417 2662 2520 2716 cto
2549 2655 2724 2718 socio
2755 2653 3184 2737 proficiscaris
3213 2673 3287 2716 ac
3315 2652 3710 2717 converseris
3734 2671 3751 2733 3
3803 2650 3903 2713 fu-

2415 2770 2494 2833 ge
2535 2753 2798 2816 luminis
2841 2753 3112 2816 hostem.
3145 2751 3301 2815 Cum
3341 2760 3622 2815 amatore
3661 2750 3904 2832 sapien-

2419 2853 2546 2930 tiae,
2569 2852 2844 2915 zelatore
2867 2851 3154 2934 justitiae,
3181 2860 3371 2933 atque
3399 2850 3693 2913 amicitiae
3722 2847 3902 2912 fideli

2417 2951 2661 3014 cultore
2702 2950 2871 3014 vive.
2918 2951 3150 3014 Seneca
3198 2969 3454 3033 quoque
3497 2966 3512 3012 ε
3555 2947 3898 3031 Optimum,

821 3039 1119 3121 riculum,
1154 3043 1257 3106 cui
1288 3063 1401 3126 per
1431 3043 1771 3118 consilium
1809 3045 2145 3126 obviatur3
2191 3063 2308 3107 nec
2344 3043 2388 3107 C
2418 3049 2652 3131 inquit,
2677 3058 2774 3112 est
2815 3049 3130 3132 majorum
3173 3048 3354 3130 sequi
3399 3047 3685 3127 vestigia,
3720 3046 3774 3108 si
3817 3064 3906 3108 re

818 3140 1167 3222 quidquam
1200 3141 1670 3225 praecipitanter
1696 3145 2175 3226 agendum‘Qui
2195 3165 2308 3205 au·

820 3248 941 3300 tem
969 3241 1199 3317 fatuus
1235 3250 1351 3312 est,
1390 3245 1633 3319 aperiet
1670 3245 2045 3314 stultitiam,
2082 3243 2147 3304 id
2185 3251 2302 3318 θεῖ,

818 3335 1341 3402 irrationabiliter
1369 3349 1532 3420 aget,
1552 3349 1616 3403 et
1646 3341 1953 3423 impetum
1988 3341 2306 3423 passionis

818 3444 1141 3518 sequetur.
1173 3474 1254 3484 --
1286 3440 1579 3500 Nuntius
1618 3442 1812 3516 impii
1844 3443 2027 3501 cadet
2063 3442 2138 3501 in
2177 3461 2307 3500 ma-

818 3541 980 3597 lum.
1018 3536 1177 3599 Dum
1203 3537 1376 3600 enim
1421 3556 1535 3619 pro
1573 3557 1764 3601 causa
1797 3558 1993 3621 prava
2032 3539 2306 3602 scienter

818 3634 1158 3715 egreditur,
1207 3645 1445 3717 peccat,
1490 3645 1553 3698 et
1597 3637 1919 3701 interdum
1960 3637 2041 3700 ab
2084 3639 2306 3702 adver-

818 3733 1002 3796 sariis
1053 3733 1153 3796 sui
1200 3734 1445 3797 domini
1498 3735 1769 3818 capitur.
1820 3736 2038 3799 Nuntii
2091 3737 2299 3818 impii,

819 3830 883 3894 id
920 3840 1017 3894 est
1046 3831 1307 3909 diaboli,
1342 3832 1606 3896 fuerunt
1642 3834 2077 3899 haeresiarchae
2120 3835 2306 3897 male·

814 3929 992 4005 dicti,
1026 3931 1136 4012 qui
1174 3940 1570 4010 corruerunt,
1614 3940 1676 3995 et
1716 3952 1931 3996 secum
1978 3944 2306 3998 traxerunt

812 4029 1223 4110 quamplures
1256 4029 1323 4092 in
1353 4029 1593 4093 malum
1624 4031 1916 4113 perfidiae
1944 4040 2010 4096 et
2036 4042 2306 4097 tormen-

816 4134 879 4190 ta
912 4128 1243 4208 gehennae.
1277 4133 1555 4207 Leyatus
1584 4141 1799 4193 autem
1834 4135 2050 4210 fidelis
2082 4142 2180 4196 est
2212 4155 2305 4196 sa-

2415 3157 2516 3212 ete
2562 3149 3024 3231 praecesserint.
3065 3151 3332 3210 Amicus
3373 3151 3744 3216 stultorum,
3790 3144 3902 3226 qui

2417 3247 2664 3310 scilicet
2705 3265 2902 3310 vanos
2951 3254 3014 3310 et
3060 3247 3292 3329 impios
3339 3254 3528 3320 amat,
3583 3263 3710 3308 non
3752 3243 3903 3324 quia

2417 3345 2710 3409 homines
2761 3354 2911 3408 sunt
2958 3344 3283 3409 felicitatis
3321 3363 3604 3426 capaceS,
3638 3362 3711 3406 ac
3760 3359 3902 3425 pro-

2417 3452 2557 3526 pter
2605 3445 2824 3522 Deum,
2883 3445 2994 3508 sed
3039 3443 3342 3526 quoniam
3394 3443 3541 3508 vani
3587 3449 3651 3505 et
3695 3440 3896 3517 stulti,

2413 3542 2615 3625 jocosi
2659 3552 2722 3606 et
2762 3544 3036 3606 ludicres
3076 3551 3267 3623 sunt3
3308 3544 3548 3603 similis
3595 3540 3723 3603 illis
3767 3542 3899 3616 effi-

2413 3644 2620 3703 cietur
2649 3663 2673 3702 .·
2703 3642 2855 3724 quia
2886 3641 3319 3705 communicat
3345 3640 3437 3704 eis
3477 3639 3543 3701 in
3576 3638 3748 3702 vitiis
3787 3656 3901 3720 per

2415 3758 2841 3821 consensum3
2884 3760 3003 3805 nec
3027 3741 3198 3822 juste
3235 3738 3573 3819 redarguit,
3609 3737 3718 3801 sed
3747 3735 3902 3799 arri—

2414 3839 2541 3902 det.
2567 3839 2798 3904 Contra
2839 3840 3010 3922 quod
3055 3838 3237 3920 jubet
3271 3837 3608 3921 Apostolus
3644 3853 3658 3899 :
3695 3835 3900 3900 Nolite
3955 3855 4178 3910 sptem,

2413 3938 2886 4002 communicare
2929 3936 3345 4000 infructuosis
3383 3935 3683 4018 operibus
3730 3944 3900 3998 tene-
3930 3921 3993 3962 ¹¹·

2410 4036 2713 4117 brarum3
2763 4038 2966 4119 magis
2994 4044 3206 4099 autem
3252 4035 3625 4115 redarguite.
3657 4034 3900 4116 Nequa-

2411 4155 2604 4218 quam
2642 4153 2793 4216 ergo
2832 4135 3192 4218 spectacula
3229 4154 3373 4198 cum
3413 4133 3894 4215 complacentia,

812 4228 987 4288 nitas
1019 4247 1041 4287 .·
1072 4227 1224 4308 quia
1252 4227 1659 4291 commissam
1689 4228 1812 4292 sibi
1846 4249 2099 4295 causam
2140 4231 2305 4297 bene
2335 4232 2385 4294 D
2413 4235 2546 4297 risu
2593 4243 2704 4298 aut
2751 4233 3172 4299 delectatione
3217 4241 3366 4296 sunt
3412 4233 3736 4310 intuenda,
3787 4233 3899 4296 sed

814 4325 1202 4406 exsequitur,
1255 4334 1446 4407 atque
1496 4326 1729 4392 bonam
1790 4329 1955 4394 inter
2011 4330 2304 4396 homines

813 4423 1298 4506 dispositionem
1325 4431 1636 4507 procurat,
1649 4428 2182 4508 quemadmodum
2213 4450 2306 4493 sa-

816 4522 983 4584 nitas
1020 4529 1115 4586 est
1142 4522 1309 4586 bona
1336 4523 1671 4606 dispositio
1701 4527 2007 4609 corporis.

894 4622 1183 4698 Eyestas,
1220 4621 1284 4684 id
1325 4629 1423 4707 est
1458 4622 1889 4704 spiritualium
1934 4625 2302 4690 divitiarum

816 4738 927 4782 seu
962 4718 1267 4782 virtutum
1294 4721 1577 4784 carentia
1605 4740 1679 4785 ac
1708 4721 2019 4802 defectuS,
2043 4735 2102 4786 et
2127 4728 2304 4803 iqno-

814 4819 1030 4879 minia
1058 4818 1367 4881 debentur
1384 4820 1448 4879 ei
1465 4821 1583 4900 qui
1599 4824 1833 4882 deserit
1858 4824 2300 4900 disciplinam,

813 4915 878 4979 id
911 4925 1028 4992 est,
1062 4917 1521 4981 correctionem
1555 4925 1618 4982 et
1648 4918 2168 4984 informationem
2198 4923 2304 4986 de-

810 5014 1109 5094 dignatur
1147 5015 1492 5097 suscipere,
1525 5025 1635 5079 aut
1674 5027 1998 5100 susceptas
2039 5038 2168 5083 non
2207 5041 2304 5084 re-

2414 4334 2618 4414 magis
2657 4332 2980 4397 deflenda.

2491 4436 2861 4495 Peccatores
2895 4432 3308 4512 persequitur
3349 4435 3624 4500 malum,
3663 4429 3728 4492 id
3777 4437 3893 4505 est,
4017 4431 4077 4486 21

2415 4531 2671 4614 propria
2713 4549 2935 4594 eorum
2985 4528 3230 4592 malitia
3277 4528 3562 4610 undique
3610 4527 3899 4610 sequitur

2412 4649 2542 4706 θοε,
2589 4638 2653 4692 θῖ
2700 4630 3067 4692 remordens
3113 4627 3505 4692 conscientia
3551 4626 3723 4709 ipsos
3770 4645 3898 4690 non

2411 4729 2670 4804 deserit,
2705 4747 2894 4810 poena
2924 4745 3184 4808 quoque
3217 4725 3404 4808 justae
3435 4725 3696 4789 ultionis
3727 4725 3898 4807 ipsos

2413 4826 2708 4890 vastabit.
2743 4825 2887 4889 Ideo
2933 4825 3168 4888 Seneca
3210 4823 3370 4887 dixit
3406 4822 3708 4885 :Nullum
3753 4841 3900 4886 con-

2412 4925 2615 4989 scium
2670 4933 3077 5007 peccatorum
3128 4930 3378 4987 tuorum
3429 4922 3629 5003 magis
3679 4923 3900 4986 timue—

2412 5024 2523 5102 riS,
2555 5042 2747 5105 quam
2791 5031 2850 5086 te
2888 5023 3098 5106 ipsum
3133 5039 3148 5084 ε
3181 5021 3378 5084 alium
3424 5039 3698 5102 namque
3734 5020 3899 5084 effu-

810 5113 991 5177 tinet.
1010 5113 1177 5177 Talis
1207 5113 1378 5178 enim
1410 5123 1507 5178 est
1537 5115 2014 5196 incorrigibiliS,
2032 5127 2096 5182 et
2122 5121 2298 5183 omni
2405 5139 2556 5201 gere
2585 5122 2861 5206 poteris3
2911 5130 2993 5198 te,
3027 5139 3381 5202 nunquam.
3420 5120 3498 5182 Et
3525 5119 3648 5183 Leo
3678 5119 3844 5202 Papa
3877 5141 3892 5185 ε

810 5232 1033 5277 carens
1091 5214 1449 5296 prudentia,
1500 5215 1687 5296 cujus
1742 5216 1950 5298 prima
1998 5237 2143 5300 pars
2203 5229 2300 5283 est
2405 5221 2550 5296 Rea,
2594 5220 2827 5303 inquit,
2870 5219 3262 5284 conscientia
3294 5218 3536 5301 patitur
3580 5218 3894 5301 quidquid

810 5311 1121 5376 docilitas
1158 5314 1285 5410 Qui
1326 5323 1543 5374 autem
1580 5317 1923 5394 acquiescit
1963 5321 2294 5395 arquenti,

2403 5319 2514 5383 Dei
2571 5319 2806 5402 pietate
2868 5317 3190 5382 differtur.
3250 5319 3479 5399 Atque,
3541 5325 3610 5380 ut
3667 5317 3895 5380 asserit

4281 2049 4283 2074 ι

4280 2075 4283 2116 Ι

4278 2369 4284 2479 5
