4284 6267
521 2841 605 2885 Job
619 2856 701 2893 xvi,
717 2844 783 2885 22.

568 3035 681 3078 lbid.
700 3050 785 3087 xiv,

526 3101 591 3140 12.

625 3424 686 3479 11

634 5092 700 5147 12

804 458 927 523 218

1578 476 1927 523 ENARRATm
1970 476 2033 522 m
2074 476 2214 523 CAP-
2259 477 2280 522 1
2321 475 2757 523 mcLBSIASTAE.
2804 498 2887 507 —
2927 478 3068 525 Am.
3115 479 3136 524 1

805 646 971 711 libro
1016 648 1095 710 de
1140 649 1469 727 Trinitate‚
1504 649 1669 711 sicut
1714 658 2006 729 tangetur
2051 648 2116 710 in
2168 647 2304 711 fine
2333 646 2383 709 A
2409 648 2790 711 Jerusalemt
2818 648 3048 714 Dicunt
3073 649 3356 731 quidam,
3385 651 3555 732 quod
3585 651 3898 731 poeniten—

805 747 1229 827 expositionis
1285 748 1476 829 hujus
1535 748 1823 831 capituli.
1874 749 1996 809 Nec
2056 747 2305 810 iteratio

807 845 927 908 ista
959 847 1389 910 consimilium
1423 848 1489 909 in
1520 846 2184 929 specie‚intelligenda
2212 852 2308 908 est

805 945 883 1007 de
923 945 1515 1028 supernaturalibus
1544 954 1607 1008 et
1636 944 2033 1008 miraculosis
2063 942 2308 1007 effecti-

806 1041 948 1117 ὕας,
986 1044 1095 1105 sed
1124 1044 1303 1125 iuxta
1331 1044 1791 1125 expositionem
1822 1043 2303 1125 praeinductam,

807 1142 885 1204 dc
916 1142 1131 1203 mixtis
1170 1142 1644 1223 generabilibus
1686 1152 1748 1205 et
1779 1140 2307 1223 corruptibilibus

808 1241 1232 1303 naturalibus
1265 1241 1408 1304 Ideo
1438 1241 1528 1302 ait
1559 1242 1977 1323 Hieronymus
1997 1261 2010 1304 :
2030 1241 2164 1302 Non
2196 1259 2308 1321 pu-

810 1347 1018 1401 temus
1058 1339 1240 1418 signa
1278 1347 1470 1420 atque
1500 1339 1789 1420 prodigia
1828 1348 1889 1401 et
1922 1338 2119 1400 multa
2165 1356 2306 1419 quae

806 1437 1071 1499 arbitrio
1107 1438 1212 1499 Dei
1254 1458 1420 1501 nova
1458 1438 1525 1499 in
1568 1438 1807 1501 mundo
1849 1437 2039 1513 fiunt,
2075 1436 2139 1498 in
2179 1437 2308 1517 pri-

808 1536 1028 1599 oribus
1076 1536 1325 1599 saeculis
1371 1537 1791 1619 praecessisse,
1836 1546 1900 1599 et
1952 1536 2160 1598 locum
2211 1536 2306 1596 in-

806 1634 1029 1698 venire
1068 1634 1437 1717 Epicurum,
1486 1636 1594 1716 qui
1646 1634 1931 1697 affirmat
1972 1653 2084 1716 per
2126 1634 2308 1695 innu-

810 1733 1147 1797 merabiles
1193 1734 1489 1816 periodos
1532 1734 1751 1795 eadem
1791 1733 1891 1794 his
1938 1734 2001 1794 in
2043 1731 2199 1795 locis
2245 1741 2307 1793 et

2413 747 2564 808 tiam
2607 765 2822 825 agenS,
2857 768 2933 811 ex
2975 748 3334 811 humilitate
3377 750 3464 811 ita
3499 747 3743 812 locutus
3773 758 3890 826 est,

2413 845 2596 926 quasi
2628 845 2960 928 indignum
2995 868 3061 909 se
3092 857 3391 929 reputans
3419 849 3678 911 nomine
3704 850 3893 928 regiS‚

2415 944 2525 1025 qui
2574 946 2878 1027 populum
2933 966 3118 1007 suum
3168 956 3292 1008 tam
3343 947 3686 1009 enormiter
3731 948 3894 1010 male

2417 1044 2689 1107 vivendo
2745 1045 3215 1109 scandalizavit.
3268 1046 3381 1107 vel
3441 1046 3731 1122 dicendo,
3781 1046 3892 1108 Fui

2417 1162 2546 1217 rex,
2583 1163 2710 1206 non
2743 1143 3012 1206 exclusit
3049 1164 3116 1206 se
3153 1163 3292 1206 esse
3329 1162 3572 1223 regem3
3605 1145 3714 1207 sed
3753 1145 3894 1207 ideo

2415 1242 2530 1309 ait.
2549 1241 2661 1303 Fui
2693 1244 2990 1324 rex‚quia
3020 1243 3242 1305 recitat
3266 1252 3442 1322 gesta
3477 1263 3591 1305 sua
3623 1243 3894 1325 praet-eri-

2417 1348 2500 1401 ta.
2522 1340 2737 1422 Aliqui
2769 1359 3025 1422 quoque
3059 1360 3236 1423 reges
3267 1341 3427 1404 Juda
3453 1351 3599 1405 ante
3629 1350 3892 1406 mortem

2415 1458 2591 1500 suam
2630 1439 3114 1521 resignaverunt
3143 1440 3300 1501 filiis
3335 1441 3466 1502 suis
3499 1458 3779 1520 regnum.
3814 1444 3896 1503 Et
4037 1452 4108 1505 {3

2405 1540 2720 1616 proposui
2763 1542 2836 1599 in
2877 1542 3096 1599 animo
3140 1560 3274 1599 meo
3315 1560 3622 1619 quaerere,
3651 1542 3899 1603 studen-

2415 1638 2518 1713 do,
2568 1656 2678 1699 seu
2717 1636 2876 1699 alios
2915 1637 3383 1716 interrogando,
3415 1647 3476 1698 ec
3517 1641 3900 1716 investiyare

2413 1739 2740 1813 sapienter
2770 1739 2850 1795 de
2887 1738 3182 1795 omnibus
3221 1757 3363 1815 quw
3397 1741 3568 1813 fiunt
3609 1740 3725 1797 sub
3749 1742 3898 1807 sole,

810 1853 922 1916 per
953 1834 1206 1897 eosdem
1244 1833 1412 1897 fieri.
1436 1834 1687 1915 Alioqui
1716 1835 1906 1896 ludas
1936 1833 2160 1896 crebro
2193 1842 2308 1895 tra·
2344 1834 2389 1894 B
2418 1834 2480 1896 id
2513 1842 2610 1895 est
2644 1834 2722 1895 de
2753 1832 2960 1895 causis
2999 1842 3062 1895 et
3096 1834 3450 1897 rationibus
3488 1835 3770 1897 omnium
3813 1844 3901 1898 ta-

809 1932 972 1995 didit
1000 1932 1343 2009 Christum,
1368 1942 1431 1995 et
1458 1931 1745 1994 Christus
1778 1951 1947 2014 saepe
1976 1950 2091 2014 pro
2122 1931 2307 1994 nobis

809 2040 906 2094 est
934 2050 1192 2114 passus;
1226 2039 1287 2093 et
1318 2040 1525 2094 cetera
1553 2050 1696 2112 quae
1736 2031 1903 2094 facta
1932 2039 2080 2092 sunt
2118 2038 2182 2092 et
2214 2027 2310 2091 fu-

814 2138 973 2206 tura,
1018 2130 1084 2191 in
1127 2130 1378 2193 easdem
1425 2130 1721 2193 similiter
1762 2129 2058 2212 periodos
2107 2128 2310 2191 revol-

812 2236 1069 2293 vuntur.
1120 2228 1240 2291 Sed
1295 2229 1661 2305 dicendum,
1694 2229 1863 2310 quod
1909 2228 2307 2310 praescientia

812 2332 873 2387 et
906 2324 1459 2405 praedestinatione
1490 2324 1620 2400 Dei,
1656 2344 1727 2385 ea
1763 2324 1893 2405 jam
1940 2322 2105 2386 facta
2133 2330 2305 2400 sunt,

811 2441 955 2504 quae
1000 2422 1217 2485 futura
1263 2432 1433 2485 sunt.
1482 2423 1788 2485 Praeterea
1830 2441 2005 2485 error
2050 2422 2184 2498 ille,
2217 2421 2310 2482 di-

812 2521 1091 2584 centium
1152 2522 1367 2584 eadem
1432 2539 1697 2584 numero
1749 2521 1957 2584 taliter
2018 2519 2311 2583 renovari

800 2624 1004 2702 'atque
1035 2620 1265 2697 redire,
1298 2620 1718 2683 contrariatur
1758 2620 2117 2702 Scripturae,
2152 2628 2214 2682 et
2243 2618 2308 2681 in

815 2719 979 2783 libro
1002 2719 1118 2782 Job
1148 2720 1591 2802 multipliciter
1614 2720 2002 2801 reprobatur,
2020 2728 2088 2782 ut
2111 2738 2308 2799 quum

816 2817 1051 2881 ibidem
1102 2827 1359 2881 sanctus
1399 2818 1516 2881 Job
1565 2818 1845 2899 loquitur
1900 2838 1913 2882 :
1968 2818 2151 2881 Viam
2202 2835 2312 2899 per

816 2936 1006 2998 quam
1058 2936 1185 2980 non
1236 2926 1535 2993 revertar,
1583 2918 1872 2995 ambulo;
1918 2926 1981 2979 et
2025 2936 2246 2978 rursus
2295 2935 2308 2978 :

2417 1933 2596 2009 lium,
2644 1932 2994 2015 praesertim
3039 1932 3459 1995 humanorum
3506 1942 3895 1997 eventuum:

2417 2032 2662 2095 scilicet
2709 2050 2822 2093 cur
2871 2031 3127 2111 quidam
3181 2032 3284 2094 sic.
3322 2042 3795 2114 prosperantur,
3837 2042 3902 2095 et

2417 2131 2527 2192 diu
2556 2130 2815 2209 vivunt3
2847 2129 2958 2190 alii
2986 2129 3475 2192 adversitatibus
3505 2140 3567 2193 et
3596 2130 3900 2193 diffortu-

2418 2227 2543 2289 niis
2579 2226 3032 2309 opprimuntur
3065 2243 3080 2287 :
3115 2247 3230 2289 cur
3257 2228 3452 2309 aliqui
3488 2228 3752 2291 virtuosi
3782 2230 3904 2290 uti-

2419 2326 2637 2404 lesque
2676 2322 2920 2405 praelati
2959 2332 3019 2385 et
3065 2323 3385 2407 principes
3426 2326 3552 2388 cito
3585 2325 3905 2388 tolluntur

2419 2425 2498 2486 dc
2537 2422 2782 2502 medi03
2815 2421 2925 2483 alii
2965 2422 3178 2484 vitiosi
3216 2423 3649 2504 praesidenteS‚
3691 2423 3906 2486 subdi-

2416 2522 2625 2603 tisque
2658 2521 2890 2597 nocivi,
2921 2520 3030 2583 diu
3062 2520 3307 2597 vivunt,
3341 2530 3402 2583 et
3432 2532 3712 2604 praesunt
3746 2541 3760 2585 :
3791 2543 3907 2586 cur

2419 2622 2706 2703 quaedam
2757 2620 2986 2682 animae
3035 2620 3466 2682 infunduntur
3512 2623 3908 2703 corpusculis

2421 2719 2883 2782 infantulorum
2913 2718 3271 2798 gentilium,
3308 2736 3425 2781 nec
3465 2738 3743 2800 unquam
3775 2739 3911 2802 per-

2421 2819 2738 2880 ducuntur
2769 2817 2846 2878 ad
2884 2816 3037 2879 fidei
3075 2826 3584 2897 sacramentum3
3619 2820 3908 2898 quaedam

2423 2935 2572 2979 vero
2611 2916 2841 2977 animae
2873 2913 3302 2976 infunduntur
3339 2916 3736 2997 corpusculis
3764 2936 3914 2998 puc-

815 3017 1013 3079 Homo
1054 3035 1253 3096 quum
1295 3015 1643 3090 dormierit,
1678 3034 1806 3077 non
1846 3024 2168 3096 resurget3
2210 3016 2314 3078 do·
2350 3017 2392 3079 C
2423 3034 2638 3077 rorum
2685 3013 3000 3076 fidelium.
3051 3013 3350 3085 Quamvis
3399 3013 3568 3075 enim
3617 3014 3912 3078 Salomon

819 3134 933 3177 nec
975 3122 1279 3178 atteratur
1327 3115 1581 3189 coelum,
1619 3133 1746 3177 non
1789 3114 2139 3194 evigilabit.
2190 3114 2314 3176 Nec

819 3232 1008 3295 poena
1052 3210 1290 3275 inferni
1334 3222 1499 3275 esset
1550 3221 1879 3295 perpetua,
1910 3213 2087 3293 juxta
2136 3212 2312 3274 illam

817 3313 1156 3375 insaniam.

898 3414 1044 3473 Non
1088 3421 1177 3472 est
1213 3412 1515 3487 priorum
1565 3412 1869 3469 memoria
1904 3432 1925 3469 .·
1960 3409 2021 3472 id
2064 3418 2180 3485 est,
2219 3409 2312 3471 illi

818 3510 929 3591 qui
974 3529 1146 3572 nunc
1192 3509 1439 3583 vivunt,
1487 3527 1613 3571 non
1657 3507 1893 3570 habent
1942 3508 2312 3571 memoriam

819 3609 1161 3670 multarum
1219 3624 1428 3669 rerum
1488 3606 1970 3687 praeteritarum.
2024 3610 2156 3668 Sed
2202 3627 2316 3665 nec

814 3727 1035 3769 eorum
1081 3708 1366 3787 quidem,
1414 3726 1557 3785 quae
1598 3715 1813 3781 postea
1856 3707 2090 3781 futura
2136 3715 2315 3774 sum,

814 3810 939 3867 eric
988 3807 1343 3867 recordatio
1387 3808 1565 3881 apud
1612 3824 1712 3862 eos
1754 3807 1871 3881 qui
1906 3804 2129 3879 futuri
2164 3813 2318 3863 sum

818 3908 889 3965 in
916 3902 1363 3971 noviss-immid
1392 3910 1487 3964 est.
1518 3902 1585 3963 in
1619 3910 1887 3982 tempore
1914 3902 2095 3965 valde
2125 3902 2316 3980 longo

818 4012 961 4087 post
1002 4022 1109 4065 eos
1146 4023 1159 4066 :
1204 4000 1356 4082 quia
1392 4008 1455 4062 et
1498 4000 1616 4081 ipsi
1660 3999 2120 4062 obliviscentur
2162 4018 2319 4081 prae-

820 4102 1175 4173 teritorum,
1203 4100 1369 4163 sicut
1397 4106 1460 4160 et
1490 4116 1628 4161 nos.
1664 4097 1749 4159 Ex
1781 4098 2016 4179 quibus
2047 4098 2320 4161 ostendi-

2423 3112 2646 3176 habuit
2683 3113 2761 3175 de
2802 3111 3220 3187 naturalibuS‚
3257 3119 3320 3173 et
3359 3112 3576 3174 multis
3615 3132 3913 3195 superna-

2426 3212 2738 3275 turalibus
2784 3230 2856 3272 ac
2903 3209 3190 3291 mysticis
3238 3207 3516 3271 infusam
3557 3212 3908 3287 scientiam,

2426 3330 2550 3373 non
2581 3319 2789 3371 tamen
2818 3309 2896 3370 de
2923 3307 3221 3371 omnibus
3247 3308 3482 3370 talibus
3513 3310 3777 3372 occultis
3805 3310 3910 3373 Dei

2420 3410 2678 3492 judiciis
2713 3426 2728 3469 ε
2762 3408 2841 3470 de
2885 3407 3120 3487 quibus
3167 3407 3580 3469 immoderate
3623 3409 3910 3485 scrutari,

2422 3508 2741 3571 curiosum
2805 3505 3337 3586 temerariumque
3395 3513 3710 3582 censetur,
3765 3508 3916 3587 quia

2422 3607 2685 3670 omnino
2718 3603 3110 3666 >transcendit
3135 3603 3429 3665 humanae
3459 3602 3914 3667 imbecillitatis

2423 3705 2858 3788 capacitatem.
2892 3702 3130 3765 Idcirco
3174 3703 3252 3764 de
3296 3701 3529 3764 talibus
3573 3723 3715 3765 cum
3759 3703 3914 3783 Apo-

2425 3804 2586 3867 stolo
2615 3809 2711 3865 est
2747 3802 3089 3864 dicendum
3125 3820 3138 3863 :
3171 3799 3218 3863 Ο
3247 3800 3516 3863 altitudo
3545 3800 3910 3863 divitiarum
3947 3821 4184 3868 amnas.

2425 3902 2754 3983 sapientiae
2784 3908 2846 3961 et
2875 3898 3156 3961 scientiae
3179 3898 3317 3960 Dei!
3349 3918 3534 3980 quam
3571 3899 3918 3981 incompre-

2425 3998 2770 4063 hensibilia
2800 4005 2948 4060 sunt
2973 3997 3216 4078 judicia
3245 3997 3482 4077 ejuS‚et
3513 3997 3918 4077 investigabi-

2428 4100 2518 4163 les
2549 4099 2668 4163 viae
2701 4098 2869 4178 ejus!
2905 4105 2966 4159 et
2996 4115 3140 4159 cum
3169 4096 3782 4171 Psalmista‚Judicia
3815 4106 3920 4160 tua
3950 4110 4182 4158 Pauus.

821 4209 925 4262 tur
982 4197 1408 4261 inconstantia
1473 4214 1685 4258 rerum
1749 4205 1810 4258 et
1867 4197 2692 4279 memoriarumDabyssus
2725 4195 2948 4258 multa.

822 4297 1156 4362 hominum
1200 4296 1266 4358 in
1306 4296 1425 4359 hoc
1464 4296 1730 4372 mundo,
1772 4303 1835 4357 et
1873 4296 2043 4376 quod
2084 4316 2318 4359 vanum

822 4397 905 4459 sit
945 4394 1330 4459 constituere
1370 4393 1636 4455 salutem
1679 4393 1745 4455 in
1788 4394 1907 4456 ista
1947 4413 2323 4476 permanen-

823 4496 931 4573 tia,
967 4514 1094 4575 qua
1138 4494 1327 4556 homo
1367 4501 1511 4575 post
1550 4501 1817 4555 mortem
1860 4501 2071 4555 manet
2116 4492 2183 4554 in
2230 4512 2324 4555 re-

822 4593 1184 4657 cordatione
1214 4600 1277 4655 et
1305 4590 1599 4653 laudibus
1632 4590 2178 4653 hominum.Unde
2210 4609 2324 4673 pro

824 4710 1053 4772 magna
1097 4690 1264 4753 fama
1309 4698 1452 4771 post
1496 4698 1761 4751 mortem
1809 4689 1875 4750 in
1919 4689 2037 4751 hoc
2082 4690 2324 4751 mundo

824 4790 1135 4863 habenda,
1170 4789 1350 4851 multi
1389 4787 1734 4870 plurimum
1770 4787 2239 4851 laboraverunt.

904 4889 1379 4968 Consequenter
1411 4885 1707 4948 Salomon
1754 4884 1851 4947 sui
1887 4885 2089 4967 ipsius
2120 4905 2327 4948 exem-

828 4990 933 5071 plo
979 4988 1256 5051 declarat
1302 5004 1449 5050 vera
1491 5004 1629 5047 esse
1673 5003 1816 5065 quae
1857 4984 2038 5061 dixit,
2084 4984 2328 5048 scilicet

827 5086 1042 5151 omnia
1074 5104 1213 5149 esse
1246 5102 1427 5147 vana.
1462 5085 1601 5160 Eyo
1634 5084 2044 5144 Ecclcsz'astes
2074 5084 2186 5162 fui
2213 5104 2330 5143 γεω

828 5190 1037 5249 Israel
1082 5186 1153 5245 in
1195 5186 1576 5245 Jerusalem.
1619 5180 1820 5255 Quare
1856 5180 2066 5243 adhue
2104 5180 2328 5245 vivens

834 5304 963 5349 non
992 5284 1104 5361 ait,
1122 5282 1251 5364 Ego
1281 5280 1691 5344 Ecclesiaste-s
1730 5298 1871 5343 sum
1903 5298 2011 5343 rex
2041 5279 2232 5343 lsrael
2262 5280 2330 5342 in

2526 4300 2714 4357 Hanc
2761 4294 3238 4369 occupationem
3289 4294 3660 4369 pessimam,
3707 4292 3771 4355 id
3825 4300 3920 4355 est

2429 4394 2745 4457 curiosam
2797 4391 3375 4469 investigationem,
3425 4398 3489 4451 et
3547 4390 3922 4453 immodera-

2429 4502 2556 4555 tam
2598 4490 3077 4572 inquisitionem
3125 4490 3205 4551 de
3233 4488 3534 4551 omnibus
3571 4508 3713 4570 quae
3753 4486 3921 4550 fiunt

2431 4591 2550 4654 sub
2601 4590 2784 4665 coelo,
2817 4591 2992 4649 dedit
3039 4591 3209 4649 Deus
3254 4589 3418 4663 filiis
3463 4590 3826 4657 hominum,
3857 4586 3918 4647 id

2431 4697 2548 4763 est,
2597 4686 2886 4769 permisit
2941 4704 3047 4748 eos
3098 4685 3300 4767 ipsam
3347 4703 3690 4747 assumere.
3739 4684 3918 4746 Juxta

2433 4806 2624 4868 quem
2669 4785 2928 4847 modum
2976 4784 3065 4846 ait
3104 4783 3441 4865 Apostolus
3485 4802 3498 4846 :
3546 4782 3744 4845 Mittet
3789 4782 3917 4843 illis
3961 4806 4182 4848 numu.

2432 4887 2595 4947 Deus
2626 4883 3059 4966 operationem
3095 4881 3434 4955 erroris‚ut
3461 4882 3724 4943 credant.
3749 4900 3920 4943 men·
3951 4872 4016 4911 ¹⁰·

2432 4983 2646 5062 dacio;
2680 4991 2742 5045 et
2801 5000 3040 5056 rursuS‚
3097 4980 3377 5043 Tradidit
3435 4979 3576 5041 illos
3635 4980 3796 5041 Deus
3853 4980 3918 5041 in
3962 4998 4178 5047 nomam.

2434 5082 2762 5165 passiones
2796 5080 3183 5161 ignominiae.
3205 5078 3306 5141 Sic
3337 5097 3593 5159 quoquc
3620 5078 3810 5140 isaias
3837 5078 3922 5141 lo-

2435 5181 2654 5263 quitur
2697 5179 2823 5242 Deo
2872 5197 2886 5240 :
2931 5179 3133 5251 Quare
3176 5195 3292 5239 nos
3335 5196 3545 5239 errare
3594 5176 3802 5240 fecisti
3843 5176 3922 5240 de
3950 5197 4178 5247 amum.

2438 5279 2562 5341 viis
2605 5277 2752 5353 tuis,
2790 5276 3101 5341 indurasti
3138 5276 3334 5340 corda
3377 5284 3591 5337 nostra
3629 5292 3709 5339 ne
3749 5274 3924 5339 time-
