4284 6267
809 419 927 483 288
1507 438 1858 487 namnum
1898 438 1962 486 m
2003 436 2142 487 cu.
2189 436 2277 484 xn
2318 436 2755 485 nccmsusrffl.
2803 458 2885 469 —
2924 440 3065 487 Αιιτ.
3112 438 3199 486 xn

807 606 939 687 lud,
971 608 1211 673 Cuncta
1238 629 1380 693 quae
1411 610 1581 675 fiunt
1615 630 1630 675 ε
1665 620 1733 674 ut
1772 612 1854 675 sit
1883 631 2130 688 sensuS‚
2162 609 2299 674 Om-
2325 610 2377 672 A
2408 619 2594 693 prout
2624 612 2820 693 gessit
2860 610 2925 674 in
2965 630 3251 694 corpore,
3288 610 3423 675 sive
3464 610 3724 687 bonum,
3758 608 3894 671 sive

807 707 914 769 nia
942 708 1251 789 judicabit
1281 719 1408 772 tam
1451 711 1616 775 bona
1654 730 1844 793 quam
1875 712 2062 774 mala.
2097 710 2211 774 Vel
2242 708 2297 771 si
2406 710 2661 774 malum.

807 806 1083 869 refertur
1131 808 1208 869 ad
1260 808 1440 885 illud,
1489 810 1605 873 Pro
1653 810 1829 874 omni
1875 820 2104 887 errato,
2156 827 2299 873 sen·
2487 810 2715 872 Dicunt
2754 809 3021 886 Hem-mi,
3054 811 3226 892 quod
3270 816 3526 893 propter
3560 808 3723 869 hanc
3754 805 3897 869 ulti-

806 924 914 967 sus
960 913 1078 981 est,
1131 907 1300 987 quod
1349 926 1539 971 omne
1591 917 1868 972 erratum
1918 907 2300 991 dijudicabit
2408 927 2577 970 mam
2604 910 3066 985 auctoritatem,
3100 907 3262 972 liber
3290 909 3393 971 hie
3420 904 3775 970 Salomonis
3807 922 3899 967 re-

805 1012 868 1067 et
915 1003 1157 1086 puniet,
1195 1004 1330 1070 sive
1370 1006 1452 1068 sit
1490 1006 1730 1070 bonum
1773 1027 1850 1071 ex
1886 1026 2140 1088 genere,
2186 1009 2296 1071 sed
2407 1015 2629 1090 ceptus
2678 1006 2760 1069 sit
2808 1007 2875 1071 in
2924 1016 3286 1071 sanctarum
3332 1024 3574 1069 canone
3620 1003 3896 1085 Scriptu-

807 1122 1106 1186 perversa
1149 1102 1386 1167 factum
1427 1104 1801 1183 intentione,
1839 1114 1910 1169 ut
1944 1106 2038 1169 ire
2078 1107 2159 1169 ad
2199 1126 2300 1169 ee-
2410 1125 2644 1169 rarum.
2706 1106 2774 1169 ln
2831 1106 2976 1169 aliis
3032 1105 3205 1169 enim
3272 1105 3606 1170 videbatur
3664 1102 3896 1185 saepius

807 1201 1067 1265 clesiam
1095 1201 1176 1265 ob
1206 1202 1457 1265 laudem
1491 1204 1867 1284 humanam3
1890 1204 2027 1267 sive
2057 1203 2140 1266 sit
2170 1224 2301 1267 ma·
2408 1206 2728 1286 deviasse3
2760 1205 2865 1269 hio
2896 1224 3047 1270 vero
3085 1202 3552 1287 omnipotentis
3580 1201 3893 1285 justitiam

811 1300 942 1363 lum
984 1320 1061 1364 ex
1100 1301 1361 1384 propria
1401 1303 1666 1367 ratione.
1710 1303 1868 1367 Hinc
1906 1304 1995 1366 ait
2034 1304 2302 1387 Aposto-
2409 1303 2776 1382 declaravit,
2811 1313 2873 1367 et
2914 1303 3192 1386 qualiter
3235 1301 3641 1365 serviendum
3686 1301 3768 1363 sit
3810 1300 3892 1375 ei,

552 1417 587 1461 ιι
611 1416 777 1465 com,
812 1399 913 1461 lus
947 1419 961 1463 :
1002 1398 1232 1462 Omnes
1273 1418 1388 1463 nos
1425 1401 1820 1465 manifestari
1862 1411 2112 1485 oportet
2155 1412 2301 1467 ante
2409 1404 2522 1485 qui
2552 1412 2649 1467 est
2682 1422 2873 1487 super
2900 1404 3117 1467 omnia
3154 1403 3319 1466 Deus
3358 1400 3653 1464 sublimis
3690 1407 3755 1463 et
3792 1399 3901 1461 be-

518 1484 584 1525 ¹⁰·
813 1496 1093 1560 tribunal
1145 1496 1400 1576 Christi,
1453 1506 1525 1561 ut
1575 1499 1807 1564 referat
1861 1502 2302 1585 unusquisque
2412 1502 2722 1566 nedictus,
2770 1502 2992 1565 Amen.

1409 3187 1626 3237 FINIS
1692 3186 2467 3237 couuzu‘rARtoRUM
2537 3186 2611 3235 {N
2684 3182 3312 3236 ECGLESIASTEN
