<?xml version="1.0" encoding="UTF-8"?>
<!DOCTYPE html PUBLIC "-//W3C//DTD XHTML 1.0 Transitional//EN"
    "http://www.w3.org/TR/xhtml1/DTD/xhtml1-transitional.dtd">
<html xmlns="http://www.w3.org/1999/xhtml" xml:lang="en" lang="en">
 <head>
  <title>
</title>
<meta http-equiv="Content-Type" content="text/html;charset=utf-8" />
  <meta name='ocr-system' content='tesseract 3.04.00' />
  <meta name='ocr-capabilities' content='ocr_page ocr_carea ocr_par ocr_line ocrx_word'/>
</head>
<body>
  <div class='ocr_page' id='page_1' title='image "./doctorisecstati00denigoog_0532.png"; bbox 0 0 4284 6267; ppageno 0'>
   <div class='ocr_carea' id='block_1_1' title="bbox 82 5252 347 5301">
    <p class='ocr_par' dir='ltr' id='par_1_1' title="bbox 82 5252 347 5301">
     <span class='ocr_line' id='line_1_1' title="bbox 82 5252 347 5301; baseline -0.008 -4"><span class='ocrx_word' id='word_1_1' title='bbox 82 5252 229 5297; x_wconf 69' lang='lat' dir='ltr'><strong>nom.</strong></span> <span class='ocrx_word' id='word_1_2' title='bbox 244 5265 291 5301; x_wconf 79' lang='lat' dir='ltr'><strong>n,</strong></span> <span class='ocrx_word' id='word_1_3' title='bbox 332 5282 347 5295; x_wconf 87' lang='lat'><strong>.</strong></span> 
     </span>
    </p>
   </div>
   <div class='ocr_carea' id='block_1_2' title="bbox 1408 804 2524 929">
    <p class='ocr_par' dir='ltr' id='par_1_2' title="bbox 1408 804 2524 929">
     <span class='ocr_line' id='line_1_2' title="bbox 1408 804 2524 929; baseline 0.003 -3"><span class='ocrx_word' id='word_1_4' title='bbox 1408 804 2524 929; x_wconf 88' lang='lat' dir='ltr'><strong>ENARRATIO</strong></span> 
     </span>
    </p>
   </div>
   <div class='ocr_carea' id='block_1_3' title="bbox 547 1140 1894 1309">
    <p class='ocr_par' dir='ltr' id='par_1_3' title="bbox 547 1140 1894 1309">
     <span class='ocr_line' id='line_1_3' title="bbox 547 1140 1894 1309; baseline 0.001 -4"><span class='ocrx_word' id='word_1_5' title='bbox 547 1140 807 1307; x_wconf 91' lang='lat' dir='ltr'><strong>IN</strong></span> <span class='ocrx_word' id='word_1_6' title='bbox 934 1140 1894 1309; x_wconf 88' lang='lat' dir='ltr'>LIBRUM</span> 
     </span>
    </p>
   </div>
   <div class='ocr_carea' id='block_1_4' title="bbox 2030 1142 3387 1315">
    <p class='ocr_par' dir='ltr' id='par_1_4' title="bbox 2030 1142 3387 1315">
     <span class='ocr_line' id='line_1_4' title="bbox 2030 1142 3387 1315; baseline 0.007 -8"><span class='ocrx_word' id='word_1_7' title='bbox 2030 1142 3387 1315; x_wconf 81' lang='lat' dir='ltr'><strong>SAPIENTIAE</strong></span> 
     </span>
    </p>
   </div>
   <div class='ocr_carea' id='block_1_5' title="bbox 1378 1837 2548 1926">
    <p class='ocr_par' dir='ltr' id='par_1_5' title="bbox 1378 1837 2548 1926">
     <span class='ocr_line' id='line_1_5' title="bbox 1378 1837 2548 1926; baseline 0.002 -3"><span class='ocrx_word' id='word_1_8' title='bbox 1378 1838 2031 1926; x_wconf 86' lang='lat' dir='ltr'><strong>ARTIGULUS</strong></span> <span class='ocrx_word' id='word_1_9' title='bbox 2107 1837 2548 1925; x_wconf 88' lang='lat' dir='ltr'>PRIMUS</span> 
     </span>
    </p>
   </div>
   <div class='ocr_carea' id='block_1_6' title="bbox 761 2100 3166 2161">
    <p class='ocr_par' dir='ltr' id='par_1_6' title="bbox 761 2100 3166 2161">
     <span class='ocr_line' id='line_1_6' title="bbox 761 2100 3166 2161; baseline 0.002 -12"><span class='ocrx_word' id='word_1_10' title='bbox 761 2102 1080 2150; x_wconf 79' lang='lat' dir='ltr'><strong>musmo</strong></span> <span class='ocrx_word' id='word_1_11' title='bbox 1122 2100 1399 2149; x_wconf 66' lang='lat' dir='ltr'><strong>currum</strong></span> <span class='ocrx_word' id='word_1_12' title='bbox 1440 2102 1611 2149; x_wconf 78' lang='lat' dir='ltr'><strong>PRDss</strong></span> <span class='ocrx_word' id='word_1_13' title='bbox 1654 2102 1667 2147; x_wconf 89' lang='lat'>:</span> <span class='ocrx_word' id='word_1_14' title='bbox 1716 2100 1985 2149; x_wconf 72' lang='lat' dir='ltr'><strong>muorrlt</strong></span> <span class='ocrx_word' id='word_1_15' title='bbox 2026 2102 2364 2161; x_wconf 68' lang='lat' dir='ltr'><strong>Jusrmm,</strong></span> <span class='ocrx_word' id='word_1_16' title='bbox 2407 2102 2510 2158; x_wconf 83' lang='lat' dir='ltr'><strong>om</strong></span> <span class='ocrx_word' id='word_1_17' title='bbox 2551 2102 2856 2151; x_wconf 73' lang='lat' dir='ltr'><strong>mchTls</strong></span> <span class='ocrx_word' id='word_1_18' title='bbox 2897 2105 3166 2153; x_wconf 71' lang='lat' dir='ltr'><strong>mam.</strong></span> 
     </span>
    </p>
   </div>
   <div class='ocr_carea' id='block_1_7' title="bbox 530 2372 3510 2460">
    <p class='ocr_par' dir='ltr' id='par_1_7' title="bbox 530 2372 3510 2460">
     <span class='ocr_line' id='line_1_7' title="bbox 530 2372 3510 2460; baseline 0.002 -23"><span class='ocrx_word' id='word_1_19' title='bbox 530 2372 971 2437; x_wconf 86' lang='lat' dir='ltr'>OCUTURUS</span> <span class='ocrx_word' id='word_1_20' title='bbox 1013 2381 1234 2437; x_wconf 79' lang='lat' dir='ltr'><strong>auctor</strong></span> <span class='ocrx_word' id='word_1_21' title='bbox 1272 2373 1423 2436; x_wconf 82' lang='lat' dir='ltr'><strong>libri</strong></span> <span class='ocrx_word' id='word_1_22' title='bbox 1463 2374 1657 2455; x_wconf 87' lang='lat' dir='ltr'><strong>hujus</strong></span> <span class='ocrx_word' id='word_1_23' title='bbox 1696 2372 1775 2436; x_wconf 91' lang='lat' dir='ltr'><strong>de</strong></span> <span class='ocrx_word' id='word_1_24' title='bbox 1813 2392 1909 2435; x_wconf 90' lang='lat' dir='ltr'><strong>sa-</strong></span> <span class='ocrx_word' id='word_1_25' title='bbox 1938 2372 1989 2435; x_wconf 86' lang='lat' dir='ltr'>A</span> <span class='ocrx_word' id='word_1_26' title='bbox 2018 2373 2269 2457; x_wconf 82' lang='lat' dir='ltr'>supple,</span> <span class='ocrx_word' id='word_1_27' title='bbox 2324 2373 2522 2437; x_wconf 88' lang='lat' dir='ltr'><strong>alium</strong></span> <span class='ocrx_word' id='word_1_28' title='bbox 2574 2374 2937 2440; x_wconf 90' lang='lat' dir='ltr'><strong>inordinate</strong></span> <span class='ocrx_word' id='word_1_29' title='bbox 2959 2396 2977 2457; x_wconf 92' lang='lat'>;</span> <span class='ocrx_word' id='word_1_30' title='bbox 3022 2377 3089 2439; x_wconf 92' lang='lat' dir='ltr'><strong>in</strong></span> <span class='ocrx_word' id='word_1_31' title='bbox 3148 2397 3280 2460; x_wconf 92' lang='lat' dir='ltr'><strong>quo</strong></span> <span class='ocrx_word' id='word_1_32' title='bbox 3336 2380 3510 2443; x_wconf 90' lang='lat' dir='ltr'><strong>enim</strong></span> 
     </span>
    </p>
   </div>
   <div class='ocr_carea' id='block_1_8' title="bbox 395 2471 1909 3544">
    <p class='ocr_par' dir='ltr' id='par_1_8' title="bbox 395 2471 1909 3544">
     <span class='ocr_line' id='line_1_8' title="bbox 552 2471 1909 2557; baseline 0 -22"><span class='ocrx_word' id='word_1_33' title='bbox 552 2471 811 2557; x_wconf 86' lang='lat' dir='ltr'><strong>pientia,</strong></span> <span class='ocrx_word' id='word_1_34' title='bbox 837 2472 1170 2536; x_wconf 82' lang='lat' dir='ltr'><strong>exordium</strong></span> <span class='ocrx_word' id='word_1_35' title='bbox 1201 2472 1398 2535; x_wconf 89' lang='lat' dir='ltr'><strong>sumit</strong></span> <span class='ocrx_word' id='word_1_36' title='bbox 1426 2492 1464 2535; x_wconf 97' lang='lat' dir='ltr'><strong>a</strong></span> <span class='ocrx_word' id='word_1_37' title='bbox 1483 2471 1747 2555; x_wconf 88' lang='lat' dir='ltr'><strong>justitia,</strong></span> <span class='ocrx_word' id='word_1_38' title='bbox 1769 2472 1909 2535; x_wconf 88' lang='lat' dir='ltr'><strong>sine</strong></span> 
     </span>
     <span class='ocr_line' id='line_1_9' title="bbox 405 2570 1909 2655; baseline -0.001 -20"><span class='ocrx_word' id='word_1_39' title='bbox 405 2592 539 2655; x_wconf 89' lang='lat' dir='ltr'><strong>qua</strong></span> <span class='ocrx_word' id='word_1_40' title='bbox 566 2590 722 2635; x_wconf 86' lang='lat' dir='ltr'><strong>vera</strong></span> <span class='ocrx_word' id='word_1_41' title='bbox 754 2579 820 2635; x_wconf 90' lang='lat' dir='ltr'><strong>et</strong></span> <span class='ocrx_word' id='word_1_42' title='bbox 856 2571 1154 2635; x_wconf 87' lang='lat' dir='ltr'><strong>salutaris</strong></span> <span class='ocrx_word' id='word_1_43' title='bbox 1192 2572 1506 2655; x_wconf 79' lang='lat' dir='ltr'><strong>sapientia</strong></span> <span class='ocrx_word' id='word_1_44' title='bbox 1545 2590 1675 2635; x_wconf 93' lang='lat' dir='ltr'><strong>non</strong></span> <span class='ocrx_word' id='word_1_45' title='bbox 1717 2570 1909 2634; x_wconf 90' lang='lat' dir='ltr'><strong>habe-</strong></span> 
     </span>
     <span class='ocr_line' id='line_1_10' title="bbox 404 2672 1907 2751; baseline -0.002 -17"><span class='ocrx_word' id='word_1_46' title='bbox 404 2680 536 2735; x_wconf 85' lang='lat' dir='ltr'><strong>tur.</strong></span> <span class='ocrx_word' id='word_1_47' title='bbox 570 2673 849 2749; x_wconf 70' lang='lat' dir='ltr'><strong>Diziyite</strong></span> <span class='ocrx_word' id='word_1_48' title='bbox 868 2672 1237 2748; x_wconf 72' lang='lat' dir='ltr'><strong>justitiam,</strong></span> <span class='ocrx_word' id='word_1_49' title='bbox 1278 2673 1396 2751; x_wconf 81' lang='lat' dir='ltr'><strong>qui</strong></span> <span class='ocrx_word' id='word_1_50' title='bbox 1420 2672 1750 2748; x_wconf 76' lang='lat' dir='ltr'><strong>judicatis</strong></span> <span class='ocrx_word' id='word_1_51' title='bbox 1794 2680 1907 2731; x_wconf 77' lang='lat' dir='ltr'><strong>ter·</strong></span> 
     </span>
     <span class='ocr_line' id='line_1_11' title="bbox 403 2767 1905 2850; baseline -0.001 -18"><span class='ocrx_word' id='word_1_52' title='bbox 403 2792 575 2832; x_wconf 84' lang='lat' dir='ltr'><strong>ram.</strong></span> <span class='ocrx_word' id='word_1_53' title='bbox 618 2768 919 2843; x_wconf 82' lang='lat' dir='ltr'><strong>Quamvis</strong></span> <span class='ocrx_word' id='word_1_54' title='bbox 968 2768 1145 2831; x_wconf 91' lang='lat' dir='ltr'><strong>enim</strong></span> <span class='ocrx_word' id='word_1_55' title='bbox 1181 2768 1432 2850; x_wconf 85' lang='lat' dir='ltr'><strong>justitia</strong></span> <span class='ocrx_word' id='word_1_56' title='bbox 1475 2768 1557 2830; x_wconf 90' lang='lat' dir='ltr'><strong>sit</strong></span> <span class='ocrx_word' id='word_1_57' title='bbox 1606 2767 1905 2831; x_wconf 91' lang='lat' dir='ltr'><strong>omnibus</strong></span> 
     </span>
     <span class='ocr_line' id='line_1_12' title="bbox 404 2866 1904 2950; baseline -0.002 -18"><span class='ocrx_word' id='word_1_58' title='bbox 404 2869 755 2949; x_wconf 82' lang='lat' dir='ltr'><strong>diligenda,</strong></span> <span class='ocrx_word' id='word_1_59' title='bbox 799 2866 1122 2950; x_wconf 80' lang='lat' dir='ltr'><strong>praecipue</strong></span> <span class='ocrx_word' id='word_1_60' title='bbox 1170 2874 1383 2930; x_wconf 89' lang='lat' dir='ltr'><strong>tamen</strong></span> <span class='ocrx_word' id='word_1_61' title='bbox 1434 2866 1535 2929; x_wconf 90' lang='lat' dir='ltr'><strong>his</strong></span> <span class='ocrx_word' id='word_1_62' title='bbox 1583 2866 1695 2948; x_wconf 91' lang='lat' dir='ltr'><strong>qui</strong></span> <span class='ocrx_word' id='word_1_63' title='bbox 1743 2885 1904 2949; x_wconf 81' lang='lat' dir='ltr'><strong>prae-</strong></span> 
     </span>
     <span class='ocr_line' id='line_1_13' title="bbox 405 2964 1905 3049; baseline -0.003 -18"><span class='ocrx_word' id='word_1_64' title='bbox 405 2967 622 3031; x_wconf 90' lang='lat' dir='ltr'><strong>sident</strong></span> <span class='ocrx_word' id='word_1_65' title='bbox 667 2966 827 3043; x_wconf 90' lang='lat' dir='ltr'><strong>aliis,</strong></span> <span class='ocrx_word' id='word_1_66' title='bbox 880 2965 1119 3049; x_wconf 90' lang='lat' dir='ltr'><strong>quibus</strong></span> <span class='ocrx_word' id='word_1_67' title='bbox 1172 2983 1248 3028; x_wconf 87' lang='lat' dir='ltr'><strong>ex</strong></span> <span class='ocrx_word' id='word_1_68' title='bbox 1305 2964 1532 3028; x_wconf 79' lang='lat' dir='ltr'><strong>officio</strong></span> <span class='ocrx_word' id='word_1_69' title='bbox 1586 2964 1905 3027; x_wconf 82' lang='lat' dir='ltr'><strong>incumbit</strong></span> 
     </span>
     <span class='ocr_line' id='line_1_14' title="bbox 402 3062 1903 3143; baseline -0.003 -13"><span class='ocrx_word' id='word_1_70' title='bbox 402 3074 665 3143; x_wconf 86' lang='lat' dir='ltr'><strong>terram,</strong></span> <span class='ocrx_word' id='word_1_71' title='bbox 700 3065 767 3129; x_wconf 92' lang='lat' dir='ltr'><strong>id</strong></span> <span class='ocrx_word' id='word_1_72' title='bbox 817 3073 914 3129; x_wconf 91' lang='grc' dir='ltr'><strong>θεῖ</strong></span> <span class='ocrx_word' id='word_1_73' title='bbox 960 3064 1251 3127; x_wconf 92' lang='lat' dir='ltr'><strong>subditos</strong></span> <span class='ocrx_word' id='word_1_74' title='bbox 1291 3082 1439 3126; x_wconf 91' lang='lat' dir='ltr'><strong>suos</strong></span> <span class='ocrx_word' id='word_1_75' title='bbox 1472 3062 1539 3125; x_wconf 94' lang='lat' dir='ltr'><strong>in</strong></span> <span class='ocrx_word' id='word_1_76' title='bbox 1578 3071 1747 3126; x_wconf 88' lang='lat' dir='ltr'><strong>terra</strong></span> <span class='ocrx_word' id='word_1_77' title='bbox 1774 3080 1903 3126; x_wconf 92' lang='lat' dir='ltr'><strong>mo-</strong></span> 
     </span>
     <span class='ocr_line' id='line_1_15' title="bbox 402 3160 1902 3248; baseline -0.003 -20"><span class='ocrx_word' id='word_1_78' title='bbox 402 3172 635 3241; x_wconf 77' lang='lat' dir='ltr'><strong>ranteS,</strong></span> <span class='ocrx_word' id='word_1_79' title='bbox 658 3163 970 3248; x_wconf 86' lang='lat' dir='ltr'><strong>judicare.</strong></span> <span class='ocrx_word' id='word_1_80' title='bbox 994 3162 1119 3227; x_wconf 88' lang='lat' dir='ltr'><strong>Nec</strong></span> <span class='ocrx_word' id='word_1_81' title='bbox 1149 3162 1323 3226; x_wconf 89' lang='lat' dir='ltr'><strong>enim</strong></span> <span class='ocrx_word' id='word_1_82' title='bbox 1354 3160 1533 3243; x_wconf 79' lang='lat' dir='ltr'><strong>digni</strong></span> <span class='ocrx_word' id='word_1_83' title='bbox 1564 3168 1714 3223; x_wconf 91' lang='lat' dir='ltr'><strong>sunt</strong></span> <span class='ocrx_word' id='word_1_84' title='bbox 1742 3160 1902 3224; x_wconf 86' lang='lat' dir='ltr'><strong>alios</strong></span> 
     </span>
     <span class='ocr_line' id='line_1_16' title="bbox 400 3258 1901 3348; baseline -0.004 -21"><span class='ocrx_word' id='word_1_85' title='bbox 400 3264 717 3348; x_wconf 84' lang='lat' dir='ltr'><strong>judicare,</strong></span> <span class='ocrx_word' id='word_1_86' title='bbox 750 3271 861 3327; x_wconf 89' lang='lat' dir='ltr'><strong>aut</strong></span> <span class='ocrx_word' id='word_1_87' title='bbox 891 3261 960 3325; x_wconf 91' lang='lat' dir='ltr'><strong>in</strong></span> <span class='ocrx_word' id='word_1_88' title='bbox 991 3261 1154 3326; x_wconf 91' lang='lat' dir='ltr'><strong>solio</strong></span> <span class='ocrx_word' id='word_1_89' title='bbox 1179 3260 1409 3344; x_wconf 85' lang='lat' dir='ltr'><strong>judicii</strong></span> <span class='ocrx_word' id='word_1_90' title='bbox 1441 3258 1739 3338; x_wconf 88' lang='lat' dir='ltr'><strong>residere,</strong></span> <span class='ocrx_word' id='word_1_91' title='bbox 1776 3258 1901 3321; x_wconf 90' lang='lat' dir='ltr'><strong>nisi</strong></span> 
     </span>
     <span class='ocr_line' id='line_1_17' title="bbox 399 3360 1904 3447; baseline -0.005 -21"><span class='ocrx_word' id='word_1_92' title='bbox 399 3364 513 3447; x_wconf 88' lang='lat' dir='ltr'><strong>qui</strong></span> <span class='ocrx_word' id='word_1_93' title='bbox 578 3361 737 3445; x_wconf 85' lang='lat' dir='ltr'><strong>justi</strong></span> <span class='ocrx_word' id='word_1_94' title='bbox 796 3369 949 3425; x_wconf 90' lang='lat' dir='ltr'><strong>sunt</strong></span> <span class='ocrx_word' id='word_1_95' title='bbox 1006 3367 1073 3424; x_wconf 88' lang='lat' dir='ltr'><strong>et</strong></span> <span class='ocrx_word' id='word_1_96' title='bbox 1114 3360 1461 3443; x_wconf 81' lang='lat' dir='ltr'><strong>prudentes</strong></span> <span class='ocrx_word' id='word_1_97' title='bbox 1514 3374 1528 3420; x_wconf 72' lang='grc' dir='ltr'>ε</span> <span class='ocrx_word' id='word_1_98' title='bbox 1581 3377 1782 3440; x_wconf 91' lang='lat' dir='ltr'><strong>quum</strong></span> <span class='ocrx_word' id='word_1_99' title='bbox 1838 3365 1904 3420; x_wconf 93' lang='lat' dir='ltr'><strong>et</strong></span> 
     </span>
     <span class='ocr_line' id='line_1_18' title="bbox 395 3455 1903 3544; baseline -0.005 -19"><span class='ocrx_word' id='word_1_100' title='bbox 395 3462 691 3544; x_wconf 86' lang='lat' dir='ltr'><strong>judicare</strong></span> <span class='ocrx_word' id='word_1_101' title='bbox 738 3461 824 3524; x_wconf 89' lang='lat' dir='ltr'><strong>sit</strong></span> <span class='ocrx_word' id='word_1_102' title='bbox 869 3467 1049 3523; x_wconf 89' lang='lat' dir='ltr'><strong>actus</strong></span> <span class='ocrx_word' id='word_1_103' title='bbox 1089 3457 1376 3540; x_wconf 80' lang='lat' dir='ltr'><strong>justitiae,</strong></span> <span class='ocrx_word' id='word_1_104' title='bbox 1420 3464 1726 3538; x_wconf 86' lang='lat' dir='ltr'><strong>tanquam</strong></span> <span class='ocrx_word' id='word_1_105' title='bbox 1776 3455 1903 3519; x_wconf 88' lang='lat' dir='ltr'><strong>vir-</strong></span> 
     </span>
    </p>
   </div>
   <div class='ocr_carea' id='block_1_9' title="bbox 2015 2470 3510 2555">
    <p class='ocr_par' dir='ltr' id='par_1_9' title="bbox 2015 2470 3510 2555">
     <span class='ocr_line' id='line_1_19' title="bbox 2015 2470 3510 2555; baseline 0.005 -22"><span class='ocrx_word' id='word_1_106' title='bbox 2015 2471 2214 2534; x_wconf 90' lang='lat' dir='ltr'><strong>alium</strong></span> <span class='ocrx_word' id='word_1_107' title='bbox 2243 2470 2514 2553; x_wconf 86' lang='lat' dir='ltr'><strong>judicas,</strong></span> <span class='ocrx_word' id='word_1_108' title='bbox 2553 2481 2616 2536; x_wconf 88' lang='lat' dir='ltr'><strong>te</strong></span> <span class='ocrx_word' id='word_1_109' title='bbox 2653 2473 2865 2555; x_wconf 92' lang='lat' dir='ltr'><strong>ipsum</strong></span> <span class='ocrx_word' id='word_1_110' title='bbox 2911 2476 3319 2539; x_wconf 80' lang='lat' dir='ltr'><strong>condemnas,</strong></span> <span class='ocrx_word' id='word_1_111' title='bbox 3349 2476 3510 2541; x_wconf 86' lang='lat' dir='ltr'><strong>Hinc</strong></span> 
     </span>
    </p>
   </div>
   <div class='ocr_carea' id='block_1_10' title="bbox 2014 2568 3800 2656">
    <p class='ocr_par' dir='ltr' id='par_1_10' title="bbox 2014 2568 3800 2656">
     <span class='ocr_line' id='line_1_20' title="bbox 2014 2568 3800 2656; baseline 0.01 -25"><span class='ocrx_word' id='word_1_112' title='bbox 2014 2569 2255 2651; x_wconf 87' lang='lat' dir='ltr'><strong>Moyses</strong></span> <span class='ocrx_word' id='word_1_113' title='bbox 2296 2568 2459 2633; x_wconf 83' lang='lat' dir='ltr'><strong>siliis</strong></span> <span class='ocrx_word' id='word_1_114' title='bbox 2491 2571 2681 2635; x_wconf 88' lang='lat' dir='ltr'><strong>Israel</strong></span> <span class='ocrx_word' id='word_1_115' title='bbox 2715 2572 2806 2634; x_wconf 88' lang='lat' dir='ltr'><strong>ait</strong></span> <span class='ocrx_word' id='word_1_116' title='bbox 2839 2593 2853 2637; x_wconf 91' lang='lat'>:</span> <span class='ocrx_word' id='word_1_117' title='bbox 2890 2574 3041 2636; x_wconf 89' lang='lat' dir='ltr'><strong>Date</strong></span> <span class='ocrx_word' id='word_1_118' title='bbox 3080 2594 3157 2637; x_wconf 80' lang='lat' dir='ltr'><strong>ex</strong></span> <span class='ocrx_word' id='word_1_119' title='bbox 3200 2574 3386 2638; x_wconf 82' lang='lat' dir='ltr'><strong>vobis</strong></span> <span class='ocrx_word' id='word_1_120' title='bbox 3419 2576 3510 2641; x_wconf 87' lang='lat' dir='ltr'><strong>vi·</strong></span> <span class='ocrx_word' id='word_1_121' title='bbox 3551 2603 3800 2656; x_wconf 48' lang='lat' dir='ltr'><strong>venenas.</strong></span> 
     </span>
    </p>
   </div>
   <div class='ocr_carea' id='block_1_11' title="bbox 2009 2667 3507 3537">
    <p class='ocr_par' dir='ltr' id='par_1_11' title="bbox 2012 2667 3507 2949">
     <span class='ocr_line' id='line_1_21' title="bbox 2016 2667 3507 2754; baseline 0.005 -25"><span class='ocrx_word' id='word_1_122' title='bbox 2016 2686 2117 2731; x_wconf 88' lang='lat' dir='ltr'><strong>ros</strong></span> <span class='ocrx_word' id='word_1_123' title='bbox 2168 2667 2488 2750; x_wconf 89' lang='lat' dir='ltr'><strong>sapientes</strong></span> <span class='ocrx_word' id='word_1_124' title='bbox 2528 2677 2592 2733; x_wconf 89' lang='lat' dir='ltr'><strong>et</strong></span> <span class='ocrx_word' id='word_1_125' title='bbox 2635 2688 2888 2751; x_wconf 55' lang='grc' dir='ltr'><strong>ξηαπ-οε,</strong></span> <span class='ocrx_word' id='word_1_126' title='bbox 2931 2691 3206 2754; x_wconf 88' lang='lat' dir='ltr'><strong>quorum</strong></span> <span class='ocrx_word' id='word_1_127' title='bbox 3245 2692 3507 2740; x_wconf 85' lang='lat' dir='ltr'><strong>conver-</strong></span> 
     </span>
     <span class='ocr_line' id='line_1_22' title="bbox 2016 2764 3507 2849; baseline 0.006 -23"><span class='ocrx_word' id='word_1_128' title='bbox 2016 2764 2176 2828; x_wconf 90' lang='lat' dir='ltr'><strong>satio</strong></span> <span class='ocrx_word' id='word_1_129' title='bbox 2225 2765 2492 2846; x_wconf 84' lang='lat' dir='ltr'><strong>probata</strong></span> <span class='ocrx_word' id='word_1_130' title='bbox 2552 2766 2636 2829; x_wconf 91' lang='lat' dir='ltr'><strong>sit</strong></span> <span class='ocrx_word' id='word_1_131' title='bbox 2682 2766 2750 2830; x_wconf 94' lang='lat' dir='ltr'><strong>in</strong></span> <span class='ocrx_word' id='word_1_132' title='bbox 2807 2768 3100 2831; x_wconf 85' lang='lat' dir='ltr'><strong>tribubus</strong></span> <span class='ocrx_word' id='word_1_133' title='bbox 3148 2770 3400 2849; x_wconf 84' lang='lat' dir='ltr'><strong>vestriS,</strong></span> <span class='ocrx_word' id='word_1_134' title='bbox 3443 2780 3507 2835; x_wconf 89' lang='lat' dir='ltr'><strong>et</strong></span> 
     </span>
     <span class='ocr_line' id='line_1_23' title="bbox 2012 2866 3012 2949; baseline 0 -20"><span class='ocrx_word' id='word_1_135' title='bbox 2012 2884 2247 2948; x_wconf 90' lang='lat' dir='ltr'><strong>ponam</strong></span> <span class='ocrx_word' id='word_1_136' title='bbox 2289 2885 2397 2930; x_wconf 90' lang='lat' dir='ltr'><strong>eos</strong></span> <span class='ocrx_word' id='word_1_137' title='bbox 2440 2866 2624 2931; x_wconf 88' lang='lat' dir='ltr'><strong>vobis</strong></span> <span class='ocrx_word' id='word_1_138' title='bbox 2664 2866 3012 2949; x_wconf 77' lang='lat' dir='ltr'><strong>principes,</strong></span> 
     </span>
    </p>

    <p class='ocr_par' dir='ltr' id='par_1_12' title="bbox 2009 2963 3506 3537">
     <span class='ocr_line' id='line_1_24' title="bbox 2081 2963 3504 3047; baseline 0.004 -20"><span class='ocrx_word' id='word_1_139' title='bbox 2081 2964 2318 3047; x_wconf 87' lang='lat' dir='ltr'><strong>Itaque,</strong></span> <span class='ocrx_word' id='word_1_140' title='bbox 2348 2964 2599 3045; x_wconf 81' lang='lat' dir='ltr'><strong>Diligite</strong></span> <span class='ocrx_word' id='word_1_141' title='bbox 2626 2963 2959 3046; x_wconf 86' lang='lat' dir='ltr'><strong>justitiam,</strong></span> <span class='ocrx_word' id='word_1_142' title='bbox 2986 2964 3050 3027; x_wconf 91' lang='lat' dir='ltr'><strong>id</strong></span> <span class='ocrx_word' id='word_1_143' title='bbox 3079 2973 3178 3028; x_wconf 90' lang='lat' dir='ltr'><strong>est</strong></span> <span class='ocrx_word' id='word_1_144' title='bbox 3206 2965 3504 3032; x_wconf 84' lang='lat' dir='ltr'><strong>virtutem</strong></span> 
     </span>
     <span class='ocr_line' id='line_1_25' title="bbox 2012 3062 3502 3147; baseline 0.002 -21"><span class='ocrx_word' id='word_1_145' title='bbox 2012 3071 2074 3126; x_wconf 90' lang='lat' dir='ltr'><strong>et</strong></span> <span class='ocrx_word' id='word_1_146' title='bbox 2102 3071 2315 3127; x_wconf 90' lang='lat' dir='ltr'><strong>actum</strong></span> <span class='ocrx_word' id='word_1_147' title='bbox 2355 3062 2640 3145; x_wconf 80' lang='lat' dir='ltr'><strong>justitiae,</strong></span> <span class='ocrx_word' id='word_1_148' title='bbox 2679 3062 2769 3125; x_wconf 88' lang='lat' dir='ltr'><strong>ita</strong></span> <span class='ocrx_word' id='word_1_149' title='bbox 2797 3069 2870 3125; x_wconf 90' lang='lat' dir='ltr'><strong>ut</strong></span> <span class='ocrx_word' id='word_1_150' title='bbox 2900 3064 3320 3144; x_wconf 79' lang='lat' dir='ltr'><strong>personaliter</strong></span> <span class='ocrx_word' id='word_1_151' title='bbox 3347 3066 3502 3147; x_wconf 85' lang='lat' dir='ltr'><strong>justi</strong></span> 
     </span>
     <span class='ocr_line' id='line_1_26' title="bbox 2013 3160 3500 3244; baseline 0.003 -21"><span class='ocrx_word' id='word_1_152' title='bbox 2013 3160 2175 3238; x_wconf 91' lang='lat' dir='ltr'><strong>sitis,</strong></span> <span class='ocrx_word' id='word_1_153' title='bbox 2229 3170 2292 3224; x_wconf 90' lang='lat' dir='ltr'><strong>et</strong></span> <span class='ocrx_word' id='word_1_154' title='bbox 2349 3169 2481 3225; x_wconf 92' lang='lat' dir='ltr'><strong>toto</strong></span> <span class='ocrx_word' id='word_1_155' title='bbox 2540 3160 2784 3225; x_wconf 80' lang='lat' dir='ltr'><strong>affectu</strong></span> <span class='ocrx_word' id='word_1_156' title='bbox 2825 3161 3189 3244; x_wconf 81' lang='lat' dir='ltr'><strong>aequitatem</strong></span> <span class='ocrx_word' id='word_1_157' title='bbox 3251 3164 3500 3243; x_wconf 89' lang='lat' dir='ltr'><strong>ametis,</strong></span> 
     </span>
     <span class='ocr_line' id='line_1_27' title="bbox 2013 3259 3505 3342; baseline 0.003 -20"><span class='ocrx_word' id='word_1_158' title='bbox 2013 3259 2360 3341; x_wconf 91' lang='lat' dir='ltr'><strong>unicuique</strong></span> <span class='ocrx_word' id='word_1_159' title='bbox 2395 3260 2569 3342; x_wconf 90' lang='lat' dir='ltr'><strong>quod</strong></span> <span class='ocrx_word' id='word_1_160' title='bbox 2615 3278 2802 3322; x_wconf 90' lang='lat' dir='ltr'><strong>suum</strong></span> <span class='ocrx_word' id='word_1_161' title='bbox 2843 3267 2938 3323; x_wconf 91' lang='grc' dir='ltr'><strong>θεῖ</strong></span> <span class='ocrx_word' id='word_1_162' title='bbox 2979 3260 3364 3336; x_wconf 85' lang='lat' dir='ltr'><strong>exhibendo,</strong></span> <span class='ocrx_word' id='word_1_163' title='bbox 3396 3263 3505 3325; x_wconf 90' lang='lat' dir='ltr'><strong>ad-</strong></span> 
     </span>
     <span class='ocr_line' id='line_1_28' title="bbox 2009 3357 3506 3443; baseline 0.003 -24"><span class='ocrx_word' id='word_1_164' title='bbox 2009 3357 2378 3439; x_wconf 85' lang='lat' dir='ltr'><strong>judicando,</strong></span> <span class='ocrx_word' id='word_1_165' title='bbox 2411 3366 2476 3421; x_wconf 88' lang='lat' dir='ltr'><strong>et</strong></span> <span class='ocrx_word' id='word_1_166' title='bbox 2505 3358 2940 3422; x_wconf 86' lang='lat' dir='ltr'><strong>conservando</strong></span> <span class='ocrx_word' id='word_1_167' title='bbox 2965 3376 2984 3439; x_wconf 90' lang='lat'>;</span> <span class='ocrx_word' id='word_1_168' title='bbox 3017 3367 3082 3422; x_wconf 88' lang='lat' dir='ltr'><strong>et</strong></span> <span class='ocrx_word' id='word_1_169' title='bbox 3109 3377 3227 3423; x_wconf 91' lang='lat' dir='ltr'><strong>nec</strong></span> <span class='ocrx_word' id='word_1_170' title='bbox 3255 3360 3506 3443; x_wconf 90' lang='lat' dir='ltr'><strong>cupidi-</strong></span> 
     </span>
     <span class='ocr_line' id='line_1_29' title="bbox 2012 3456 3504 3537; baseline 0.003 -18"><span class='ocrx_word' id='word_1_171' title='bbox 2012 3464 2162 3534; x_wconf 85' lang='lat' dir='ltr'><strong>tate,</strong></span> <span class='ocrx_word' id='word_1_172' title='bbox 2193 3475 2312 3519; x_wconf 91' lang='lat' dir='ltr'><strong>nec</strong></span> <span class='ocrx_word' id='word_1_173' title='bbox 2342 3475 2579 3535; x_wconf 89' lang='lat' dir='ltr'><strong>amore,</strong></span> <span class='ocrx_word' id='word_1_174' title='bbox 2613 3476 2731 3520; x_wconf 91' lang='lat' dir='ltr'><strong>nec</strong></span> <span class='ocrx_word' id='word_1_175' title='bbox 2758 3456 2929 3535; x_wconf 94' lang='lat' dir='ltr'><strong>odio,</strong></span> <span class='ocrx_word' id='word_1_176' title='bbox 2953 3475 3070 3520; x_wconf 91' lang='lat' dir='ltr'><strong>nec</strong></span> <span class='ocrx_word' id='word_1_177' title='bbox 3100 3456 3350 3537; x_wconf 88' lang='lat' dir='ltr'><strong>timore,</strong></span> <span class='ocrx_word' id='word_1_178' title='bbox 3385 3478 3504 3523; x_wconf 88' lang='lat' dir='ltr'><strong>nec</strong></span> 
     </span>
    </p>
   </div>
   <div class='ocr_carea' id='block_1_12' title="bbox 403 3554 3501 3638">
    <p class='ocr_par' dir='ltr' id='par_1_13' title="bbox 403 3554 3501 3638">
     <span class='ocr_line' id='line_1_30' title="bbox 403 3554 3501 3638; baseline -0.001 -15"><span class='ocrx_word' id='word_1_179' title='bbox 403 3560 561 3623; x_wconf 88' lang='lat' dir='ltr'><strong>tutis</strong></span> <span class='ocrx_word' id='word_1_180' title='bbox 612 3568 678 3623; x_wconf 88' lang='lat' dir='ltr'><strong>et</strong></span> <span class='ocrx_word' id='word_1_181' title='bbox 733 3558 993 3623; x_wconf 86' lang='lat' dir='ltr'><strong>habitus</strong></span> <span class='ocrx_word' id='word_1_182' title='bbox 1042 3556 1416 3621; x_wconf 85' lang='lat' dir='ltr'><strong>inclinantis</strong></span> <span class='ocrx_word' id='word_1_183' title='bbox 1462 3555 1542 3619; x_wconf 88' lang='lat' dir='ltr'><strong>ad</strong></span> <span class='ocrx_word' id='word_1_184' title='bbox 1597 3561 1766 3618; x_wconf 88' lang='lat' dir='ltr'><strong>recte</strong></span> <span class='ocrx_word' id='word_1_185' title='bbox 1801 3554 1904 3635; x_wconf 89' lang='lat' dir='ltr'><strong>ju-</strong></span> <span class='ocrx_word' id='word_1_186' title='bbox 1938 3559 1985 3622; x_wconf 93' lang='lat' dir='ltr'><strong>B</strong></span> <span class='ocrx_word' id='word_1_187' title='bbox 2011 3554 2228 3636; x_wconf 90' lang='lat' dir='ltr'><strong>aliquo</strong></span> <span class='ocrx_word' id='word_1_188' title='bbox 2255 3555 2445 3618; x_wconf 91' lang='lat' dir='ltr'><strong>modo</strong></span> <span class='ocrx_word' id='word_1_189' title='bbox 2487 3562 2710 3618; x_wconf 88' lang='lat' dir='ltr'><strong>contra</strong></span> <span class='ocrx_word' id='word_1_190' title='bbox 2750 3554 3063 3636; x_wconf 86' lang='lat' dir='ltr'><strong>justitiam</strong></span> <span class='ocrx_word' id='word_1_191' title='bbox 3101 3555 3257 3638; x_wconf 90' lang='lat' dir='ltr'><strong>quid</strong></span> <span class='ocrx_word' id='word_1_192' title='bbox 3301 3557 3501 3638; x_wconf 82' lang='lat' dir='ltr'><strong>agatis</strong></span> 
     </span>
    </p>
   </div>
   <div class='ocr_carea' id='block_1_13' title="bbox 390 3652 1903 4729">
    <p class='ocr_par' dir='ltr' id='par_1_14' title="bbox 390 3652 1903 4729">
     <span class='ocr_line' id='line_1_31' title="bbox 398 3652 1896 3740; baseline -0.006 -18"><span class='ocrx_word' id='word_1_193' title='bbox 398 3658 789 3737; x_wconf 81' lang='lat' dir='ltr'><strong>dicandum3</strong></span> <span class='ocrx_word' id='word_1_194' title='bbox 832 3666 931 3721; x_wconf 92' lang='lat' dir='ltr'><strong>est</strong></span> <span class='ocrx_word' id='word_1_195' title='bbox 984 3674 1247 3740; x_wconf 88' lang='lat' dir='ltr'><strong>quoque</strong></span> <span class='ocrx_word' id='word_1_196' title='bbox 1292 3662 1471 3717; x_wconf 87' lang='lat' dir='ltr'><strong>actus</strong></span> <span class='ocrx_word' id='word_1_197' title='bbox 1518 3652 1896 3735; x_wconf 83' lang='lat' dir='ltr'><strong>prudentiae,</strong></span> 
     </span>
     <span class='ocr_line' id='line_1_32' title="bbox 399 3750 1903 3839; baseline -0.006 -19"><span class='ocrx_word' id='word_1_198' title='bbox 399 3766 709 3839; x_wconf 87' lang='lat' dir='ltr'><strong>tanquam</strong></span> <span class='ocrx_word' id='word_1_199' title='bbox 768 3755 983 3838; x_wconf 90' lang='lat' dir='ltr'><strong>ipsum</strong></span> <span class='ocrx_word' id='word_1_200' title='bbox 1043 3762 1257 3819; x_wconf 88' lang='lat' dir='ltr'><strong>actum</strong></span> <span class='ocrx_word' id='word_1_201' title='bbox 1311 3750 1652 3828; x_wconf 88' lang='lat' dir='ltr'><strong>elicientis,</strong></span> <span class='ocrx_word' id='word_1_202' title='bbox 1713 3756 1903 3833; x_wconf 89' lang='lat' dir='ltr'><strong>prout</strong></span> 
     </span>
     <span class='ocr_line' id='line_1_33' title="bbox 398 3846 1895 3932; baseline -0.006 -14"><span class='ocrx_word' id='word_1_203' title='bbox 398 3856 675 3920; x_wconf 78' lang='lat' dir='ltr'><strong>Thomas</strong></span> <span class='ocrx_word' id='word_1_204' title='bbox 703 3852 771 3917; x_wconf 92' lang='lat' dir='ltr'><strong>in</strong></span> <span class='ocrx_word' id='word_1_205' title='bbox 795 3854 1074 3917; x_wconf 87' lang='lat' dir='ltr'><strong>secunda</strong></span> <span class='ocrx_word' id='word_1_206' title='bbox 1100 3851 1409 3929; x_wconf 84' lang='lat' dir='ltr'><strong>secundae‚</strong></span> <span class='ocrx_word' id='word_1_207' title='bbox 1434 3848 1787 3932; x_wconf 79' lang='lat' dir='ltr'><strong>quaestione</strong></span> <span class='ocrx_word' id='word_1_208' title='bbox 1800 3846 1895 3923; x_wconf 79' lang='lat'><strong>60,</strong></span> 
     </span>
     <span class='ocr_line' id='line_1_34' title="bbox 396 3950 1900 4035; baseline -0.007 -17"><span class='ocrx_word' id='word_1_209' title='bbox 396 3952 605 4035; x_wconf 78' lang='lat' dir='ltr'><strong>magis</strong></span> <span class='ocrx_word' id='word_1_210' title='bbox 654 3952 959 4016; x_wconf 80' lang='lat' dir='ltr'><strong>declarat.</strong></span> <span class='ocrx_word' id='word_1_211' title='bbox 1000 3950 1344 4015; x_wconf 80' lang='lat' dir='ltr'><strong>Prudentia</strong></span> <span class='ocrx_word' id='word_1_212' title='bbox 1398 3957 1633 4024; x_wconf 88' lang='lat' dir='ltr'><strong>antem,</strong></span> <span class='ocrx_word' id='word_1_213' title='bbox 1678 3964 1900 4010; x_wconf 90' lang='lat' dir='ltr'><strong>secun-</strong></span> 
     </span>
     <span class='ocr_line' id='line_1_35' title="bbox 396 4042 1898 4133; baseline -0.007 -18"><span class='ocrx_word' id='word_1_214' title='bbox 396 4053 551 4115; x_wconf 91' lang='lat' dir='ltr'><strong>dum</strong></span> <span class='ocrx_word' id='word_1_215' title='bbox 610 4050 1072 4133; x_wconf 86' lang='lat' dir='ltr'><strong>Philosophum</strong></span> <span class='ocrx_word' id='word_1_216' title='bbox 1130 4049 1197 4111; x_wconf 90' lang='lat' dir='ltr'><strong>in</strong></span> <span class='ocrx_word' id='word_1_217' title='bbox 1253 4047 1519 4123; x_wconf 83' lang='lat' dir='ltr'><strong>Ethicis,</strong></span> <span class='ocrx_word' id='word_1_218' title='bbox 1570 4063 1699 4109; x_wconf 93' lang='lat' dir='ltr'><strong>non</strong></span> <span class='ocrx_word' id='word_1_219' title='bbox 1773 4042 1898 4105; x_wconf 89' lang='lat' dir='ltr'><strong>nisi</strong></span> 
     </span>
     <span class='ocr_line' id='line_1_36' title="bbox 396 4142 1899 4221; baseline -0.008 -6"><span class='ocrx_word' id='word_1_220' title='bbox 396 4149 707 4215; x_wconf 85' lang='lat' dir='ltr'><strong>virtuosis</strong></span> <span class='ocrx_word' id='word_1_221' title='bbox 755 4148 1071 4212; x_wconf 83' lang='lat' dir='ltr'><strong>veraciter</strong></span> <span class='ocrx_word' id='word_1_222' title='bbox 1125 4147 1313 4210; x_wconf 90' lang='lat' dir='ltr'><strong>inest.</strong></span> <span class='ocrx_word' id='word_1_223' title='bbox 1358 4142 1899 4221; x_wconf 85' lang='lat' dir='ltr'><strong>Quemadmodum</strong></span> 
     </span>
     <span class='ocr_line' id='line_1_37' title="bbox 397 4244 1897 4331; baseline -0.006 -18"><span class='ocrx_word' id='word_1_224' title='bbox 397 4267 549 4331; x_wconf 83' lang='lat' dir='ltr'><strong>ergo</strong></span> <span class='ocrx_word' id='word_1_225' title='bbox 580 4248 711 4315; x_wconf 85' lang='lat' dir='ltr'><strong>vile</strong></span> <span class='ocrx_word' id='word_1_226' title='bbox 741 4256 808 4311; x_wconf 88' lang='lat' dir='ltr'><strong>et</strong></span> <span class='ocrx_word' id='word_1_227' title='bbox 836 4245 1254 4310; x_wconf 91' lang='lat' dir='ltr'><strong>ridiculosum</strong></span> <span class='ocrx_word' id='word_1_228' title='bbox 1283 4253 1403 4323; x_wconf 91' lang='lat' dir='ltr'><strong>est,</strong></span> <span class='ocrx_word' id='word_1_229' title='bbox 1437 4244 1766 4306; x_wconf 89' lang='lat' dir='ltr'><strong>indoctum</strong></span> <span class='ocrx_word' id='word_1_230' title='bbox 1798 4260 1897 4305; x_wconf 87' lang='lat' dir='ltr'><strong>se-</strong></span> 
     </span>
     <span class='ocr_line' id='line_1_38' title="bbox 398 4338 1897 4420; baseline -0.007 -9"><span class='ocrx_word' id='word_1_231' title='bbox 398 4349 550 4411; x_wconf 88' lang='lat' dir='ltr'><strong>dere</strong></span> <span class='ocrx_word' id='word_1_232' title='bbox 612 4347 681 4409; x_wconf 93' lang='lat' dir='ltr'><strong>in</strong></span> <span class='ocrx_word' id='word_1_233' title='bbox 738 4346 1042 4410; x_wconf 89' lang='lat' dir='ltr'><strong>cathedra</strong></span> <span class='ocrx_word' id='word_1_234' title='bbox 1100 4343 1426 4420; x_wconf 82' lang='lat' dir='ltr'><strong>doctrinae,</strong></span> <span class='ocrx_word' id='word_1_235' title='bbox 1480 4349 1546 4406; x_wconf 89' lang='lat' dir='ltr'><strong>et</strong></span> <span class='ocrx_word' id='word_1_236' title='bbox 1600 4338 1897 4404; x_wconf 78' lang='lat' dir='ltr'><strong>officium</strong></span> 
     </span>
     <span class='ocr_line' id='line_1_39' title="bbox 396 4441 1899 4523; baseline -0.009 -12"><span class='ocrx_word' id='word_1_237' title='bbox 396 4446 675 4511; x_wconf 89' lang='lat' dir='ltr'><strong>docendi</strong></span> <span class='ocrx_word' id='word_1_238' title='bbox 708 4462 1037 4508; x_wconf 88' lang='lat' dir='ltr'><strong>assumere</strong></span> <span class='ocrx_word' id='word_1_239' title='bbox 1057 4461 1073 4523; x_wconf 91' lang='lat'>;</span> <span class='ocrx_word' id='word_1_240' title='bbox 1097 4443 1186 4505; x_wconf 89' lang='lat' dir='ltr'><strong>ita</strong></span> <span class='ocrx_word' id='word_1_241' title='bbox 1219 4441 1577 4523; x_wconf 82' lang='lat' dir='ltr'><strong>indignum,</strong></span> <span class='ocrx_word' id='word_1_242' title='bbox 1602 4456 1899 4520; x_wconf 80' lang='lat' dir='ltr'><strong>praesum-</strong></span> 
     </span>
     <span class='ocr_line' id='line_1_40' title="bbox 394 4536 1898 4631; baseline -0.005 -23"><span class='ocrx_word' id='word_1_243' title='bbox 394 4554 704 4631; x_wconf 89' lang='lat' dir='ltr'><strong>ptuosum</strong></span> <span class='ocrx_word' id='word_1_244' title='bbox 750 4553 815 4607; x_wconf 90' lang='lat' dir='ltr'><strong>et</strong></span> <span class='ocrx_word' id='word_1_245' title='bbox 844 4544 1113 4607; x_wconf 85' lang='lat' dir='ltr'><strong>stultum</strong></span> <span class='ocrx_word' id='word_1_246' title='bbox 1142 4549 1260 4619; x_wconf 87' lang='lat' dir='ltr'><strong>est,</strong></span> <span class='ocrx_word' id='word_1_247' title='bbox 1296 4540 1603 4622; x_wconf 86' lang='lat' dir='ltr'><strong>injustum</strong></span> <span class='ocrx_word' id='word_1_248' title='bbox 1638 4538 1704 4601; x_wconf 92' lang='lat' dir='ltr'><strong>in</strong></span> <span class='ocrx_word' id='word_1_249' title='bbox 1737 4536 1898 4600; x_wconf 88' lang='lat' dir='ltr'><strong>solio</strong></span> 
     </span>
     <span class='ocr_line' id='line_1_41' title="bbox 390 4639 1894 4729; baseline -0.007 -19"><span class='ocrx_word' id='word_1_250' title='bbox 390 4644 625 4729; x_wconf 86' lang='lat' dir='ltr'><strong>judicii</strong></span> <span class='ocrx_word' id='word_1_251' title='bbox 675 4644 757 4706; x_wconf 92' lang='lat' dir='ltr'><strong>ad</strong></span> <span class='ocrx_word' id='word_1_252' title='bbox 802 4641 1169 4707; x_wconf 82' lang='lat' dir='ltr'><strong>faciendum</strong></span> <span class='ocrx_word' id='word_1_253' title='bbox 1210 4639 1522 4722; x_wconf 87' lang='lat' dir='ltr'><strong>judicium</strong></span> <span class='ocrx_word' id='word_1_254' title='bbox 1566 4655 1894 4720; x_wconf 88' lang='lat' dir='ltr'><strong>apparere.</strong></span> 
     </span>
    </p>
   </div>
   <div class='ocr_carea' id='block_1_14' title="bbox 2010 3652 3503 3841">
    <p class='ocr_par' dir='ltr' id='par_1_15' title="bbox 2010 3652 3503 3841">
     <span class='ocr_line' id='line_1_42' title="bbox 2010 3652 3503 3737; baseline 0.003 -23"><span class='ocrx_word' id='word_1_255' title='bbox 2010 3661 2119 3715; x_wconf 87' lang='lat' dir='ltr'><strong>aut</strong></span> <span class='ocrx_word' id='word_1_256' title='bbox 2147 3653 2468 3735; x_wconf 78' lang='lat' dir='ltr'><strong>judicetis,</strong></span> <span class='ocrx_word' id='word_1_257' title='bbox 2502 3652 2700 3716; x_wconf 82' lang='lat' dir='ltr'><strong>Iudex</strong></span> <span class='ocrx_word' id='word_1_258' title='bbox 2737 3652 2909 3715; x_wconf 90' lang='lat' dir='ltr'><strong>enim</strong></span> <span class='ocrx_word' id='word_1_259' title='bbox 2947 3653 3136 3717; x_wconf 88' lang='lat' dir='ltr'><strong>debet</strong></span> <span class='ocrx_word' id='word_1_260' title='bbox 3172 3672 3314 3719; x_wconf 88' lang='grc' dir='ltr'><strong>θεεθ</strong></span> <span class='ocrx_word' id='word_1_261' title='bbox 3348 3674 3503 3737; x_wconf 90' lang='lat' dir='ltr'><strong>qua-</strong></span> 
     </span>
     <span class='ocr_line' id='line_1_43' title="bbox 2010 3751 3500 3841; baseline 0.001 -28"><span class='ocrx_word' id='word_1_262' title='bbox 2010 3753 2063 3813; x_wconf 91' lang='lat' dir='ltr'><strong>si</strong></span> <span class='ocrx_word' id='word_1_263' title='bbox 2106 3752 2252 3817; x_wconf 88' lang='lat' dir='ltr'><strong>viva</strong></span> <span class='ocrx_word' id='word_1_264' title='bbox 2283 3751 2385 3815; x_wconf 86' lang='lat' dir='ltr'><strong>lex</strong></span> <span class='ocrx_word' id='word_1_265' title='bbox 2423 3759 2502 3841; x_wconf 48' lang='lat' dir='ltr'><strong>et,</strong></span> <span class='ocrx_word' id='word_1_266' title='bbox 2525 3752 2806 3815; x_wconf 83' lang='lat' dir='ltr'><strong>animata</strong></span> <span class='ocrx_word' id='word_1_267' title='bbox 2837 3751 3107 3834; x_wconf 84' lang='lat' dir='ltr'><strong>justitia,</strong></span> <span class='ocrx_word' id='word_1_268' title='bbox 3141 3760 3211 3815; x_wconf 89' lang='lat' dir='ltr'><strong>ut</strong></span> <span class='ocrx_word' id='word_1_269' title='bbox 3250 3770 3500 3836; x_wconf 89' lang='lat' dir='ltr'><strong>semper</strong></span> 
     </span>
    </p>
   </div>
   <div class='ocr_carea' id='block_1_15' title="bbox 2007 3848 3797 3932">
    <p class='ocr_par' dir='ltr' id='par_1_16' title="bbox 2007 3848 3797 3932">
     <span class='ocr_line' id='line_1_44' title="bbox 2007 3848 3797 3932; baseline 0.001 -19"><span class='ocrx_word' id='word_1_270' title='bbox 2007 3848 2247 3913; x_wconf 87' lang='lat' dir='ltr'><strong>esuriat</strong></span> <span class='ocrx_word' id='word_1_271' title='bbox 2293 3850 2595 3932; x_wconf 85' lang='lat' dir='ltr'><strong>sitiatque</strong></span> <span class='ocrx_word' id='word_1_272' title='bbox 2639 3850 2976 3932; x_wconf 86' lang='lat' dir='ltr'><strong>justitiam.</strong></span> <span class='ocrx_word' id='word_1_273' title='bbox 3023 3849 3235 3914; x_wconf 91' lang='lat' dir='ltr'><strong>Nihilo</strong></span> <span class='ocrx_word' id='word_1_274' title='bbox 3283 3850 3499 3914; x_wconf 90' lang='lat' dir='ltr'><strong>minus</strong></span> <span class='ocrx_word' id='word_1_275' title='bbox 3527 3877 3797 3929; x_wconf 58' lang='lat' dir='ltr'><strong>unum-,a</strong></span> 
     </span>
    </p>
   </div>
   <div class='ocr_carea' id='block_1_16' title="bbox 2006 3948 3502 4718">
    <p class='ocr_par' dir='ltr' id='par_1_17' title="bbox 2006 3948 3502 4623">
     <span class='ocr_line' id='line_1_45' title="bbox 2006 3948 3500 4029; baseline 0.001 -20"><span class='ocrx_word' id='word_1_276' title='bbox 2006 3948 2270 4029; x_wconf 78' lang='lat' dir='ltr'><strong>justitiae</strong></span> <span class='ocrx_word' id='word_1_277' title='bbox 2326 3948 2562 4013; x_wconf 85' lang='lat' dir='ltr'><strong>debent</strong></span> <span class='ocrx_word' id='word_1_278' title='bbox 2620 3968 2758 4013; x_wconf 91' lang='lat' dir='ltr'><strong>esse</strong></span> <span class='ocrx_word' id='word_1_279' title='bbox 2813 3949 3107 4013; x_wconf 78' lang='lat' dir='ltr'><strong>admixtae</strong></span> <span class='ocrx_word' id='word_1_280' title='bbox 3161 3948 3500 4012; x_wconf 91' lang='lat' dir='ltr'><strong>clementia</strong></span> 
     </span>
     <span class='ocr_line' id='line_1_46' title="bbox 2006 4046 3501 4129; baseline 0.001 -19"><span class='ocrx_word' id='word_1_281' title='bbox 2006 4056 2198 4129; x_wconf 83' lang='lat' dir='ltr'><strong>atque</strong></span> <span class='ocrx_word' id='word_1_282' title='bbox 2237 4048 2561 4111; x_wconf 89' lang='lat' dir='ltr'><strong>discretio.</strong></span> <span class='ocrx_word' id='word_1_283' title='bbox 2594 4049 2807 4125; x_wconf 89' lang='lat' dir='ltr'><strong>Porro,</strong></span> <span class='ocrx_word' id='word_1_284' title='bbox 2847 4046 3199 4111; x_wconf 89' lang='lat' dir='ltr'><strong>secundum</strong></span> <span class='ocrx_word' id='word_1_285' title='bbox 3236 4047 3501 4112; x_wconf 82' lang='lat' dir='ltr'><strong>Ambro-</strong></span> 
     </span>
     <span class='ocr_line' id='line_1_47' title="bbox 2008 4145 3502 4231; baseline -0.002 -20"><span class='ocrx_word' id='word_1_286' title='bbox 2008 4149 2176 4212; x_wconf 89' lang='lat' dir='ltr'><strong>sium</strong></span> <span class='ocrx_word' id='word_1_287' title='bbox 2215 4149 2424 4231; x_wconf 91' lang='lat' dir='ltr'><strong>primo</strong></span> <span class='ocrx_word' id='word_1_288' title='bbox 2465 4149 2546 4212; x_wconf 91' lang='lat' dir='ltr'><strong>de</strong></span> <span class='ocrx_word' id='word_1_289' title='bbox 2589 4145 2843 4211; x_wconf 81' lang='lat' dir='ltr'><strong>Officiis</strong></span> <span class='ocrx_word' id='word_1_290' title='bbox 2887 4164 2902 4209; x_wconf 74' lang='grc' dir='ltr'><strong>ε</strong></span> <span class='ocrx_word' id='word_1_291' title='bbox 2942 4146 3197 4211; x_wconf 77' lang='lat' dir='ltr'><strong>lustitia</strong></span> <span class='ocrx_word' id='word_1_292' title='bbox 3237 4154 3336 4211; x_wconf 91' lang='lat' dir='ltr'><strong>est</strong></span> <span class='ocrx_word' id='word_1_293' title='bbox 3372 4146 3502 4209; x_wconf 83' lang='lat' dir='ltr'><strong>vir-</strong></span> 
     </span>
     <span class='ocr_line' id='line_1_48' title="bbox 2010 4246 3500 4329; baseline 0 -20"><span class='ocrx_word' id='word_1_294' title='bbox 2010 4255 2110 4309; x_wconf 92' lang='lat' dir='ltr'><strong>tus</strong></span> <span class='ocrx_word' id='word_1_295' title='bbox 2172 4266 2313 4328; x_wconf 78' lang='lat' dir='ltr'><strong>quae</strong></span> <span class='ocrx_word' id='word_1_296' title='bbox 2365 4246 2713 4327; x_wconf 90' lang='lat' dir='ltr'><strong>unicuique</strong></span> <span class='ocrx_word' id='word_1_297' title='bbox 2762 4246 2939 4329; x_wconf 88' lang='lat' dir='ltr'><strong>quod</strong></span> <span class='ocrx_word' id='word_1_298' title='bbox 2997 4264 3184 4309; x_wconf 90' lang='lat' dir='ltr'><strong>suum</strong></span> <span class='ocrx_word' id='word_1_299' title='bbox 3242 4254 3342 4310; x_wconf 92' lang='lat' dir='ltr'><strong>est</strong></span> <span class='ocrx_word' id='word_1_300' title='bbox 3386 4246 3500 4309; x_wconf 85' lang='lat' dir='ltr'><strong>tri-</strong></span> 
     </span>
     <span class='ocr_line' id='line_1_49' title="bbox 2008 4344 3502 4427; baseline 0.001 -20"><span class='ocrx_word' id='word_1_301' title='bbox 2008 4345 2172 4421; x_wconf 87' lang='lat' dir='ltr'><strong>buit,</strong></span> <span class='ocrx_word' id='word_1_302' title='bbox 2207 4344 2490 4407; x_wconf 89' lang='lat' dir='ltr'><strong>alienum</strong></span> <span class='ocrx_word' id='word_1_303' title='bbox 2524 4362 2653 4407; x_wconf 91' lang='lat' dir='ltr'><strong>non</strong></span> <span class='ocrx_word' id='word_1_304' title='bbox 2690 4344 2994 4422; x_wconf 88' lang='lat' dir='ltr'><strong>vindicat,</strong></span> <span class='ocrx_word' id='word_1_305' title='bbox 3031 4344 3502 4427; x_wconf 86' lang='lat' dir='ltr'><strong>utilitatemque</strong></span> 
     </span>
     <span class='ocr_line' id='line_1_50' title="bbox 2009 4442 3500 4527; baseline 0 -22"><span class='ocrx_word' id='word_1_306' title='bbox 2009 4442 2333 4527; x_wconf 82' lang='lat' dir='ltr'><strong>propriam</strong></span> <span class='ocrx_word' id='word_1_307' title='bbox 2381 4442 2668 4523; x_wconf 82' lang='lat' dir='ltr'><strong>negligit,</strong></span> <span class='ocrx_word' id='word_1_308' title='bbox 2722 4450 3038 4524; x_wconf 87' lang='lat' dir='ltr'><strong>quatenus</strong></span> <span class='ocrx_word' id='word_1_309' title='bbox 3095 4460 3500 4506; x_wconf 88' lang='lat' dir='ltr'><strong>communem</strong></span> 
     </span>
     <span class='ocr_line' id='line_1_51' title="bbox 2007 4541 2756 4623; baseline -0.004 -16"><span class='ocrx_word' id='word_1_310' title='bbox 2007 4541 2321 4607; x_wconf 89' lang='lat' dir='ltr'><strong>custodiat</strong></span> <span class='ocrx_word' id='word_1_311' title='bbox 2369 4541 2756 4623; x_wconf 78' lang='lat' dir='ltr'><strong>aequitatem.</strong></span> 
     </span>
    </p>

    <p class='ocr_par' dir='ltr' id='par_1_18' title="bbox 2087 4640 3497 4718">
     <span class='ocr_line' id='line_1_52' title="bbox 2087 4640 3497 4718; baseline -0.003 -13"><span class='ocrx_word' id='word_1_312' title='bbox 2087 4643 2337 4705; x_wconf 72' lang='lat' dir='ltr'><strong>Sentice</strong></span> <span class='ocrx_word' id='word_1_313' title='bbox 2377 4644 2457 4702; x_wconf 82' lang='lat' dir='ltr'><strong>de</strong></span> <span class='ocrx_word' id='word_1_314' title='bbox 2495 4643 2772 4702; x_wconf 80' lang='lat' dir='ltr'><strong>Domino</strong></span> <span class='ocrx_word' id='word_1_315' title='bbox 2819 4644 2894 4701; x_wconf 81' lang='lat' dir='ltr'><strong>in</strong></span> <span class='ocrx_word' id='word_1_316' title='bbox 2941 4644 3241 4713; x_wconf 78' lang='lat' dir='ltr'><strong>bonitate,</strong></span> <span class='ocrx_word' id='word_1_317' title='bbox 3275 4640 3342 4702; x_wconf 87' lang='lat' dir='ltr'><strong>id</strong></span> <span class='ocrx_word' id='word_1_318' title='bbox 3378 4648 3497 4718; x_wconf 87' lang='lat' dir='ltr'><strong>est,</strong></span> 
     </span>
    </p>
   </div>
   <div class='ocr_carea' id='block_1_17' title="bbox 392 4737 3504 4822">
    <p class='ocr_par' dir='ltr' id='par_1_19' title="bbox 392 4737 3504 4822">
     <span class='ocr_line' id='line_1_53' title="bbox 392 4737 3504 4822; baseline -0.004 -14"><span class='ocrx_word' id='word_1_319' title='bbox 392 4744 551 4808; x_wconf 86' lang='lat' dir='ltr'><strong>Nam</strong></span> <span class='ocrx_word' id='word_1_320' title='bbox 596 4750 663 4807; x_wconf 98' lang='grc' dir='ltr'><strong>θῖ</strong></span> <span class='ocrx_word' id='word_1_321' title='bbox 710 4741 860 4804; x_wconf 90' lang='lat' dir='ltr'><strong>talis</strong></span> <span class='ocrx_word' id='word_1_322' title='bbox 904 4740 1039 4822; x_wconf 86' lang='lat' dir='ltr'><strong>agit</strong></span> <span class='ocrx_word' id='word_1_323' title='bbox 1072 4748 1295 4804; x_wconf 85' lang='lat' dir='ltr'><strong>contra</strong></span> <span class='ocrx_word' id='word_1_324' title='bbox 1336 4738 1627 4801; x_wconf 90' lang='lat' dir='ltr'><strong>ordinem</strong></span> <span class='ocrx_word' id='word_1_325' title='bbox 1676 4737 1900 4798; x_wconf 86' lang='lat' dir='ltr'><strong>carita-</strong></span> <span class='ocrx_word' id='word_1_326' title='bbox 1936 4742 1981 4805; x_wconf 85' lang='lat' dir='ltr'>C</span> <span class='ocrx_word' id='word_1_327' title='bbox 2009 4740 2174 4803; x_wconf 75' lang='lat' dir='ltr'><strong>bene</strong></span> <span class='ocrx_word' id='word_1_328' title='bbox 2228 4740 2460 4804; x_wconf 75' lang='lat' dir='ltr'><strong>sentite</strong></span> <span class='ocrx_word' id='word_1_329' title='bbox 2506 4739 2588 4803; x_wconf 79' lang='lat' dir='ltr'><strong>de</strong></span> <span class='ocrx_word' id='word_1_330' title='bbox 2643 4740 2791 4817; x_wconf 79' lang='lat' dir='ltr'><strong>Deo,</strong></span> <span class='ocrx_word' id='word_1_331' title='bbox 2839 4741 3011 4821; x_wconf 84' lang='lat' dir='ltr'><strong>quod</strong></span> <span class='ocrx_word' id='word_1_332' title='bbox 3061 4738 3306 4803; x_wconf 75' lang='lat' dir='ltr'><strong>scilicet</strong></span> <span class='ocrx_word' id='word_1_333' title='bbox 3365 4737 3504 4801; x_wconf 86' lang='lat' dir='ltr'><strong>uni-</strong></span> 
     </span>
    </p>
   </div>
   <div class='ocr_carea' id='block_1_18' title="bbox 390 4836 1903 5411">
    <p class='ocr_par' dir='ltr' id='par_1_20' title="bbox 390 4836 1903 5411">
     <span class='ocr_line' id='line_1_54' title="bbox 392 4836 1899 4925; baseline -0.007 -19"><span class='ocrx_word' id='word_1_334' title='bbox 392 4843 499 4920; x_wconf 88' lang='lat' dir='ltr'><strong>tis,</strong></span> <span class='ocrx_word' id='word_1_335' title='bbox 534 4860 685 4925; x_wconf 79' lang='lat' dir='ltr'><strong>quae</strong></span> <span class='ocrx_word' id='word_1_336' title='bbox 728 4839 962 4923; x_wconf 90' lang='lat' dir='ltr'><strong>incipit</strong></span> <span class='ocrx_word' id='word_1_337' title='bbox 1002 4858 1041 4901; x_wconf 89' lang='lat' dir='ltr'><strong>a</strong></span> <span class='ocrx_word' id='word_1_338' title='bbox 1085 4858 1153 4901; x_wconf 90' lang='lat' dir='ltr'><strong>se</strong></span> <span class='ocrx_word' id='word_1_339' title='bbox 1203 4837 1363 4920; x_wconf 89' lang='lat' dir='ltr'><strong>ipsa,</strong></span> <span class='ocrx_word' id='word_1_340' title='bbox 1407 4844 1471 4899; x_wconf 90' lang='lat' dir='ltr'><strong>et</strong></span> <span class='ocrx_word' id='word_1_341' title='bbox 1518 4844 1664 4916; x_wconf 89' lang='lat' dir='ltr'><strong>post</strong></span> <span class='ocrx_word' id='word_1_342' title='bbox 1701 4836 1899 4897; x_wconf 91' lang='lat' dir='ltr'><strong>Deum</strong></span> 
     </span>
     <span class='ocr_line' id='line_1_55' title="bbox 392 4932 1901 5025; baseline -0.006 -21"><span class='ocrx_word' id='word_1_343' title='bbox 392 4940 735 5025; x_wconf 86' lang='lat' dir='ltr'><strong>potissime</strong></span> <span class='ocrx_word' id='word_1_344' title='bbox 804 4946 977 5002; x_wconf 86' lang='lat' dir='ltr'><strong>amat</strong></span> <span class='ocrx_word' id='word_1_345' title='bbox 1034 4935 1363 5021; x_wconf 89' lang='lat' dir='ltr'><strong>proprium</strong></span> <span class='ocrx_word' id='word_1_346' title='bbox 1433 4953 1620 4997; x_wconf 92' lang='lat' dir='ltr'><strong>suum</strong></span> <span class='ocrx_word' id='word_1_347' title='bbox 1690 4932 1901 5014; x_wconf 87' lang='lat' dir='ltr'><strong>subje-</strong></span> 
     </span>
     <span class='ocr_line' id='line_1_56' title="bbox 390 5033 1901 5121; baseline -0.005 -17"><span class='ocrx_word' id='word_1_348' title='bbox 390 5050 587 5104; x_wconf 85' lang='lat' dir='ltr'><strong>ctum.</strong></span> <span class='ocrx_word' id='word_1_349' title='bbox 604 5039 748 5121; x_wconf 90' lang='lat' dir='ltr'><strong>Ipsa</strong></span> <span class='ocrx_word' id='word_1_350' title='bbox 765 5054 1025 5121; x_wconf 89' lang='lat' dir='ltr'><strong>quoque</strong></span> <span class='ocrx_word' id='word_1_351' title='bbox 1046 5035 1315 5118; x_wconf 84' lang='lat' dir='ltr'><strong>requirit</strong></span> <span class='ocrx_word' id='word_1_352' title='bbox 1342 5033 1606 5115; x_wconf 75' lang='lat' dir='ltr'><strong>Justitia,</strong></span> <span class='ocrx_word' id='word_1_353' title='bbox 1623 5042 1693 5096; x_wconf 89' lang='lat' dir='ltr'><strong>ut</strong></span> <span class='ocrx_word' id='word_1_354' title='bbox 1711 5033 1901 5098; x_wconf 90' lang='lat' dir='ltr'><strong>homo</strong></span> 
     </span>
     <span class='ocr_line' id='line_1_57' title="bbox 392 5133 1902 5221; baseline -0.003 -19"><span class='ocrx_word' id='word_1_355' title='bbox 392 5158 467 5202; x_wconf 92' lang='lat' dir='ltr'><strong>se</strong></span> <span class='ocrx_word' id='word_1_356' title='bbox 508 5139 726 5221; x_wconf 91' lang='lat' dir='ltr'><strong>ipsum</strong></span> <span class='ocrx_word' id='word_1_357' title='bbox 772 5138 840 5199; x_wconf 95' lang='lat' dir='ltr'><strong>in</strong></span> <span class='ocrx_word' id='word_1_358' title='bbox 893 5134 1119 5218; x_wconf 90' lang='lat' dir='ltr'><strong>primis</strong></span> <span class='ocrx_word' id='word_1_359' title='bbox 1162 5133 1426 5215; x_wconf 88' lang='lat' dir='ltr'><strong>judicet,</strong></span> <span class='ocrx_word' id='word_1_360' title='bbox 1461 5133 1785 5215; x_wconf 87' lang='lat' dir='ltr'><strong>corripiat,</strong></span> <span class='ocrx_word' id='word_1_361' title='bbox 1837 5144 1902 5198; x_wconf 90' lang='lat' dir='ltr'><strong>et</strong></span> 
     </span>
     <span class='ocr_line' id='line_1_58' title="bbox 394 5230 1903 5316; baseline -0.006 -14"><span class='ocrx_word' id='word_1_362' title='bbox 394 5236 722 5302; x_wconf 81' lang='lat' dir='ltr'><strong>emendet.</strong></span> <span class='ocrx_word' id='word_1_363' title='bbox 756 5235 1020 5316; x_wconf 90' lang='lat' dir='ltr'><strong>Propter</strong></span> <span class='ocrx_word' id='word_1_364' title='bbox 1050 5233 1218 5314; x_wconf 90' lang='lat' dir='ltr'><strong>quod</strong></span> <span class='ocrx_word' id='word_1_365' title='bbox 1261 5230 1351 5293; x_wconf 88' lang='lat' dir='ltr'><strong>ait</strong></span> <span class='ocrx_word' id='word_1_366' title='bbox 1392 5230 1729 5313; x_wconf 86' lang='lat' dir='ltr'><strong>Apostolus</strong></span> <span class='ocrx_word' id='word_1_367' title='bbox 1764 5251 1778 5295; x_wconf 72' lang='grc' dir='ltr'><strong>ε</strong></span> <span class='ocrx_word' id='word_1_368' title='bbox 1814 5232 1903 5295; x_wconf 88' lang='lat' dir='ltr'><strong>In-</strong></span> 
     </span>
     <span class='ocr_line' id='line_1_59' title="bbox 393 5328 1896 5411; baseline -0.007 -9"><span class='ocrx_word' id='word_1_369' title='bbox 393 5332 788 5401; x_wconf 82' lang='lat' dir='ltr'><strong>excusabilis</strong></span> <span class='ocrx_word' id='word_1_370' title='bbox 820 5351 911 5409; x_wconf 87' lang='grc' dir='ltr'><strong>θε,</strong></span> <span class='ocrx_word' id='word_1_371' title='bbox 945 5350 984 5395; x_wconf 97' lang='lat' dir='ltr'><strong>o</strong></span> <span class='ocrx_word' id='word_1_372' title='bbox 1015 5331 1207 5394; x_wconf 90' lang='lat' dir='ltr'><strong>homo</strong></span> <span class='ocrx_word' id='word_1_373' title='bbox 1237 5328 1448 5393; x_wconf 92' lang='lat' dir='ltr'><strong>omnis</strong></span> <span class='ocrx_word' id='word_1_374' title='bbox 1485 5328 1597 5411; x_wconf 91' lang='lat' dir='ltr'><strong>qui</strong></span> <span class='ocrx_word' id='word_1_375' title='bbox 1626 5328 1896 5411; x_wconf 74' lang='lat' dir='ltr'><strong>JndicaS,</strong></span> 
     </span>
    </p>
   </div>
   <div class='ocr_carea' id='block_1_19' title="bbox 2010 4837 3506 5417">
    <p class='ocr_par' dir='ltr' id='par_1_21' title="bbox 2010 4837 3506 5417">
     <span class='ocr_line' id='line_1_60' title="bbox 2011 4837 3504 4920; baseline -0.001 -18"><span class='ocrx_word' id='word_1_376' title='bbox 2011 4856 2340 4902; x_wconf 88' lang='lat' dir='ltr'><strong>versorum</strong></span> <span class='ocrx_word' id='word_1_377' title='bbox 2396 4838 2864 4920; x_wconf 85' lang='lat' dir='ltr'><strong>providentiam</strong></span> <span class='ocrx_word' id='word_1_378' title='bbox 2913 4838 3166 4917; x_wconf 85' lang='lat' dir='ltr'><strong>habeat,</strong></span> <span class='ocrx_word' id='word_1_379' title='bbox 3217 4848 3280 4902; x_wconf 85' lang='lat' dir='ltr'><strong>et</strong></span> <span class='ocrx_word' id='word_1_380' title='bbox 3333 4837 3504 4901; x_wconf 87' lang='lat' dir='ltr'><strong>male</strong></span> 
     </span>
     <span class='ocr_line' id='line_1_61' title="bbox 2010 4936 3502 5019; baseline 0.001 -20"><span class='ocrx_word' id='word_1_381' title='bbox 2010 4937 2295 5018; x_wconf 80' lang='lat' dir='ltr'><strong>judicata</strong></span> <span class='ocrx_word' id='word_1_382' title='bbox 2336 4936 2740 5019; x_wconf 84' lang='lat' dir='ltr'><strong>rejudicabit.</strong></span> <span class='ocrx_word' id='word_1_383' title='bbox 2799 4937 2944 5001; x_wconf 89' lang='lat' dir='ltr'><strong>Ideo</strong></span> <span class='ocrx_word' id='word_1_384' title='bbox 2999 4938 3140 5019; x_wconf 85' lang='lat' dir='ltr'><strong>ejus</strong></span> <span class='ocrx_word' id='word_1_385' title='bbox 3187 4936 3502 5019; x_wconf 85' lang='lat' dir='ltr'><strong>justitiam</strong></span> 
     </span>
     <span class='ocr_line' id='line_1_62' title="bbox 2012 5035 3506 5118; baseline 0.002 -20"><span class='ocrx_word' id='word_1_386' title='bbox 2012 5035 2194 5117; x_wconf 89' lang='lat' dir='ltr'><strong>sequi</strong></span> <span class='ocrx_word' id='word_1_387' title='bbox 2244 5035 2588 5114; x_wconf 90' lang='lat' dir='ltr'><strong>conemini,</strong></span> <span class='ocrx_word' id='word_1_388' title='bbox 2642 5044 2705 5100; x_wconf 90' lang='lat' dir='ltr'><strong>et</strong></span> <span class='ocrx_word' id='word_1_389' title='bbox 2756 5036 2898 5118; x_wconf 85' lang='lat' dir='ltr'><strong>ejus</strong></span> <span class='ocrx_word' id='word_1_390' title='bbox 2948 5036 3182 5101; x_wconf 91' lang='lat' dir='ltr'><strong>intuitu</strong></span> <span class='ocrx_word' id='word_1_391' title='bbox 3236 5037 3506 5101; x_wconf 88' lang='lat' dir='ltr'><strong>timeatis</strong></span> 
     </span>
     <span class='ocr_line' id='line_1_63' title="bbox 2010 5134 3502 5215; baseline 0.002 -19"><span class='ocrx_word' id='word_1_392' title='bbox 2010 5134 2298 5215; x_wconf 86' lang='lat' dir='ltr'><strong>judicare</strong></span> <span class='ocrx_word' id='word_1_393' title='bbox 2356 5134 2615 5214; x_wconf 88' lang='lat' dir='ltr'><strong>injuste,</strong></span> <span class='ocrx_word' id='word_1_394' title='bbox 2663 5154 2744 5199; x_wconf 89' lang='lat' dir='ltr'><strong>ne</strong></span> <span class='ocrx_word' id='word_1_395' title='bbox 2799 5135 2880 5198; x_wconf 89' lang='lat' dir='ltr'><strong>ab</strong></span> <span class='ocrx_word' id='word_1_396' title='bbox 2951 5154 3026 5199; x_wconf 92' lang='lat' dir='ltr'><strong>eo</strong></span> <span class='ocrx_word' id='word_1_397' title='bbox 3083 5136 3502 5199; x_wconf 82' lang='lat' dir='ltr'><strong>damnemini.</strong></span> 
     </span>
     <span class='ocr_line' id='line_1_64' title="bbox 2011 5231 3505 5313; baseline 0.001 -15"><span class='ocrx_word' id='word_1_398' title='bbox 2011 5232 2125 5298; x_wconf 88' lang='lat' dir='ltr'><strong>Vel</strong></span> <span class='ocrx_word' id='word_1_399' title='bbox 2179 5252 2193 5296; x_wconf 91' lang='lat'>:</span> <span class='ocrx_word' id='word_1_400' title='bbox 2246 5231 2487 5294; x_wconf 88' lang='lat' dir='ltr'><strong>Sentite</strong></span> <span class='ocrx_word' id='word_1_401' title='bbox 2535 5232 2614 5294; x_wconf 90' lang='lat' dir='ltr'><strong>de</strong></span> <span class='ocrx_word' id='word_1_402' title='bbox 2658 5232 2926 5296; x_wconf 90' lang='lat' dir='ltr'><strong>Domino</strong></span> <span class='ocrx_word' id='word_1_403' title='bbox 2974 5234 3040 5296; x_wconf 92' lang='lat' dir='ltr'><strong>in</strong></span> <span class='ocrx_word' id='word_1_404' title='bbox 3087 5234 3392 5313; x_wconf 88' lang='lat' dir='ltr'><strong>bonitate,</strong></span> <span class='ocrx_word' id='word_1_405' title='bbox 3440 5236 3505 5299; x_wconf 92' lang='lat' dir='ltr'><strong>id</strong></span> 
     </span>
     <span class='ocr_line' id='line_1_65' title="bbox 2012 5329 3506 5417; baseline 0.004 -24"><span class='ocrx_word' id='word_1_406' title='bbox 2012 5338 2129 5407; x_wconf 90' lang='lat' dir='ltr'><strong>est,</strong></span> <span class='ocrx_word' id='word_1_407' title='bbox 2164 5349 2276 5412; x_wconf 89' lang='lat' dir='ltr'><strong>pcr</strong></span> <span class='ocrx_word' id='word_1_408' title='bbox 2306 5329 2655 5393; x_wconf 82' lang='lat' dir='ltr'><strong>bonitatem</strong></span> <span class='ocrx_word' id='word_1_409' title='bbox 2703 5339 2766 5393; x_wconf 90' lang='lat' dir='ltr'><strong>et</strong></span> <span class='ocrx_word' id='word_1_410' title='bbox 2793 5331 3282 5410; x_wconf 88' lang='lat' dir='ltr'><strong>virtuositatem,</strong></span> <span class='ocrx_word' id='word_1_411' title='bbox 3315 5342 3506 5417; x_wconf 91' lang='lat' dir='ltr'><strong>atque</strong></span> 
     </span>
    </p>
   </div>
  </div>
 </body>
</html>
