4284 6267
538 1203 690 1250 Ιίοοὶε,
704 1205 804 1256 xm.

554 1893 655 1940 rob.
674 1907 714 1945 ν,
735 1895 798 1938 ¹2.

534 2593 795 2648 Mimans.

574 2877 691 2926 ibid.
710 2883 751 2928 ⁹.

536 3379 615 3430 1³2.
637 3393 705 3436 ιν,
730 3381 793 3426 ll.

562 4270 704 4318 tenes.
721 4283 797 4318 m.

536 4337 797 4452 iiie-emm.

830 505 949 572 1⁰4

1508 525 1863 574 znAnaA'no
1902 525 1967 572 IN
2006 523 2148 572 ΕΑΒ.
2193 525 2278 572 Π
2315 523 2802 572 nonamonux.
2850 547 2931 555 —
2969 527 3113 573 m.
3159 528 3242 572 XV

830 697 1041 776 tendo,
1064 696 1589 782 frequentiusque
1617 705 1681 760 et
1700 696 2027 760 ardentius
2054 695 2318 772 orando,
2353 694 2402 756 A
2431 703 2574 778 pter
2595 696 2769 777 quod
2799 696 3038 761 Seneca
3067 696 3132 759 in
3163 697 3295 759 suis
3325 694 3497 758 fatur
3521 694 3918 758 Proverbiis:

830 795 1153 878 copiosius
1184 804 1467 879 tempore
1496 805 1859 880 opportuno
1888 795 2318 858 exaudiamur.

914 897 1063 956 Lux
1091 899 1421 956 oculorum
1445 897 1734 974 loetiflcat
1764 897 2081 955 animam.
2114 893 2323 957 Potest

830 989 949 1056 hoc
980 993 1187 1076 primo
1216 993 1445 1076 exponi
1478 994 1559 1058 de
1588 993 1727 1058 luce
1756 992 2045 1056 sensibili
2078 1009 2094 1054 ε
2128 1010 2320 1073 quam

830 1091 1268 1174 corporalibus
1298 1091 1499 1156 oculis
1534 1091 1767 1154 intueri
1798 1088 2174 1154 delectabile
2201 1097 2318 1164 est,

828 1187 1007 1270 juxta
1050 1191 1221 1273 quod
1270 1191 1333 1254 in
1378 1190 1756 1254 Ecclesiaste
1800 1189 2031 1271 legitur
2075 1206 2089 1251 :
2132 1188 2322 1251 Dulce

830 1284 1069 1366 lumen,
1102 1296 1165 1350 et
1203 1288 1581 1354 delectabile
1610 1297 1707 1352 est
1742 1289 1945 1352 oculis
1984 1287 2202 1352 videre
2229 1305 2324 1349 so-

830 1385 977 1450 lem.
1012 1385 1318 1452 Similiter
1356 1387 1461 1450 lux
1498 1387 1701 1450 visiva
1744 1387 2055 1450 exsistens
2096 1385 2164 1448 in
2207 1404 2323 1468 pu-

830 1483 1010 1570 pilla,
1044 1484 1353 1550 exhilarat
1392 1486 1689 1564 animam,
1726 1485 1881 1568 quia
1918 1503 2035 1568 per
2069 1503 2207 1548 eam
2242 1482 2323 1545 lit

830 1583 1016 1663 visin,
1041 1593 1105 1646 et
1136 1603 1247 1669 per
1276 1585 1649 1648 exteriorem
1682 1585 1889 1648 visum
1922 1583 2132 1647 anima
2163 1583 2324 1646 mul-

832 1689 895 1746 ta
942 1682 1233 1748 addiscit.
1266 1683 1453 1747 Visus
1501 1683 1735 1748 etenim
1776 1683 2059 1765 plurium
2114 1701 2318 1744 rerum

830 1779 1234 1846 differentias
1268 1781 1450 1846 nobis
1482 1781 1780 1858 ostendit,
1803 1782 2150 1844 secundum
2181 1780 2323 1843 Phi-

832 1879 1189 1962 losophum.
1242 1879 1397 1943 llinc
1440 1888 1710 1944 caecatus
1758 1879 1988 1942 Tobias
2036 1897 2051 1942 :

830 1977 1061 2062 inquit,
1098 1977 1255 2042 mihi
1286 1979 1587 2060 gaudium
1620 1977 1761 2056 erit,
1798 1977 1907 2060 qni
1944 1978 2008 2042 in
2042 1978 2320 2042 tenebris

827 2077 1037 2156 sedeo,
1074 2084 1136 2140 et
1168 2077 1383 2141 lumen
1413 2077 1559 2142 coeli
1590 2095 1717 2140 non
1754 2077 1975 2141 video?
2004 2077 2318 2154 Secundo,

826 2173 1165 2260 exponitur
1214 2176 1293 2240 de
1332 2175 1471 2240 luce
1522 2174 1935 2257 intelligibili,
1990 2175 2050 2238 id
2100 2183 2196 2238 est
2243 2177 2321 2238 de

825 2272 1029 2356 gratia
1059 2273 1189 2352 Dei,
1222 2275 1301 2338 de
1332 2273 1616 2346 veritate,
1651 2275 1730 2338 de
1770 2273 2193 2338 illustratione
2231 2273 2321 2336 di-

827 2371 997 2451 vina,
1032 2389 1175 2456 qum
1208 2371 1539 2436 interiores
1572 2372 1857 2436 laetil'icat
1886 2371 2126 2437 oculos
2162 2371 2321 2436 Con-

830 2469 1159 2554 templatio
1198 2470 1433 2535 etenim
1476 2471 1761 2535 veritatis
1802 2471 1985 2535 valde
2022 2472 2314 2534 delectat.

828 2567 913 2633 Do
943 2568 1060 2634 hac
1092 2568 1231 2634 luce
1261 2566 1349 2634 ait
1378 2569 1663 2634 Michaeas
1700 2587 1713 2632 ε
1747 2568 1949 2644 Quum
1988 2570 2212 2632 sedero
2252 2571 2318 2632 in

828 2667 1127 2744 tenebris,
1166 2667 1467 2732 Dominus
1500 2667 1606 2732 lux
1636 2687 1775 2732 mea
1803 2677 1921 2746 est,
1955 2668 2019 2730 id
2050 2677 2148 2732 est
2175 2687 2321 2732 cau-

826 2783 893 2828 sa
932 2773 994 2828 ct
1029 2765 1211 2830 dator
1250 2764 1432 2844 lucis,
1466 2774 1527 2830 et
1561 2764 2049 2831 illuminationis
2090 2766 2320 2830 animae

826 2882 1004 2928 mom.
1052 2863 1195 2928 ldoo
1245 2863 1507 2928 subdit:
1545 2865 1821 2928 Dcducet
1866 2884 1967 2928 me
2012 2864 2318 2929 Dominus

826 2960 890 3027 in
924 2961 1153 3042 lucem,
1190 2971 1253 3026 et
1282 2961 1512 3027 videbo
1542 2962 1854 3044 justitiam
1886 2964 2044 3045 ejuS.
2080 2963 2313 3038 Terti0‚

2100 1878 2316 1957 Quale,
2357 1883 2404 1945 B

2431 794 2722 876 Plerique
2769 795 3028 873 famam,
3079 795 3530 859 conscientiam
3581 794 3767 878 pauci
3813 814 3924 858 ve-

2433 901 2674 956 rentur.
2725 895 2844 957 Sed
2905 903 3249 976 utrumque
3303 893 3494 956 simul
3541 893 3916 969 curandum,

2432 1011 2630 1073 quum
2675 992 2843 1056 dicat
2893 994 3310 1074 Hieronymus
3359 1010 3374 1054 ε
3421 992 3622 1074 Opera
3669 991 3914 1061 salutis,

2432 1091 2570 1153 sine
2604 1090 2776 1154 fama
2813 1091 2966 1154 boni
3001 1092 3236 1167 odoriS,
3281 1108 3406 1154 non
3447 1091 3598 1153 satis
3635 1090 3920 1152 relucent

2431 1189 2864 1270 auditoribus3
2900 1209 3016 1253 nec
3045 1191 3184 1252 sine
3213 1208 3406 1272 opere
3437 1188 3689 1272 proficit
3722 1187 3913 1250 fama.

2511 1291 2716 1349 Auris
2745 1309 2887 1368 φατε
2915 1291 3133 1357 audit,
3155 1287 3217 1351 id
3247 1297 3364 1362 est,
3389 1295 3710 1369 gratanter
3745 1305 3919 1349 acce·

2433 1393 2588 1468 ptat,
2625 1389 3094 1464 increpationes
3133 1391 3306 1456 vitoe,
3341 1385 3405 1448 id
3441 1393 3540 1448 est
3575 1385 3922 1466 correptio-

2431 1505 2573 1548 nem
2603 1485 2996 1549 caritativam
3021 1493 3087 1548 et
3111 1485 3455 1566 justam,ad
3483 1484 3678 1547 vitam
3703 1483 3922 1566 gratiae

2431 1592 2494 1646 et
2531 1583 2802 1646 salutem
2843 1583 3196 1646 ordinatam
3236 1602 3308 1646 ac
3348 1582 3812 1665 disponentem,
3846 1583 3919 1642 in

2431 1685 2641 1743 medio
2686 1685 3082 1759 sapientium
3129 1684 3651 1753 commorabitur,
3688 1681 3753 1743 id
3797 1687 3916 1756 est,

2431 1782 2598 1845 inter
2638 1782 2957 1865 sapientes
2999 1782 3228 1845 merito
3269 1790 3691 1864 computatur,
3725 1787 3788 1843 et
3827 1780 3920 1842 eis

2433 1899 2500 1944 se
2531 1881 2748 1958 sociat,
2785 1889 2854 1943 ut
2890 1901 2965 1944 ex
3003 1899 3218 1944 eorum
3259 1881 3693 1962 increpatione
3729 1877 3923 1962 profi-

2430 1980 2557 2043 ciat
2591 1998 2604 2042 :
2641 1980 2860 2062 sicque
2893 1979 2970 2042 fit
3001 1980 3277 2062 sepiem,
3301 1988 3365 2042 et
3393 1979 3585 2059 digna
3614 1979 3678 2040 in
3711 1978 3922 2041 cathe-

2430 2080 2544 2142 dra
2572 2078 2876 2142 doctorali
2907 2079 2985 2141 ad
3017 2079 3175 2142 alios
3206 2077 3646 2158 informandos
3675 2077 3916 2139 sedere.

2432 2177 2606 2240 Sicut
2649 2177 2818 2240 enim
2873 2177 3129 2260 ineptus
3170 2186 3232 2240 et
3276 2176 3577 2257 indignus
3621 2183 3716 2238 est
3761 2175 3920 2238 alios

2430 2294 2669 2356 regere,
2709 2276 2819 2357 qui
2866 2277 3125 2339 subesse
3170 2284 3232 2338 et
3281 2275 3414 2354 regi
3458 2275 3784 2356 despexit3
3827 2273 3920 2336 sic

2432 2374 2732 2455 indignus
2765 2383 2860 2438 est
2889 2376 3049 2438 alios
3082 2376 3412 2458 inerepare
3445 2395 3518 2438 ac
3548 2373 3914 2448 informare,

2429 2473 2540 2555 qui
2567 2474 2802 2556 corripi
2835 2483 2898 2537 et
2923 2474 3254 2537 informari
3285 2473 3629 2536 abhorruit.
3647 2473 3920 2553 Denique

2431 2573 2541 2654 qui
2589 2591 2738 2636 vere
2786 2574 3112 2653 cognoscit
3158 2592 3225 2635 se
3269 2572 3478 2655 ipsum
3523 2580 3586 2634 et
3633 2571 3920 2655 proprias

2428 2669 2965 2749 defectuositates,
3011 2679 3202 2752 atque
3245 2671 3742 2734 innumerabiles
3790 2669 3923 2732 cul-

2429 2789 2540 2852 pas
2573 2769 2795 2832 saltem
2825 2770 3130 2846 venialeS‚
3158 2770 3348 2833 etiam
3380 2769 3784 2852 quotidianas
3825 2769 3920 2831 in-

2428 2868 2822 2949 crepationes
2851 2868 3046 2930 sumit
3071 2867 3672 2950 jucunde,quamvis
3705 2866 3920 2932 forsan

2427 2966 2723 3029 conscius
2764 2966 2885 3028 sibi
2927 2985 3055 3031 non
3096 2967 3180 3030 sit
3212 2967 3287 3030 de
3326 2986 3402 3031 6ο
3440 2967 3610 3048 quod
3652 2966 3776 3029 sibi
3814 2967 3922 3029 ob-

822 3059 1162 3144 oxponitur
1210 3061 1289 3125 do
1340 3059 1579 3124 lumine
1629 3059 1868 3141 gloriae,
1914 3061 2320 3142 increataque
2355 3062 2398 3126 C
2428 3064 2667 3147 jicitur‚
2711 3065 2918 3128 sciens
2959 3085 3027 3128 se
3076 3065 3142 3128 in
3187 3065 3331 3129 aliis
3371 3065 3921 3128 innumerabiliter

824 3157 964 3224 luco
1000 3176 1013 3222 ε
1048 3159 1232 3242 cujus
1264 3158 1433 3224 clara
1462 3168 1525 3224 et
1551 3157 1852 3224 beatifica
1880 3159 2042 3224 visio
2072 3179 2322 3222 summe

825 3257 1137 3324 exhilarat
1168 3265 1231 3322 et
1264 3257 1453 3342 plene
1481 3266 1828 3335 conmutat,
1849 3256 2013 3320 sicut
2045 3257 2133 3320 ait
2162 3258 2323 3320 Psal-

826 3357 1015 3422 mista
1050 3373 1063 3422 t
1114 3355 1510 3440 adimplebis
1550 3375 1653 3420 me
1694 3356 1913 3420 laetitia
1951 3375 2095 3420 cum
2136 3357 2319 3420 vultu

824 3465 957 3520 tuo.
996 3454 1100 3519 llis
1141 3453 1648 3538 expositionibus
1687 3456 2029 3519 concordat
2058 3453 2322 3536 antiqua

828 3553 1179 3630 translatio,
1234 3572 1377 3638 quse
1427 3553 1519 3618 sic
1562 3553 1755 3618 habet
1800 3571 1815 3618 ι
1870 3554 2107 3618 Videns
2155 3555 2323 3617 bona

824 3653 1050 3720 oottlus
1080 3652 1354 3718 delectat
1391 3669 1523 3717 cor.
1558 3651 1794 3735 Nempe
1834 3671 1909 3716 ex
1948 3651 2184 3716 unione
2213 3669 2324 3734 po-

824 3751 1038 3818 tonum
1067 3771 1213 3816 cum
1244 3751 1497 3835 objecto
1511 3751 1952 3828 convenienti,
1985 3750 2323 3814 delectatio

822 3849 1050 3916 oritur.

912 3951 1111 4014 Fumo
1136 3950 1301 4010 bona
1324 3949 1695 4026 o'mpt'nyuat
1715 3967 1876 4016 ossa,
1900 3947 1963 4010 id
1997 3956 2113 4025 est,
2138 3947 2323 4011 valde

822 4045 1123 4114 obicem.
1158 4045 1451 4110 Naturale
1498 4043 1669 4108 enim
1720 4053 1817 4110 est
1864 4045 2105 4108 homini
2154 4045 2322 4109 dele-

826 4145 981 4212 ctari
1026 4145 1091 4208 in
1132 4144 1273 4220 hoc,
1316 4144 1487 4227 quod
1526 4143 1709 4208 bonre
1748 4154 1842 4208 est
1894 4143 2100 4208 famae.
2144 4144 2320 4208 Unde

2430 3181 2569 3226 esse
2599 3163 3010 3245 culpabilem,
3047 3164 3214 3226 ultra
3251 3163 3574 3246 propriam
3615 3163 3922 3244 cognitio-

2432 3279 2600 3323 nem.
2635 3261 2699 3323 Si
2733 3270 2944 3325 tamen
2974 3281 3234 3326 enorme
3267 3270 3330 3326 et
3361 3262 3920 3325 scandalizativum

2430 3359 2699 3423 aliorum
2744 3360 2988 3441 aliquid
3035 3360 3396 3443 objiciatur,
3431 3369 3640 3443 potest
3677 3379 3745 3424 se
3787 3380 3922 3425 cor-

2431 3467 2648 3540 reptus
2678 3458 3007 3521 humiliter
3038 3477 3360 3522 excusare.
3381 3459 3541 3524 Hinc
3571 3459 3637 3521 in
3669 3460 3922 3524 Prover-

2431 3556 2556 3620 biis
2595 3557 2726 3620 suis
2765 3565 3020 3621 sanctus
3059 3557 3149 3620 ait
3185 3557 3458 3640 Cyrillus
3493 3575 3506 3620 ε
3549 3559 3718 3622 Pone
3753 3567 3814 3622 te
3855 3559 3920 3621 in

2431 3655 2595 3718 libra
2616 3655 2895 3738 justitiae,
2921 3665 2984 3720 et
3011 3657 3104 3720 sic
3134 3655 3484 3739 perspicies
3506 3665 3784 3738 quantus
3813 3657 3920 3720 sis,

2431 3753 2495 3815 Si
2546 3753 2727 3836 parvi
2776 3754 3003 3837 pendis
3061 3764 3124 3818 te
3171 3755 3404 3838 ipsum,
3461 3755 3702 3836 ubique
3751 3763 3921 3818 tutus

2431 3850 2558 3914 eris
2594 3869 2609 3914 t
2643 3851 2797 3933 quia
2827 3851 3155 3915 humilitas
3185 3853 3354 3936 parit
3382 3853 3699 3931 timorem,
3735 3854 3923 3918 timor

2431 3949 2858 4028 securitatem,
2894 3969 3037 4032 quae
3073 3951 3352 4015 custodit
3379 3951 3670 4015 salutem.
3703 3951 3921 4026 Quaeso

2431 4056 2516 4125 te,
2563 4067 2829 4130 sequere
2869 4051 2974 4131 jus
3015 4069 3378 4127 commune,
3418 4052 3588 4132 quod
3633 4051 3924 4134 praecipit

2431 4157 2502 4210 ut
2532 4149 2596 4211 in
2627 4149 2870 4233 judicio
2900 4168 3030 4214 non
3073 4149 3186 4212 uni
3224 4151 3538 4228 credatur,
3575 4169 3692 4213 nec
3730 4149 3920 4213 alicui

828 4255 887 4312 et-
920 4243 1076 4310 alibi
1106 4241 1341 4308 dicitur
1375 4259 1390 4307 ε
1422 4241 1651 4306 Curam
1694 4242 1857 4306 habe
1892 4244 1971 4307 de
2008 4242 2181 4307 bono
2210 4261 2322 4307 no-
2352 4250 2402 4312 D
2429 4247 2642 4311 minus
2669 4267 2862 4330 quam
2895 4248 3019 4311 sibi
3051 4249 3171 4332 ipsi
3202 4250 3283 4312 de
3310 4249 3520 4312 bonis,
3553 4249 3925 4313 Immodera·

828 4343 1033 4413 mine:
1069 4341 1372 4424 itemque,
1404 4339 1625 4404 Melius
1664 4347 1758 4402 est
1806 4358 2037 4405 nomen
2078 4341 2318 4404 bonum

825 4459 1019 4526 quiam
1060 4433 1383 4520 untiuenta
1420 4437 1719 4522 pretiosa.
1762 4438 1995 4520 ltaque,
2029 4439 2084 4502 si
2128 4438 2320 4502 homo

824 4539 1175 4606 delectetur
1220 4536 1285 4600 in
1324 4535 1495 4602 bona
1532 4535 1703 4601 fama
1742 4537 1821 4602 de
1860 4537 2000 4622 ipso
2038 4538 2314 4611 volante,

826 4637 891 4704 in
941 4645 1253 4722 quantum
1310 4633 1479 4699 fama
1532 4633 1643 4699 illa
1690 4643 1781 4698 est
1831 4636 1913 4700 ad
1964 4637 2071 4700 Dei
2122 4637 2319 4703 bono-

822 4755 984 4807 rem.
1026 4731 1653 4816 mlifieationemque
1696 4733 2167 4817 proximorum:
2209 4735 2320 4800 bo-

822 4853 903 4900 na
950 4843 1040 4898 est
1086 4831 1424 4898 delectatio
1468 4830 1603 4906 illa,
1652 4833 2001 4916 pra-sertim
2048 4833 2101 4899 si
2149 4834 2314 4898 fama

822 4951 969 4998 vera
1002 4933 1109 4996 sit.
1146 4929 1211 4994 Si
1252 4937 1465 4994 autem
1500 4929 1853 4996 delectetur
1886 4929 1951 4994 in
1984 4929 2154 4996 fama
2179 4952 2313 5005 sua.

822 5031 887 5096 iu
912 5037 1223 5114 quantuni
1254 5027 1455 5092 estad
1484 5027 1583 5092 sni
1614 5027 1819 5112 ipsius
1848 5027 2318 5101 honoremlau-

820 5129 965 5194 dem
994 5135 1053 5192 et
1083 5125 1525 5194 minmodum:
1556 5145 1721 5190 vana
1758 5137 1849 5190 cst
1896 5127 2039 5190 talis
2072 5128 2312 5199 laetitia.

822 5237 881 5294 et
914 5226 1191 5292 maximo
1220 5225 1275 5288 si
1308 5223 1475 5288 fania
1504 5224 1585 5288 sit
1622 5223 1801 5290 falsa.
1836 5225 1937 5290 Sic
1966 5225 2318 5311 hypocrita·

822 5333 881 5390 et
910 5323 1019 5390 alii
1052 5321 1237 5388 multi
1266 5321 1665 5387 delectantur
1694 5323 1759 5386 in
1798 5343 1911 5388 sua
1944 5323 2135 5390 fama.
2169 5326 2316 5392 Pro-

2431 4354 2491 4410 te
2534 4365 2684 4428 ergo
2733 4355 2794 4411 te
2837 4347 3134 4428 diligenS,
3170 4347 3592 4430 injustissime
3637 4347 3752 4411 tibi
3791 4367 3923 4411 cre-

2428 4445 2562 4508 deS.
2594 4445 2752 4508 Aliis
2782 4445 2975 4525 igitur
3015 4447 3204 4510 crede
3231 4446 3312 4510 de
3341 4453 3426 4523 te,
3461 4447 3812 4529 praesertim
3843 4447 3920 4510 de

2427 4541 2613 4605 malis
2659 4543 2806 4606 tuiS.

2507 4640 2666 4704 ilinc
2695 4641 3030 4704 subditur:
3060 4645 3186 4710 Qm·
3213 4645 3442 4720 abjicit
3467 4646 3916 4722 disciplinam,

2427 4737 2490 4800 id
2535 4747 2632 4800 est
2674 4737 3194 4804 informationem
3237 4749 3300 4803 et
3343 4741 3810 4824 correptionem
3845 4762 3919 4805 ac

2423 4835 2660 4918 justam
2691 4838 3483 4919 castigationem‚despt‘cit
3500 4843 3800 4903 animam
3821 4863 3922 4902 su-

2425 4957 2560 5003 am,
2582 4935 2644 4998 id
2687 4945 2805 5012 est,
2839 4937 3388 5019 contemptibilem
3423 4955 3564 5000 eam
3604 4937 3762 5001 facit
3791 4939 3920 5004 Deo

2423 5041 2484 5096 ct
2517 5033 2816 5098 omnihus
2847 5033 3094 5097 Sanctis
3122 5036 3298 5117 ejus:
3331 5039 3684 5114 qm'autem
3701 5042 3922 5118 acqui·

2422 5134 2576 5192 ‹xwtt
2617 5135 3520 5211 e·n‹·1·ep‹m·‹me·e›eaes‚poesoesor
3553 5145 3644 5196 (ωε
3679 5139 3920 5208 cordis,

2426 5231 2490 5293 id
2519 5237 2637 5296 est.
2671 5250 2828 5294 sano
2861 5231 3128 5294 rationis
3163 5232 3410 5313 iudicio
3449 5232 3673 5313 fulget,
3707 5243 3772 5298 et
3799 5255 3920 5299 suo

2423 5327 2752 5394 intellectu
2779 5329 3124 5394 salubriter
3151 5329 3374 5404 utitur,
3407 5339 3622 5414 atque,
3657 5341 3724 5394 ut
3755 5351 3922 5397 asse-

4047 1292 4118 1348 3¹
