4284 6267
172 1974 239 2029 10

178 2572 238 2625 11

180 3368 245 3421 12

184 4240 245 4297 13

98 4316 113 4333 ‘
130 4317 344 4366 praterea

181 4939 246 4995 u

992 524 1345 571 ENARRATIO
1388 524 1452 571 m
1494 524 1631 571 CAP.
1669 526 1779 571 vm
1820 526 1979 572 Ltmu
2022 526 2380 575 SAPIENTIAE'.
2425 550 2506 561 —
2548 531 2688 575 ΛΒΤ.
2725 532 2831 577 VIII

3339 510 3458 574 503

360 691 529 755 nabo
558 712 703 756 cum
738 714 836 773 eo,
870 705 933 761 et
967 698 1104 780 ipse
1138 716 1413 759 mecum.
1455 699 1676 757 Sciens
1705 718 1857 777 quo·
1886 694 1937 757 A
1968 698 2224 763 ritative
2260 719 2332 761 66
2371 699 2642 764 discrete
2681 702 2758 763 ad
2801 702 3088 765 subditos
3127 720 3230 764 me
3266 700 3460 763 babe-

359 794 547 853 niam
588 815 835 857 mecum
876 798 1379 858 communicabit
1420 799 1499 856 de
1540 798 1741 864 bonis,
1794 796 1855 858 id

358 900 474 966 est,
518 892 690 955 dona
740 894 960 975 gratiae
1008 914 1139 957 suae
1184 895 1343 957 mihi
1394 894 1756 969 distribuet,
1795 903 1858 957 et

358 990 780 1073 spiritualiter
810 1013 917 1057 me
945 994 1175 1057 ditabit
1211 1012 1224 1056 :
1256 994 1410 1075 quia
1438 1003 1681 1075 quanto
1712 993 1857 1075 quis

359 1088 767 1171 frequentius
797 1099 861 1155 et
888 1088 1309 1155 affectuosius
1343 1091 1545 1173 ipsam
1576 1100 1859 1155 contem-

360 1188 594 1270 platur,
630 1196 695 1251 et
725 1190 784 1253 ei
816 1208 885 1253 se
912 1189 1213 1273 applicat,
1248 1197 1423 1254 tanto
1456 1190 1602 1272 plus
1631 1190 1860 1254 crescit

359 1286 425 1349 in
458 1288 651 1351 donis
680 1288 921 1370 ipsius3
954 1299 1012 1349 et
1040 1290 1166 1369 erit
1197 1291 1501 1350 allocutio
1530 1291 1860 1367 coyitatio-

358 1389 465 1448 nis
491 1397 553 1448 et
587 1389 772 1449 taedii
789 1390 939 1461 mei,
964 1386 1030 1451 id
1061 1396 1179 1465 est,
1204 1406 1320 1450 sua
1349 1387 1768 1469 inspiratione
1798 1394 1858 1450 et

361 1485 791 1551 illustratione
835 1486 1251 1567 cogitationes
1301 1504 1473 1548 meas
1522 1485 1753 1567 diriget
1799 1493 1861 1547 et

363 1584 685 1666 purgabit,
742 1604 1012 1667 meaque
1072 1584 1258 1648 taedia
1313 1584 1751 1647 consolabitur
1798 1592 1861 1647 et

360 1683 660 1748 excludet
700 1702 715 1747 ε
760 1683 1065 1765 quoniam
1118 1684 1258 1764 ejus
1306 1681 1632 1745 irradiatio
1677 1703 1861 1745 mun-

361 1782 490 1857 dat,
527 1781 862 1859 exhilarat,
898 1802 972 1845 ac
1011 1781 1234 1862 dirigit
1272 1789 1574 1857 mentem,
1608 1790 1667 1844 et
1698 1800 1861 1844 vana

362 1888 556 1961 atque
590 1880 992 1961 phantastica
1027 1879 1208 1959 ejicit
1249 1879 1457 1943 taedia.

444 1981 702 2039 Habebo
723 1990 992 2056 propter
1019 1980 1189 2039 hanc
1218 1979 1584 2039 claritatem
1616 1981 1703 2039 ad
1735 1988 1865 2039 tur-

362 2078 493 2148 bas,
538 2075 605 2137 id
650 2084 767 2152 est,
817 2094 1065 2156 magnae
1105 2075 1525 2158 reputationis
1564 2095 1635 2138 ac
1678 2074 1865 2139 famae

362 2191 471 2235 ero
506 2170 677 2235 inter
706 2171 1021 2248 homineS,
1049 2180 1309 2255 propter
1338 2171 1717 2254 sapientiam
1751 2171 1867 2234 mi-

364 2271 429 2333 hi
478 2270 764 2334 infusam
808 2292 846 2334 a
877 2270 1201 2353 Sapientia
1240 2272 1555 2349 increa1a3
1586 2282 1646 2332 et
1676 2274 1867 2332 hono-

362 2392 499 2431 rem
520 2374 699 2448 apud
727 2372 1041 2432 seniores:
1060 2370 1213 2451 quia
1241 2389 1349 2433 eos
1379 2370 1489 2450 qui
1522 2369 1589 2431 in
1621 2368 1867 2451 sapien-

366 2468 453 2531 tia
481 2468 653 2531 clare
687 2467 1093 2551 praefulgcnt,
1114 2478 1412 2551 reputant
1441 2468 1861 2532 honorandos,

361 2569 637 2631 Iuvenis
671 2577 731 2629 et
770 2577 999 2628 acutus
1038 2568 1345 2627 inveniar
1384 2569 1457 2627 in
1480 2568 1769 2643 judicic,
1803 2565 1866 2628 id

364 2674 459 2728 est
492 2665 827 2744 vigorosus
858 2672 921 2727 et
951 2664 1205 2726 subtilis
1236 2666 1314 2727 ad
1344 2664 1757 2746 judicandum
1790 2663 1869 2726 de

366 2764 577 2828 causis
628 2763 821 2827 etiam
871 2764 1129 2841 arduis3
1175 2772 1233 2823 et
1276 2766 1346 2824 in
1387 2773 1720 2840 conspectu
1761 2781 1870 2839 po-

368 2866 647 2927 tentium
680 2864 1097 2924 admirabilis
1134 2882 1267 2932 er0,
1296 2872 1356 2923 et
1394 2862 1594 2939 facies
1625 2862 1871 2937 princi-

362 2983 525 3041 pum
574 2962 1000 3023 mirabuntur
1048 2981 1147 3021 me
1191 2982 1213 3020 .·
1257 2960 1321 3022 id
1374 2968 1491 3033 est,
1544 2957 1868 3040 principes

1966 798 2258 878 b0,quod
2291 798 2564 862 libenter
2594 800 2894 863 obedient
2921 800 3102 863 mihi.
3127 802 3460 862 Timebunt

1967 917 2064 957 me
2106 900 2444 959 audientes
2485 920 2658 975 reyes
2699 902 3030 973 horrendi,
3076 899 3139 961 id
3181 906 3300 975 cst,
3345 916 3459 958 au-

1965 994 2200 1058 diendo
2229 995 2730 1077 profunditatem
2766 998 3105 1062 verborum
3144 1014 3456 1069 meorum,

1966 1093 2331 1175 concipient
2360 1096 2844 1159 reverentialem
2873 1115 2946 1158 ac
2976 1094 3460 1160 formidolosum

1967 1190 2273 1254 affectum
2323 1192 2401 1254 ad
2451 1212 2553 1255 me
2605 1211 2618 1255 ε
2672 1194 3208 1275 quemadmodum
3257 1192 3462 1255 Nabu-

1966 1289 2366 1354 chodonosor
2423 1310 2531 1354 rex
2589 1291 3174 1368 metuendissimu8‚
3225 1289 3460 1354 auditis

1966 1388 2180 1451 verbis
2223 1390 2424 1452 sancti
2469 1390 2771 1467 DanieliS,
2807 1390 3153 1473 prostravit
3189 1410 3278 1465 56,
3314 1390 3462 1452 ado-
3501 1410 3755 1459 vamme.

1968 1486 2262 1567 ravitque
2317 1506 2487 1550 eum.
2540 1492 2624 1551 Et
2670 1492 2740 1550 in
2794 1490 3218 1551 multitudine
3265 1490 3462 1549 bonus

1969 1587 2230 1645 videbor
2260 1607 2282 1645 .·
2313 1586 2375 1648 id
2407 1594 2524 1664 est,
2558 1595 2688 1649 tam
2726 1588 3048 1670 sapienter
3077 1595 3141 1650 et
3177 1587 3345 1669 iuste
3373 1586 3464 1649 lo-

1970 1702 2154 1763 quar,
2199 1684 2371 1764 quod
2398 1686 2628 1747 ‘omnes
2667 1685 2998 1748 audientes
3043 1704 3166 1762 me,
3213 1692 3466 1767 reputa-

1970 1782 2132 1844 bunt
2163 1801 2266 1844 me
2296 1782 2688 1862 virtuosum3
2711 1794 2770 1845 et
2789 1786 2863 1845 in
2885 1786 3042 1845 bello
3065 1784 3296 1863 fortis:
3313 1782 3467 1863 quia

3589 810 3656 864 15

1898 1882 1944 1942 Β
1970 1880 2049 1942 ad
2097 1880 2569 1962 praevalendum
2613 1880 3052 1944 invisibilibus
3083 1901 3158 1945 ac
3198 1880 3468 1943 visibili-

1972 1979 2092 2042 bus
2153 1978 2443 2041 hostibus
2499 1978 2820 2062 praecipue
2870 1980 3038 2042 valet
3087 1978 3401 2060 sapientia
3447 1997 3460 2040 ε

1974 2096 2117 2159 quae
2150 2075 2304 2140 facit
2334 2077 2657 2141 hominem
2698 2078 2990 2141 ordinate
3022 2078 3364 2159 procedere
3394 2096 3466 2139 ac

1973 2175 2197 2240 divino
2228 2175 2415 2238 inniti
2455 2176 2716 2253 auxilio,
2750 2175 3268 2257 custoditumque
3301 2194 3462 2253 esse,

1974 2282 2037 2338 et
2070 2274 2534 2338 consideranda
2570 2275 2996 2338 considerare.
3032 2274 3191 2337 Hinc
3230 2274 3296 2336 in
3323 2274 3467 2337 Pro-

1974 2373 2213 2436 verbiis
2267 2373 2508 2436 dictum
2545 2380 2640 2435 est
2675 2391 2688 2435 ε
2721 2374 2877 2437 Cum
2915 2371 3334 2455 dispositione
3372 2372 3468 2434 in·
3497 2384 3758 2439 Pron-xxiv.

1977 2471 2104 2534 itur
2151 2470 2432 2551 bellum3
2479 2478 2542 2534 et
2578 2471 2810 2547 denuo,
2843 2470 3303 2534 Gubernaculis
3345 2479 3469 2533 tra·
3496 2449 3763 2564 {⁸⁶54ssst

1976 2569 2204 2633 ctanda
2237 2576 2384 2631 sunt
2415 2568 2606 2632 bella.

2056 2669 2361 2732 Praeterea
2389 2669 2605 2733 omnia
2635 2669 2756 2731 ista
2790 2667 3050 2731 fuerunt
3083 2669 3162 2731 ad
3191 2667 3469 2731 litteram

1978 2767 2044 2830 in
2090 2767 2428 2831 Salomone
2478 2767 2816 2849 completa,
2852 2776 3112 2850 propter
3159 2765 3471 2829 excellen-

1978 2865 2131 2929 tiam
2165 2864 2494 2947 sapientiae
2528 2866 2688 2946 ejus,
2723 2864 2862 2941 Qui,
2898 2874 2968 2927 ut
3006 2864 3194 2928 'tertio
3230 2864 3469 2943 Regum

1978 2972 2043 3027 et
2085 2964 2365 3027 secundo
2419 2962 2943 3045 Paralipomenon
2991 2963 3244 3043 legitur,
3290 2961 3472 3024 undi-

366 3062 550 3141 signa
580 3059 1025 3123 admirationis
1056 3060 1134 3122 de
1164 3058 1511 3123 eminentia
1541 3057 1869 3140 sapientiae
1905 3057 1950 3120 C
1977 3081 2105 3144 que
2154 3060 2624 3124 famosissimus
2672 3069 2808 3123 erat
2843 3078 2856 3121 :
2893 3060 2983 3122 ita
3026 3059 3198 3141 quod
3247 3077 3469 3122 omnes
3528 3078 3764 3133 mamm
3819 3088 3826 3093 ·

368 3178 527 3223 meae
571 3158 912 3221 ostendent
957 3158 1023 3219 in
1069 3158 1251 3221 vultu
1300 3175 1437 3231 suo,
1475 3175 1543 3219 se
1592 3155 1867 3219 invicem

366 3279 441 3323 66
490 3277 595 3320 me
648 3274 789 3319 cum
844 3263 1151 3338 apparatu
1208 3255 1480 3319 attonito
1537 3254 1863 3320 intuendo.

377 3363 713 3421 Tacentem
748 3374 843 3415 me
870 3356 1299 3422 sustinebunt,
1326 3353 1389 3415 id
1419 3361 1536 3430 est,
1555 3352 1871 3434 patienter

374 3455 587 3519 ferent
624 3460 689 3516 et
730 3452 1291 3533 praestolabuntur,
1327 3469 1662 3533 quousque
1694 3448 1871 3530 loqui

370 3552 709 3636 incipiam,
756 3558 864 3616 aut
917 3550 1183 3613 verbum
1227 3550 1653 3632 interruptum
1699 3566 1871 3610 resu-

370 3670 583 3731 mam3
616 3660 675 3711 et
720 3654 1083 3731 loquentem
1130 3671 1224 3711 me
1267 3650 1631 3727 respicient,
1677 3645 1871 3712 verba

371 3750 709 3834 sapientias
758 3767 916 3811 meae
970 3747 1463 3827 diligentissime
1509 3746 1872 3809 auscultan-

370 3854 475 3925 do,
510 3866 851 3930 meamque
898 3847 1263 3911 facundiam
1310 3865 1382 3909 ac
1422 3844 1713 3928 peritiam
1764 3845 1873 3907 ad-

370 3949 701 4027 mirand03
742 3957 802 4008 et
840 3948 1309 4008 sermocinante
1345 3965 1446 4005 me
1475 3948 1704 4023 plura,
1739 3964 1875 4004 ma-

374 4070 496 4110 nus
543 4048 649 4108 ori
684 4066 799 4108 suo
845 4047 1202 4124 imponent,
1234 4043 1297 4105 id
1346 4051 1462 4119 cst,
1516 4041 1693 4122 loqui
1746 4059 1872 4104 non

374 4153 783 4230 praesument,
827 4143 1022 4206 verba
1063 4160 1203 4205 mea
1245 4139 1790 4221 interrumpendo.

1978 3178 2159 3241 reges
2188 3178 2302 3242 per
2332 3177 2559 3241 gyrum
2586 3158 3031 3222 desiderabant
3055 3158 3299 3223 vultum
3328 3158 3471 3239 ejus
3499 3139 3768 3253 &gr-{2³22

1978 3258 2369 3340 conspicere,
2406 3266 2468 3321 et
2507 3258 2702 3321 verba
2745 3256 3075 3339 sapientiai
3117 3256 3256 3337 ejus
3299 3254 3473 3318 audi·
3501 3268 3656 3319 κεῦ-

1978 3377 2067 3433 re,
2101 3355 2604 3436 deferebantque
2633 3356 2692 3419 ei
2725 3373 3011 3431 munera,
3032 3362 3093 3417 et
3123 3353 3152 3415 f
3155 3361 3385 3417 uerunt
3412 3354 3471 3417 ei

1979 3452 2276 3534 subjecti.
2307 3452 2426 3516 Sed
2470 3462 2534 3515 et
2573 3461 2830 3515 sanctus
2859 3451 2974 3514 Job
3011 3450 3112 3514 vir
3140 3450 3475 3532 sapientis-

1980 3551 2180 3614 simus
2208 3558 2495 3627 testatur,
2532 3550 2664 3613 haec
2709 3567 2936 3629 magna
2971 3568 3046 3611 ex
3090 3556 3269 3631 parte
3304 3567 3474 3612 com-

1979 3650 2152 3732 pleta
2200 3648 2267 3711 in
2318 3667 2408 3725 se,
2458 3648 2679 3711 dicens
2729 3665 2742 3709 :
2789 3647 2855 3709 In
2908 3647 3117 3728 platea
3165 3646 3473 3728 parabant
3527 3658 3767 3709 saeuus.

1978 3748 2342 3811 cathedram
2398 3746 2579 3808 mihi.
2631 3744 2955 3827 Principes
3001 3745 3334 3808 cessabant
3382 3745 3473 3808 lo-
3499 3724 3614 3767 ⁹⁴¹·

1978 3846 2114 3928 qui,
2167 3854 2230 3909 et
2276 3845 2548 3927 digitum
2599 3842 3117 3927 superponebant
3164 3842 3259 3906 ori
3317 3861 3468 3921 suo;

1980 3963 2200 4007 vocem
2243 3962 2421 4006 suam
2462 3942 2848 4006 cohibebant
2886 3941 3120 4019 duces3
3163 3940 3336 4003 auris
3365 3958 3474 4003 au-

1980 4042 2166 4105 diens
2206 4040 2620 4105 beatificabat
2660 4058 2784 4103 me.

2060 4144 2139 4202 In
2151 4150 2331 4201 trans
2363 4141 2436 4201 in
2468 4142 2733 4201 domum
2771 4158 3003 4207 meam,
3034 4138 3474 4217 conquiescam
3603 4139 3670 4195 16

453 4248 807 4323 Propterea
830 4244 853 4268 *
884 4243 1115 4301 habebo
1136 4260 1257 4317 per
1286 4242 1472 4307 hanc,
1496 4240 1875 4299 immortali·
1908 4242 1954 4307 D
1980 4258 2130 4299 cum
2159 4240 2280 4299 illa
2311 4258 2334 4297 .·
2366 4237 2430 4299 id
2461 4245 2578 4313 est,
2614 4244 2758 4317 post
2796 4235 3244 4317 occupationes
3274 4241 3476 4297 exter-

376 4353 596 4412 tatem,
627 4340 689 4403 id
720 4348 840 4417 est,
876 4339 1172 4401 increatae
1208 4336 1549 4419 Sapientia>
1582 4353 1691 4398 ero
1725 4354 1875 4399 con-

371 4442 635 4524 junctus
676 4438 743 4499 in
783 4436 913 4501 vita
952 4436 1093 4513 hac,
1129 4454 1245 4517 per
1282 4433 1609 4497 caritatem
1656 4433 1875 4497 vitam-

373 4558 500 4621 que
531 4536 772 4619 gratiae,
792 4544 858 4599 et
888 4535 953 4597 in
988 4533 1225 4609 futur0,
1253 4552 1366 4615 per
1394 4532 1591 4597 vitam
1621 4532 1871 4613 gloriae3

370 4649 433 4699 et
476 4637 857 4699 memoriam
904 4643 1211 4696 oeternam
1259 4634 1383 4700 his,
1428 4633 1545 4711 qui
1586 4641 1728 4709 post
1776 4651 1876 4691 me

372 4739 596 4815 futuri
624 4744 805 4803 sunt,
834 4733 1229 4811 relinquam,
1260 4730 1326 4793 id
1363 4738 1481 4803 est,
1527 4730 1593 4791 in
1643 4730 1875 4794 saeculo

375 4835 501 4897 isto
530 4852 644 4915 per
670 4828 1155 4912 generationum
1187 4827 1623 4891 successiones
1652 4846 1760 4890 ero
1792 4826 1875 4890 fa-

375 4951 594 4996 mosus
624 4947 831 5011 usque
864 4926 932 4989 in
974 4925 1192 4991 saeculi
1231 4924 1457 4988 finem.
1493 4927 1872 5003 Disponam,

376 5034 443 5097 id
473 5040 591 5109 est,
617 5048 855 5111 regam,
880 5025 1215 5102 ordinabo,
1239 5024 1550 5101 erudiam,
1565 5028 1836 5102 populos
1850 5046 1874 5085 .·

374 5135 456 5198 ad
501 5148 777 5214 quorum
817 5124 1346 5209 gubernationem
1398 5122 1475 5185 fit
1522 5122 1713 5186 homo
1764 5141 1876 5203 per

377 5230 709 5314 sapientiai
753 5223 1169 5292 eminentiam
1206 5221 1525 5304 praecipuc
1562 5229 1783 5301 aptus3
1817 5230 1877 5281 et

380 5330 674 5389 nationes
706 5327 871 5387 mihi
892 5332 1087 5385 erunt
1105 5322 1377 5383 subditae
1397 5340 1420 5379 .·
1442 5318 1594 5399 quia
1626 5326 1749 5380 tam
1782 5336 1879 5381 ca-

1984 4355 2121 4411 1165,
2170 4335 2495 4398 redeundo
2541 4333 2620 4395 ad
2677 4332 2888 4397 cordis
2934 4331 3176 4414 proprii
3235 4331 3478 4395 discus-

1982 4434 2252 4510 sionem,
2283 4441 2476 4514 atque
2523 4431 2892 4511 ingrediens
2936 4429 3169 4494 mentis
3216 4428 3479 4492 cubicu-

1982 4533 2139 4607 lum,
2160 4529 2565 4593 conscientiae
2597 4528 2961 4605 thalamum,
2983 4526 3342 4603 ecclesiam,
3363 4545 3476 4589 seu

1981 4628 2436 4692 habitationem
2469 4627 2770 4709 quietam,
2789 4625 3026 4689 vacabo
3058 4644 3171 4708 per
3201 4632 3477 4689 contem-

1982 4726 2355 4809 plationem,
2391 4745 2538 4788 cum
2577 4724 2800 4804 grandi
2849 4723 3334 4805 tranquillitate,
3369 4722 3476 4785 Sa-

1983 4824 2244 4908 pientiae
2303 4824 2627 4898 increatae,
2687 4831 2751 4885 ct
2807 4822 2888 4885 ab
2945 4821 3121 4885 omni
3180 4818 3474 4883 exteriori

1982 4922 2254 5004 strepitu
2286 4940 2358 4985 ac
2391 4919 2669 4983 tumultu
2699 4919 3022 5001 quiescam
3055 4920 3121 4981 in
3151 4920 3272 4983 hoc
3304 4918 3476 4983 inva-

1983 5019 2196 5084 riabili
2237 5018 2894 5100 tranquillissimoque
2934 5016 3207 5098 objecto,
3239 5016 3306 5078 in
3346 5034 3475 5098 quo

1984 5117 2119 5183 solo
2164 5124 2259 5180 est
2303 5135 2426 5197 pax
2467 5116 2739 5198 pectoris
2774 5122 2993 5179 sancta
3030 5134 3106 5177 ac
3153 5113 3468 5177 salutaris.

1985 5218 2069 5279 De
2110 5233 2239 5297 quo
2282 5213 2441 5276 dixit
2478 5214 2834 5297 Propheta:
2871 5212 2935 5274 ln
2975 5231 3130 5294 pace
3170 5211 3238 5273 in
3271 5210 3335 5273 id
3380 5210 3474 5292 ip-
3529 5230 3736 5277 pestus.

1987 5334 2127 5379 sum
2161 5312 2496 5390 dormiam,
2531 5321 2594 5375 et
2635 5310 3050 5393 requiescam.
3085 5310 3240 5373 Hinc
3268 5309 3476 5390 loqui-
