4284 6267
830 488 951 552 478

1500 503 1850 551 numano
1890 502 1955 549 m
1995 502 2135 551 cAP.
2181 502 2244 547 lv
2283 500 2443 548 mn!
2483 500 2840 548 sumnum.
2885 522 2968 532 —
3006 503 3147 549 Aur.
3191 502 3255 549 Ν

828 686 1291 744 consummata,
1343 680 1603 754 longam
1648 676 1852 736 vitam
1904 675 2143 750 injusti
2185 694 2210 733 .·
2258 671 2325 734 id
2357 672 2406 735 A
2438 690 2573 750 cuS,
2625 681 2688 736 et
2742 680 3102 756 portaretur
3149 672 3230 737 ab
3284 671 3526 753 ange-lis
3583 669 3650 733 in
3705 670 3918 733 sinum

825 784 943 851 est,
978 777 1185 857 justus
1232 774 1297 836 in
1342 774 1677 857 juventute
1722 772 2087 849 defunctuS,
2141 780 2206 833 et
2253 771 2321 833 in

826 874 1047 955 paucis
1074 873 1261 935 annis
1291 873 1357 935 in
1382 872 1729 938 virtutibus
1758 870 2159 947 exercitatuS,
2181 888 2324 933 con-

824 971 1084 1034 demnat
1110 970 1316 1035 modis
1346 970 1664 1054 praetactis
1694 988 1915 1033 senem
1946 969 2258 1051 injustum
2300 986 2315 1031 :

827 1070 1014 1133 sicuti
1048 1078 1111 1133 et
1141 1068 1451 1133 scholaris
1479 1069 1607 1133 cito
1638 1068 1911 1131 multum
1944 1066 2316 1151 proficienS,

824 1168 1165 1233 confundit
1211 1169 1321 1231 diu
1381 1168 1917 1250 frequentantem,
1973 1173 2037 1230 et
2091 1184 2314 1249 parum

828 1266 929 1332 vel
975 1266 1137 1330 nihil
1188 1266 1659 1351 proficientem.
1705 1263 1839 1341 Quo
1884 1263 2119 1331 etenim
2173 1262 2320 1346 quis

825 1366 1067 1428 diutius
1118 1365 1299 1442 vivit,
1351 1383 1427 1429 eo
1481 1362 1909 1427 damnabilior
1957 1372 2075 1434 est,
2129 1362 2184 1425 si
2241 1360 2320 1424 ad

827 1464 1095 1527 virtutes
1127 1482 1256 1527 non
1300 1462 1514 1544 attigit
1544 1480 1559 1525 ε
1594 1461 1945 1545 praesertim
1976 1480 2178 1544 quum
2209 1459 2321 1523 alii

829 1562 1073 1626 similes
1122 1562 1205 1640 ei,
1239 1560 1308 1625 in
1344 1561 1523 1625 brevi
1568 1550 1850 1644 tempore
1895 1568 2138 1623 tantum
2180 1577 2326 1641 pro-

830 1660 1122 1725 fecerint.

637 1770 704 1828 17
928 1762 1244 1822 Videbunt
1282 1762 1459 1821 eni-m
1495 1763 1695 1837 finem
1734 1758 2073 1837 sapienti&
2104 1757 2171 1819 id
2201 1763 2317 1834 est,

2434 771 2724 835 Abrahoe.

2527 874 2848 941 Quoniam
2889 875 3252 950 disrumpet
3295 874 3439 933 illos
3480 873 3742 946 inflatos
3781 890 3805 929 .·
3855 867 3918 929 id

2431 978 2548 1047 est,
2573 970 2736 1033 Deus
2762 970 2995 1034 avellet
3021 971 3269 1033 animas
3299 988 3518 1033 eorum
3562 988 3600 1031 a
3627 967 3760 1030 suis
3787 985 3924 1031 cor·

2431 1069 2694 1150 poribus
2732 1069 2998 1133 omnino
3034 1068 3435 1133 discruciatis
3469 1076 3535 1132 et
3577 1068 3747 1130 intus
3783 1084 3922 1129 cor-

2431 1168 2660 1249 ruptis.
2705 1166 2808 1232 Sic
2852 1168 3096 1251 quippe
3145 1187 3258 1251 per
3305 1166 3461 1231 Osee
3509 1165 3791 1247 loquitur
3841 1163 3920 1227 de

2433 1265 2674 1348 iniquis
2709 1285 2724 1329 t
2757 1266 3092 1330 Occurram
3123 1266 3218 1330 eis
3247 1274 3318 1329 ut
3344 1285 3492 1335 ursa
3525 1264 3722 1348 raptis
3753 1271 3921 1327 catu·
3949 1274 4206 1326 Omma.

2434 1364 2546 1445 lis3
2578 1366 2941 1449 dirumpam
2971 1365 3277 1430 interiora
3313 1383 3558 1442 eorum,
3591 1372 3654 1427 et
3701 1381 3922 1426 consu-

2433 1484 2603 1527 mam
2649 1482 2758 1527 eos
2807 1472 2878 1527 ut
2923 1464 3024 1528 leo
3051 1464 3192 1546 (qui
3236 1472 3416 1528 erant
3460 1462 3673 1525 inflati
3705 1478 3923 1544 super·

2435 1563 2588 1644 bia).
2641 1562 2716 1625 Et
2773 1563 2894 1627 hoc
2939 1562 3130 1626 faciet
3185 1562 3492 1627 Dominus
3536 1564 3679 1622 sine
3725 1578 3918 1622 voce:

2434 1662 2738 1744 quoniam
2779 1660 2960 1745 impii
2995 1660 3060 1722 in
3092 1660 3228 1725 fine
3255 1660 3561 1743 vitae-prae
3592 1658 3920 1722 debilitate

2435 1769 2764 1843 nequeunt
2792 1760 3006 1842 loqui3
3039 1769 3104 1824 et
3145 1760 3212 1821 in
3252 1759 3496 1842 judicio
3539 1757 3920 1842 respondere

831 1858 1056 1940 injusti
1094 1858 1448 1941 adspicient
1481 1858 1725 1939 justum
1765 1866 1967 1920 morte
2005 1875 2324 1939 praeoccu-
2359 1852 2406 1917 B
2435 1878 2563 1923 non
2614 1859 2829 1923 valent
2872 1860 3020 1935 Dee,
3063 1876 3180 1922 nec
3226 1876 3447 1921 vocem
3495 1854 3919 1919 excusationis

831 1965 1072 2038 patum,
1132 1975 1390 2039 suaeque
1446 1956 1592 2020 vitae
1650 1955 2027 2036 terminum3
2076 1966 2135 2017 et
2191 1976 2318 2017 non

830 2057 1199 2133 intelliyent
1238 2058 1402 2136 quid
1438 2055 1818 2133 coyitaverit
1858 2057 1938 2115 de
1982 2056 2097 2115 illo
2127 2058 2320 2123 Deus,

832 2153 896 2216 id
939 2161 1057 2231 est,
1090 2172 1205 2217 cur
1234 2152 1587 2217 decreverit
1626 2172 1773 2217 eum
1806 2152 1893 2215 ita
1922 2152 2320 2228 subtrahere,

830 2260 893 2315 et
938 2259 1243 2334 quantam
1288 2250 1557 2332 gloriam
1604 2250 1757 2314 velit
1796 2250 1854 2313 ei
1896 2250 2213 2328 conferre,
2263 2260 2324 2311 et

830 2372 1033 2431 quare
1080 2351 1393 2413 minuerit
1442 2351 1637 2410 illum
1688 2350 2031 2417 Dominus,
2074 2348 2141 2411 id
2202 2356 2318 2427 est,

832 2466 1023 2530 quam
1054 2446 1137 2510 ob
1165 2466 1420 2511 causam
1453 2445 1839 2511 breviaverit
1869 2446 2003 2509 dies
2032 2446 2192 2528 ejus.
2225 2449 2326 2508 Vi-

828 2550 1068 2607 debunt
1086 2546 1329 2626 justum
1359 2544 1451 2608 sic
1482 2553 1818 2621 mortuum,
1836 2555 1896 2606 et
1924 2555 2325 2607 contemnent

826 2666 1001 2714 eum,
1032 2643 1214 2726 quasi
1246 2643 1522 2707 inaniter
1550 2641 1778 2706 vixerit
1804 2643 1991 2725 juste,
2014 2642 2165 2725 quia
2196 2651 2324 2705 tam

826 2743 955 2807 cito
998 2741 1321 2806 beneficio
1370 2741 1515 2807 vitae
1572 2742 1861 2824 privatus
1908 2750 2027 2819 est,
2080 2760 2198 2805 nec
2242 2740 2325 2804 ab

827 2841 1085 2923 injustis
1123 2842 1374 2903 videtur
1411 2840 1749 2903 distinctus
1791 2839 1859 2902 in
1904 2848 2130 2904 morte.
2165 2840 2324 2905 Hine

639 2468 705 2523 18

533 2967 797 3021 10⁶2..,4‚5‚
820 2948 892 3003 et
920 2940 988 3002 in
1010 2939 1126 3003 Job
1159 2939 1390 3020 legitur
1423 2956 1437 3001 :
1472 2937 1803 3002 Deridetur
1832 2938 1986 3019 justi
2018 2936 2324 3019 simplici-

832 3046 946 3116 tas,
982 3037 1226 3120 lampas
1274 3044 1638 3118 contempta
1686 3037 1857 3119 apud
1904 3036 2322 3116 cogitationes
2357 3038 2404 3103 C
2437 3050 2670 3101 mentes
2700 3040 2765 3102 in
2798 3040 3028 3122 poeniS‚
3063 3058 3180 3103 nec
3209 3036 3712 3102 consolationem
3748 3036 3924 3101 inve-

827 3137 1117 3214 divitum,
1138 3155 1343 3219 usque
1372 3136 1450 3199 ad
1482 3144 1732 3217 tempus
1762 3134 2178 3219 praei'initum.
2203 3135 2324 3199 Un-

828 3236 907 3299 de
953 3234 1257 3299 Dominus
1316 3254 1429 3317 per
1465 3234 1838 3316 Prophetam
1888 3233 2124 3297 talibus
2173 3252 2323 3297 con-

532 3361 798 3413 uolutus,
829 3332 1253 3415 temptoribus
1291 3331 1576 3414 loquitur
1619 3349 1633 3393 :
1673 3331 2081 3397 invaluerunt
2130 3350 2322 3414 super

535 3428 673 3475 ¹245.

557 4184 578 4205 ⁶
596 4181 799 4227 deciden-

534 4240 599 4280 tes

828 3450 931 3494 me
980 3430 1177 3495 verba
1226 3438 1456 3507 vestra,
1509 3438 1573 3493 et
1610 3429 1860 3494 dixistis
1904 3447 1919 3493 ε
1962 3429 2178 3494 Vanus
2225 3436 2324 3492 est

824 3528 938 3610 qui
984 3528 1182 3591 servit
1222 3528 1492 3591 Domino
1526 3545 1541 3592 ε
1574 3546 1727 3611 ergo
1765 3546 1935 3592 nunc
1971 3526 2191 3592 beatos
2228 3526 2324 3589 di-

822 3626 1029 3689 cimus
1058 3633 1445 3706 arrogantes,
1470 3624 1789 3708 siquidem
1818 3624 2116 3689 aedificati
2145 3632 2318 3688 suut.

824 3722 1063 3787 [dcirco
1092 3722 1505 3805 subjungitur
1541 3739 1556 3785 :

908 3824 1061 3883 Illos
1089 3832 1307 3883 autem
1334 3822 1653 3903 Justorum
1690 3829 2162 3903 contemptores
2201 3824 2324 3883 Do-

830 3923 1048 3982 minus
1078 3922 1425 3981 irridebit:
1458 3919 1623 3981 sicut
1652 3917 1721 3981 in
1748 3918 1995 3983 Psalmo
2025 3920 2318 3997 habetur,

570 4048 769 4097 p„..‚4,
826 4017 943 4092 Qui
973 4017 1219 4081 habitat
1248 4016 1317 4079 in
1346 4016 1525 4080 coelis
1557 4016 1847 4080 irridebit
1870 4035 2001 4081 θος.
2021 4020 2108 4079 Et
2126 4028 2323 4081 erunt

634 4112 701 4167 49
818 4126 964 4193 post
1006 4118 1141 4178 hoee
1185 4118 1549 4177 decedentes
1577 4118 1600 4141 '⁸
1644 4117 1787 4177 sine
1833 4119 2069 4177 honore
2108 4137 2132 4177 .·
2172 4135 2318 4179 nam

826 4320 990 4389 rent,
1024 4320 1088 4375 et
1134 4310 1481 4393 magnifice
1528 4312 1939 4394 sepeliantur,
1976 4321 2187 4376 tamen
2226 4332 2322 4378 eo-

826 4429 969 4473 rum
998 4410 1228 4474 animae
1256 4408 1827 4475 confusibilissime
1857 4411 2316 4495 tractabuntur3

823 4519 884 4571 et
923 4512 996 4571 in
1032 4512 1422 4571 contumelia
1464 4511 1638 4570 inter
1674 4519 1955 4571 mortuos
1987 4512 2062 4571 in
2090 4532 2318 4590 perpe-

826 4618 1039 4678 tuum,
1075 4608 1140 4671 id
1178 4616 1295 4684 est,
1338 4607 1477 4672 sine
1508 4606 1643 4671 fine
1672 4606 1739 4670 in
1778 4607 1911 4670 suis
1949 4609 2313 4691 opprobriis

823 4706 992 4770 inter
1042 4708 1348 4791 reprobos
1405 4706 1891 4789 permanebunt.
1943 4707 2028 4771 De
2072 4708 2310 4791 quibus

528 4826 791 4880 emam,
821 4804 1059 4867 dicitur
1100 4803 1169 4867 in
1214 4804 1462 4868 Psalmo
1509 4823 1523 4868 ε
1571 4804 1747 4867 Sicut
1786 4804 2099 4869 vulnerati
2160 4807 2304 4871 dor-

821 4902 1092 4966 mientes
1122 4903 1189 4964 in
1221 4902 1554 4985 sepulcris,
1582 4920 1858 4985 quorum
1894 4922 2023 4967 non
2070 4922 2139 4967 es
2178 4924 2306 4969 me-

822 5018 962 5065 mor
999 5000 1298 5084 ampliuS.
1328 5000 1488 5064 Hinc
1523 5000 1714 5064 etiam
1753 4999 1958 5064 fertur
1987 5002 2067 5066 de
2109 5003 2310 5067 divite

527 5126 793 5181 Lama,
821 5098 1049 5163 vitioso
1082 5115 1097 5161 :
1129 5096 1408 5163 Mortuus
1444 5106 1540 5163 est
1568 5098 1769 5177 dives,
1801 5106 1863 5162 et
1890 5100 2181 5183 sepultus
2209 5110 2308 5165 est

820 5196 889 5259 in
917 5195 1193 5261 inferno.
1223 5196 1495 5261 Econtra
1523 5205 1736 5262 autem
1764 5198 1844 5262 de
1874 5198 2107 5263 Lazaro
2132 5200 2309 5281 justo

576 5315 767 5364 mam.
820 5293 1055 5359 dicitur
1084 5314 1099 5361 ε
1134 5294 1394 5359 Factum
1428 5303 1527 5360 est
1560 5304 1635 5360 ut
1666 5305 2018 5362 moreretur
2056 5298 2304 5363 mendi-

2433 1958 2722 2022 emittere
2759 1976 2773 2021 :
2809 1958 2982 2039 quia,
3006 1966 3077 2020 ut
3103 1956 3193 2019 ait
3221 1956 3582 2039 ApostoluS,
3607 1956 3923 2017 inexcusa-
3967 1968 4215 2016 nomaso.

2433 2054 2597 2119 biles
2636 2064 2804 2132 sunt,
2830 2056 2940 2138 qui
2973 2075 3172 2138 quum
3209 2054 3656 2136 cognovissent
3691 2053 3915 2129 Deum,
3951 2032 4028 2075 ²¹·

2433 2173 2563 2218 non
2608 2156 2774 2219 sicut
2817 2156 3016 2218 Deum
3058 2152 3606 2235 glorificaverunt.
3642 2154 3728 2214 Ec
3761 2172 3924 2212 com-

2434 2257 2706 2317 movebit
2741 2257 2888 2316 illos
2928 2276 2971 2315 a
3011 2253 3490 2332 fundamentis,
3520 2250 3586 2313 id
3627 2258 3745 2328 est,
3783 2248 3924 2311 fun·

2433 2351 2606 2414 ditus
2650 2350 2918 2433 agitabit
2955 2359 3019 2414 et
3066 2348 3334 2425 auferet,
3387 2357 3452 2412 et
3494 2346 3574 2410 ab
3623 2347 3924 2409 omnibus

2435 2450 2645 2526 rebus,
2697 2449 2932 2531 quibus
2977 2448 3163 2531 quasi
3214 2446 3646 2510 fundamentis
3697 2444 3924 2507 innite-

2436 2548 2688 2626 bantur,
2722 2547 2902 2611 tollet
2948 2566 3058 2611 eos
3099 2566 3170 2611 ac
3214 2545 3486 2625 dividet3
3513 2554 3575 2606 et
3603 2565 3800 2624 usque
3835 2546 3926 2604 ad

2432 2666 2832 2725 supremum,
2862 2646 2928 2708 id
2967 2654 3064 2709 est
3101 2644 3396 2719 maxime,
3437 2646 3919 2713 desolabuntur,

2435 2753 2562 2807 tam
2603 2746 2669 2808 in
2713 2753 2937 2822 morte,
2972 2763 3165 2826 quam
3196 2744 3262 2806 in
3300 2752 3534 2807 aeterna
3571 2741 3924 2804 damnatio-

2436 2863 2516 2907 ne
2559 2862 2572 2909 :
2621 2843 2788 2907 sicut
2832 2850 3123 2908 cantatur
3169 2842 3236 2904 in
3283 2841 3553 2918 Psalmo,
3597 2839 3922 2914 Quomodo
3995 2856 4216 2905 Pam-1.

2434 2940 2586 3005 facti
2635 2950 2786 3004 sunt
2831 2941 2898 3004 iu
2936 2941 3437 3005 desolationem?
3472 2942 3556 3001 Et
3591 2948 3783 2999 erunt
3821 2958 3925 3016 ρει
3956 2925 4028 2965 ¹⁹·

2433 3137 2633 3215 nient,
2657 3147 2728 3201 ut
2755 3145 3003 3201 constat
3030 3138 3109 3201 de
3139 3134 3491 3217 divite‚.qui
3523 3153 3639 3198 nec
3675 3140 3922 3216 guttam
4007 3154 4118 3197 zue.
4143 3167 4215 3201 sn.

2431 3255 2611 3317 aquae
2649 3237 2855 3319 potuit
2905 3236 2973 3299 in
3021 3243 3482 3299 tormentorum
3531 3252 3790 3298 suorum
3833 3233 3924 3294 in·
3955 3218 4108 3260 ²⁴⁴⁶·

2431 3335 2660 3399 cendio
2690 3335 3052 3417 impetrare.
3084 3332 3152 3397 ln
3181 3333 3418 3416 quibus
3450 3332 3610 3395 illud
3637 3331 3926 3395 Ieremias

2432 3433 2706 3496 maxime
2744 3433 3178 3517 adimpletur:
3212 3433 3384 3497 Dabo
3427 3450 3537 3496 eos
3580 3432 3646 3494 in
3687 3430 3926 3494 vexati-
3989 3444 4213 3493 seam.

2433 3550 2644 3609 onem,
2679 3540 2742 3596 et
2783 3531 3320 3609 maledictionem,
3368 3539 3433 3607 et
3478 3539 3827 3613 stuporem,
3859 3538 3926 3593 et
3957 3514 4116 3561 ¹⁸·¹⁹·

2435 3630 2716 3708 sibilum,
2750 3639 2814 3693 et
2859 3628 3276 3712 opprobrium
3328 3628 3812 3711 sempiternum,
3841 3646 3920 3691 eo

2434 3728 2604 3809 quod
2643 3746 2773 3793 non
2811 3728 3129 3791 audierint
3158 3728 3355 3791 verba
3383 3746 3546 3791 mea.
3583 3730 3665 3791 Et
3693 3746 3926 3789 ’πεπισ-

2433 3829 2540 3887 ria
2591 3847 2812 3889 eorum
2852 3828 3093 3905 peribit
3143 3848 3166 3887 .·
3210 3826 3390 3908 juxta
3445 3824 3607 3888 illud
3666 3824 3731 3886 in
3777 3822 3919 3899 lob,

2430 3924 2725 3989 Memoria
2782 3934 2992 3988 vestra
3037 3924 3509 4007 comparabitur
3565 3923 3808 4003 cineri3
3859 3932 3922 3985 et
3953 3940 4042 3985 ,τοι
4061 3942 4210 4005 mu

2433 4023 2608 4101 item,
2641 4023 2800 4086 Laus
2829 4024 3175 4106 impiorum
3215 4022 3428 4087 brevis
3459 4032 3586 4104 est3
3627 4040 3700 4085 ac
3738 4020 3918 4099 alibi,
3956 4040 4207 4086 motas

2432 4121 2672 4185 Nomen
2710 4121 3056 4204 impiorum
3098 4129 3440 4204 putrescet.
3975 4138 4208 4187 mas.

828 4213 1120 4296 quamvis
1182 4214 1249 4276 in
1298 4214 1511 4276 medio
1557 4213 2065 4297 propinquorum
2114 4214 2321 4298 exspi-
2349 4220 2401 4285 D
2527 4222 2792 4283 Venient
2821 4224 2894 4281 in
2923 4222 3311 4297 coqitatione
3333 4229 3742 4298 peccatorum
3777 4240 3924 4280 suo—
4055 4231 4126 4287 20

2428 4340 2581 4381 rum
2605 4320 2844 4391 timidi,
2871 4317 2935 4382 id
2962 4326 3073 4395 est,
3098 4336 3174 4381 ex
3203 4337 3492 4381 remorsu
3515 4317 3926 4381 conscientias

2427 4426 2492 4480 et
2517 4416 3028 4481 consideratione
3058 4435 3318 4481 suorum
3351 4434 3746 4493 excessuum,
3772 4434 3920 4478 cum

2425 4514 2856 4579 inaestimabili
2905 4514 3130 4579 timore
3173 4514 3395 4579 divino
3433 4514 3922 4597 praesentabun-

2424 4622 2531 4675 tur
2586 4612 2848 4695 judicio.
2898 4613 3082 4676 Juxta
3130 4613 3300 4696 quod
3348 4612 3416 4675 in
3471 4612 3590 4677 Job
3632 4611 3915 4693 legitur:

2420 4710 2730 4794 Angustia
2759 4710 3024 4775 vallabit
3053 4710 3342 4794 impium,
3367 4711 3534 4775 sicut
3561 4728 3772 4791 regem
3801 4709 3918 4793 qui
3949 4732 4042 4777 ,τοι
4059 4745 4128 4783 xv,
4149 4732 4208 4773 ιι,

2421 4816 2681 4892 paratur
2735 4810 2814 4872 ad
2871 4809 3198 4892 praelium3
3248 4817 3314 4873 et
3371 4828 3590 4872 rursus
3641 4808 3914 4885 ibidem,

2423 4904 2677 4970 Sonitus
2707 4907 2968 4970 terroris
3018 4907 3086 4969 in
3128 4906 3393 4970 auribus
3437 4906 3643 4989 impii.
3675 4907 3764 4968 Et
3793 4914 3920 4967 tra·
3981 4928 4184 4973 man.

2420 5008 2654 5067 ducent
2700 5007 2845 5067 illos
2879 5026 2960 5067 ex
3011 5009 3277 5069 adverso
3325 5006 3706 5087 iniquitates
3755 5006 3914 5083 ipso-

2421 5124 2572 5166 rum
2609 5103 2729 5167 :id
2773 5111 2891 5182 est,
2944 5112 3204 5187 propter
3244 5112 3504 5186 peccata
3553 5121 3670 5166 sua
3718 5101 3919 5165 abdu-

2419 5210 2645 5265 centur
2685 5218 2973 5266 seorsum
3010 5222 3048 5265 a
3079 5202 3378 5267 societate
3421 5201 3816 5278 Sanctorum,
3849 5208 3915 5263 et
3951 5257 4192 5303 „mm

2417 5297 2888 5365 constituentur
2925 5300 3007 5364 ad
3045 5300 3392 5383 judicantis
3437 5300 3784 5377 sinistram,
3823 5306 3914 5361 at-
3945 5325 4016 5367 ⁸³.
4193 5286 4206 5305 '
