4284 6267
822 491 937 558 120
1432 512 1783 560 tumulo
1824 512 1889 560 m
1929 511 2069 559 car.
2114 511 2264 558 xvm
2307 513 2789 562 rnovnnmontm.
2832 533 2914 544 -
2955 513 3095 561 aar.
3140 514 3290 560 xvm

820 689 1202 758 mensurate,
1226 701 1353 746 non
1385 685 1745 748 excedendo
1776 685 2164 763 notabiliter,
2185 705 2308 748 ma·
2336 683 2387 746 A
2421 685 2634 750 timori
2665 686 3050 771 sapientiali.
3075 690 3160 750 Et
3183 689 3241 748 si
3265 689 3694 768 compresserit
3723 686 3900 747 labia

820 779 917 860 gis
957 788 1064 843 aut
1094 781 1309 844 minus
1351 801 1542 863 quam
1584 783 1767 847 decet
1801 783 2160 866 loquend03
2193 787 2305 845 do·
2341 828 2350 836 -
2415 805 2562 856 sua,
2595 786 3003 868 reprimendo
3033 805 3107 849 ea
3136 806 3173 849 a
3201 785 3553 867 prolatione
3581 789 3902 865 conceptae

814 889 953 940 ctus
1000 889 1060 940 et
1100 885 1392 959 prudens
1439 893 1550 943 est.
1602 882 1832 946 Doctus
1890 891 1985 946 est
2041 883 2213 946 enim
2271 904 2309 947 a
2418 883 2783 962 locutionis,
2819 904 2899 949 ne
2946 894 3236 968 erumpat
3285 884 3351 946 in
3400 883 3646 960 stolida,
3682 901 3903 964 super-

818 977 1054 1060 Spiritu
1091 977 1341 1057 Sancto,
1375 980 1624 1043 etiamsi
1666 981 2085 1045 litteraturam
2128 981 2308 1062 igno·
2419 982 2556 1046 flua
2599 992 2708 1046 aut
2755 983 3231 1067 impertinentia
3271 982 3463 1049 verba
3499 1000 3513 1044 :
3548 1001 3688 1064 quae
3729 999 3901 1044 com-

817 1085 911 1139 ret
952 1094 966 1138 :
1002 1085 1224 1159 estque
1264 1079 1575 1142 discretus
1606 1088 1669 1142 et
1698 1099 1943 1160 magnae
1972 1079 2309 1162 perfectio·
2417 1083 2662 1165 pressio
2709 1081 2931 1145 multis
2980 1081 3274 1146 difficilis
3323 1088 3440 1160 est,
3491 1081 3666 1162 juxta
3714 1079 3894 1156 illud,

522 1196 785 1247 Juvanua.
820 1174 1111 1256 niS‚quia
1140 1175 1195 1238 si
1229 1177 1374 1258 quis
1403 1177 1471 1240 in
1502 1178 1696 1242 verbo
1727 1196 1854 1241 non
1888 1178 1957 1242 of
1962 1178 2308 1256 fendit,hic
2416 1182 2804 1263 Conceptum
2835 1201 3193 1246 sermonem
3220 1190 3434 1244 tenere
3461 1179 3604 1261 quis
3633 1178 3899 1262 poterit?
3957 1197 4062 1241 ,τοι
4081 1211 4146 1246 ιν,
4169 1198 4210 1237 2.

822 1272 1141 1356 perfectus
1182 1285 1276 1338 est
1316 1277 1437 1338 vir.
1464 1278 1620 1340 Hinc
1661 1277 1727 1339 in
1768 1278 2127 1342 Proverbiis
2173 1281 2307 1342 suis
2417 1279 2593 1343 Unde
2618 1280 2682 1342 in
2701 1280 3145 1344 Ecclesiastico
3166 1278 3678 1359 legiturzSagitta
3699 1276 3901 1339 infixa
3958 1300 4224 1348 aeciam.

819 1372 1058 1436 Seneca
1102 1373 1404 1454 scripsit:
1446 1375 1656 1457 Imago
1697 1376 1897 1439 animi
1934 1385 2030 1440 est
2072 1397 2301 1442 sermo.
2419 1377 2646 1442 femori
2693 1379 2892 1457 caniS,
2937 1379 3028 1442 sic
3069 1379 3334 1444 verbum
3374 1377 3438 1440 in
3486 1378 3673 1441 corde
3719 1374 3896 1438 stulti
3930 1365 4004 1405 ¹²·

818 1469 1032 1545 Qualis
1084 1471 1201 1548 vir,
1240 1472 1383 1536 talis
1431 1481 1494 1536 et
1537 1474 1737 1538 oratio
1768 1475 1861 1556 (id
1908 1485 2003 1539 est
2042 1476 2309 1558 locutio)
2421 1477 2838 1559 reputabitur.
2873 1480 3271 1555 Intelliyens.
3295 1477 3453 1539 Hinc
3481 1476 3646 1558 apud
3674 1473 3786 1537 Job
3814 1473 3902 1536 di-

817 1569 995 1651 ejus;
1041 1571 1346 1652 itemque,
1382 1572 1551 1635 Tene
1593 1593 1845 1656 semper
1891 1575 2067 1638 vocis
2116 1584 2178 1639 et
2227 1577 2309 1638 si·
2420 1576 2586 1639 citur
2621 1597 2634 1640 :
2669 1576 2920 1639 Utinam
2951 1577 3263 1652 tacerem,
3300 1584 3370 1638 ut
3399 1573 3780 1658 putaremini
3809 1591 3902 1634 es·
3944 1594 4044 1638 Joe
4067 1596 4221 1642 ιιι-,5.

818 1668 999 1731 lentii
1029 1677 1725 1753 temperamentumE'c
1746 1676 2018 1751 pretiosi
2035 1678 2308 1753 spiritus
2417 1696 2484 1738 se
2516 1676 2858 1759 sapientes,
2891 1676 2966 1739 Et
2999 1675 3236 1739 Seneca
3261 1682 3648 1740 contestatur
3679 1691 3693 1734 :
3728 1673 3904 1736 Taci-

818 1769 924 1827 vir
952 1770 1270 1831 eruditu&
2417 1775 2688 1838 turnitas
2721 1774 2911 1838 stulto
2939 1774 3184 1838 homini
3216 1793 3331 1856 pro
3360 1771 3670 1856 sapientia
3695 1772 3904 1835 est.Et

617 1869 689 1924 28
896 1869 1155 1928 Stultus
1181 1871 1503 1949 quoquest·
1525 1873 1795 1932 tacuerit
1818 1870 1983 1934 inter
2011 1873 2306 1936 homines
2344 1872 2390 1933 B
2415 1874 2688 1957 Cyrillus
2720 1874 2784 1935 in
2819 1873 2952 1936 suis
2993 1873 3082 1936 ait
3109 1872 3464 1937 Proverbiis
3499 1890 3514 1934 ε
3549 1871 3785 1934 Avarus
3813 1870 3901 1932 sis

814 1965 1273 2046 colloquenteS‚
1307 1970 1565 2045 sapiens
1602 1972 2033 2046 reputabitur,
2077 1971 2141 2034 id
2185 1980 2302 2049 est,
2416 1972 2618 2046 verbi,
2654 1980 2719 2035 et
2747 1973 2894 2035 audi
2929 1972 3222 2035 libenter.
3258 1972 3384 2035 Hoc
3411 1979 3506 2034 est
3535 1969 3704 2052 quod
3729 1968 3905 2031 Jaco-

816 2071 1123 2143 quantum
1156 2065 1235 2127 ad
1265 2065 1407 2141 hoc,
1426 2065 1670 2148 aliquid
1702 2067 2031 2149 sapientiae
2055 2068 2307 2132 videtur
2414 2071 2534 2133 bus
2564 2071 2653 2132 ait
2688 2071 3013 2152 apostolus
3049 2089 3062 2132 :
3098 2070 3191 2134 Sit
3226 2079 3436 2133 autem
3475 2067 3681 2132 omnis
3710 2068 3902 2131 homo
3931 2085 4096 2129 sama
4111 2100 4142 2135 ι,
4161 2088 4222 2127 19.

814 2163 1210 2244 praetendere
1248 2170 1312 2225 et
1355 2163 1607 2242 habere,
1643 2185 1715 2228 ac
1758 2164 2007 2247 signum
2059 2168 2308 2249 sapien·
2415 2171 2600 2233 velox
2648 2170 2725 2232 ad
2775 2170 3188 2247 audiendum,
3225 2171 3440 2232 tardus
3489 2186 3639 2232 vero
3685 2168 3764 2230 ad
3810 2165 3903 2229 lo-

568 2271 717 2316 Ecele-
739 2286 782 2325 x.
814 2260 917 2323 tiae
948 2260 1479 2344 possidere,quod
1514 2263 1605 2325 sic
1636 2264 2076 2328 tacet.Stultus
2104 2266 2303 2344 enim,
2414 2270 2764 2351 quendum.
2798 2268 2928 2332 Hoc
2957 2268 3107 2331 mali
3147 2276 3211 2331 et
3248 2267 3484 2350 garruli
3525 2284 3652 2329 non
3691 2265 3906 2328 obser-

521 2341 588 2383 ¹⁴·
816 2367 885 2421 ut
928 2358 1082 2421 alibi
1132 2359 1385 2438 legitur,
1429 2361 1622 2424 verba
1670 2362 2075 2445 multiplicat.
2130 2366 2308 2446 lgno-
2413 2377 2586 2431 vant.
2620 2367 2797 2442 Nam,
2833 2376 2904 2430 ut
2930 2367 3020 2429 ait
3048 2366 3406 2448 GregoriuS‚
3432 2364 3610 2429 Pravi
3641 2364 3804 2427 sicut
3835 2364 3902 2426 in

814 2466 1027 2522 rantes
1076 2477 1333 2540 quoque
1380 2460 1716 2523 stultitiam
1773 2461 1935 2543 ejuS‚
1991 2464 2307 2545 putabunt
2415 2486 2604 2529 sensu
2655 2474 2808 2528 sunt
2852 2466 3047 2543 leveS‚
3081 2466 3170 2528 ita
3211 2466 3277 2527 in
3320 2464 3638 2528 locutione
3686 2462 3906 2545 praeci-

813 2558 983 2639 quod
1030 2556 1285 2639 sapiens
1328 2557 1431 2632 sit,
1474 2577 1549 2622 eo
1591 2561 1762 2640 quod
1805 2569 2029 2639 taceat,
2069 2563 2306 2626 adscri-
2415 2564 2582 2648 pites
2618 2584 2632 2628 z
2672 2564 2825 2646 quia
2859 2566 3031 2647 quod
3070 2563 3232 2628 levis
3271 2583 3450 2627 mens
3489 2561 3782 2645 concipit,
3820 2560 3904 2625 le-

812 2653 1037 2716 bentes
1067 2654 1565 2718 taciturnitatem
1607 2655 1810 2740 ipsius
1850 2659 2201 2722 maturitati
2242 2667 2303 2722 et
2414 2663 2552 2728 vior
2583 2662 2802 2743 lingua
2829 2663 3121 2746 protinus
3150 2663 3381 2746 prodit.

1846 3089 2504 3178 ARTICULUS
2578 3093 2875 3178 XVIII

866 3356 1224 3405 ELucmATlo
1267 3359 1542 3408 GAPrruu
1584 3361 2015 3408 ocuvmncml
2058 3363 2071 3408 :
2120 3362 2489 3411 OCCASIONES
2533 3365 2792 3427 QUAERIT,
2835 3367 2937 3422 QUI
2981 3368 3132 3413 vum·
3172 3367 3484 3414 RECEDERE
3525 3368 3606 3414 AB
3647 3367 3855 3414 mco,

638 3661 665 3716 1
960 3640 1438 3706 CCASIONES
1464 3644 1722 3721 quoerit,
1754 3645 1870 3723 qui
1898 3647 2043 3704 vult
2070 3646 2310 3704 recede·
2345 3640 2389 3703 C
2418 3662 2640 3706 senum
2672 3647 2785 3726 qui
2823 3647 3158 3710 utilitatem
3201 3655 3555 3728 sectantur3
3587 3665 3758 3729 saepe
3791 3649 3912 3711 uti·

972 3759 1043 3799 re
1071 3741 1151 3800 ab
1178 3741 1386 3801 amico
1424 3739 1740 3822 spirituali
1772 3759 2023 3805 recessu
2052 3759 2066 3804 :
2094 3741 2157 3804 id
2189 3750 2305 3818 est,
2419 3743 2565 3805 liter
2596 3742 2933 3825 frangitur,
2965 3755 3154 3828 prout
3183 3747 3261 3810 de
3288 3747 3408 3809 hac
3447 3745 3711 3808 materia
3740 3755 3912 3809 octa—

815 3836 926 3917 qui
955 3839 1131 3920 cupit
1160 3839 1434 3902 amicum
1468 3839 1846 3922 relinquere,
1872 3849 1934 3904 et
1960 3840 2310 3904 amicitiam
2417 3861 2497 3906 vo
2527 3843 2888 3907 Ethicorum
2916 3845 3170 3927 plenius
3196 3852 3623 3928 pertractatur.
3637 3843 3731 3908 Sit
3760 3863 3911 3925 ergo

813 3934 952 4015 ejus
984 3934 1123 3999 sine
1148 3935 1320 4018 justa
1348 3937 1593 4001 ratione
1622 3938 1962 4016 dimittere,
1996 3939 2312 4021 excogitat
2416 3941 2696 4005 amicitia
2734 3953 2950 4007 nostra
2981 3953 3300 4008 constans
3335 3943 3570 4007 Verum
3609 3943 3774 4007 inter
3805 3942 3914 4006 ho·

814 4034 1160 4098 calumnias
1199 4045 1420 4100 contra
1457 4038 1757 4116 amicum,
1802 4048 1865 4102 et
1906 4039 2140 4120 allegat
2179 4057 2306 4102 non
2416 4041 2622 4104 mines
2652 4043 3047 4124 passionatos
3076 4051 3137 4104 et
3169 4042 3524 4118 iracundos,
3545 4061 3673 4106 non
3704 4050 3914 4124 potest

815 4151 1069 4196 causam
1100 4153 1215 4217 pro
1247 4155 1459 4198 causa.
1487 4141 1682 4201 Omni
1705 4147 1979 4216 tempore
1998 4139 2311 4199 ericeoese-
2416 4157 2555 4202 esse
2582 4141 2866 4203 amicitia
2896 4140 3165 4216 stabilis,
3199 4140 3352 4222 quia
3390 4139 3664 4204 faciliter
3701 4139 3914 4203 offen-

521 4239 790 4314 ·ffprobroe-
814 4233 1133 4307 crabz‘lis*,
1169 4233 1279 4315 qui
1307 4235 1428 4298 hoc
1457 4234 1612 4317 agit,
1641 4235 1765 4298 nisi
1796 4255 1943 4300 vere
1975 4237 2302 4319 poeniteat.‚
2416 4237 2578 4299 dunt
2634 4257 2706 4301 ac
2765 4237 3207 4314 offenduntur,
3257 4246 3449 4321 prout
3505 4237 3570 4300 in
3629 4239 3911 4302 secundo

521 4302 628 4347 Μ’*
815 4330 1119 4411 quoniam
1152 4332 1499 4396 amicitiam
1534 4333 1722 4397 falsat
1749 4353 1823 4398 ac
1855 4334 2051 4400 violat
2084 4352 2099 4397 :
2134 4337 2303 4417 quod
2415 4335 2837 4400 Collationum
2879 4337 3208 4401 volumine
3249 4337 3536 4420 plenarie
3573 4336 3911 4400 Cassianus

814 4437 988 4492 tanto
1038 4429 1223 4512 pejus
1270 4440 1367 4494 est
1414 4451 1605 4514 quam
1658 4432 1890 4496 falsare
1940 4433 2299 4516 pecuniam,
2415 4434 2738 4498 disseruit.
2774 4435 2916 4512 Sed,
2943 4445 3014 4498 ut
3053 4437 3256 4518 tangit
3283 4436 3725 4519 HieronymuS,
3749 4435 3913 4499 Vera

810 4536 1049 4610 quanto
1080 4529 1361 4592 amicitia
1389 4531 1617 4594 melior
1655 4539 1752 4594 est
1783 4551 1973 4613 quam
2005 4532 2298 4614 pecunia,
2414 4541 2508 4596 est
2539 4533 2650 4596 illa
2679 4533 2982 4612 amicitia,
3017 4543 3080 4597 et
3109 4534 3337 4598 Christi
3379 4533 3627 4615 glutino
3656 4533 3914 4616 copula-

808 4627 975 4690 sicut
1022 4635 1244 4693 octavo
1292 4628 1659 4693 Ethicorum
1718 4630 1807 4692 ait
1855 4631 2298 4714 Philosophus.
2414 4638 2496 4709 ta,
2532 4651 2723 4713 quam
2772 4651 2899 4696 non
2951 4632 3194 4694 utilitas
3245 4631 3334 4695 rei
3387 4631 3746 4709 familiariS,
3780 4651 3909 4695 non

805 4724 977 4788 Istud
1006 4734 1214 4789 tamen
1242 4727 1729 4808 intelligendum
1756 4737 1851 4792 est
1874 4730 1953 4792 de
1979 4749 2131 4792 vera
2155 4731 2304 4792 ami·
2412 4749 2749 4812 corporum
2778 4731 3113 4812 praesentia
3143 4739 3253 4793 aut
3277 4730 3594 4813 voluptaS‚
3613 4749 3740 4794 non
3773 4729 3913 4793 sub-

804 4823 970 4898 citia,
990 4843 1132 4905 quae
1165 4824 1230 4886 in
1262 4825 1429 4888 bono
1456 4824 1725 4890 honesto
1761 4825 2063 4890 fundatur
2090 4845 2103 4890 :
2135 4848 2296 4911 quae,
2333 4833 2382 4895 D
2410 4829 2556 4892 dola
2587 4837 2650 4891 et
2678 4829 2946 4910 palpans
2979 4829 3284 4906 adulatio,
3319 4845 3446 4892 non
3489 4828 3910 4893 conformitas

806 4930 877 4984 ut
908 4922 1155 4985 Tullius
1184 4922 1273 4985 ait
1303 4922 1371 4985 in
1401 4922 1567 4986 libro
1597 4925 1677 4988 de
1705 4924 2021 5002 Amicitia,
2042 4926 2179 4989 sola
2205 4936 2302 4990 est
2410 4926 2788 5005 vanitatum,
2823 4928 2933 4990 sed
2963 4927 3154 4991 timor
3195 4927 3324 5005 Dei,
3361 4927 3716 4991 similitudo
3745 4925 3911 4990 affe-

805 5017 1085 5082 amicitia
1118 5038 1269 5085 vera
1297 5039 1370 5083 ac
1400 5021 1701 5084 virtuosa.
1735 5021 1883 5097 Quae
1910 5031 2121 5086 autem
2157 5023 2302 5086 fun·
2409 5034 2628 5088 ctuum
2686 5027 2761 5089 ad
2822 5025 3088 5090 virtutes
3144 5045 3217 5089 ac
3273 5025 3637 5090 divinarum
3697 5025 3908 5088 studia

804 5117 991 5179 datur
1022 5117 1089 5179 in
1121 5117 1290 5182 bono
1320 5118 1707 5197 delectabili,
1733 5120 1943 5202 qualis
1974 5121 2134 5184 solet
2163 5141 2301 5186 esse
2405 5124 2878 5206 Scripturarum
2910 5124 3276 5187 conciliant.

804 5215 1089 5278 amicitia
1117 5216 1426 5298 juvenum
1460 5217 1570 5299 qui
1601 5219 1991 5301 voluptatem
2024 5239 2301 5303 sequun-
2489 5225 2634 5287 Non
2675 5225 2904 5300 recipit
2933 5227 3170 5284 stultus
3203 5225 3395 5283 verba
3416 5225 3817 5300 prudenciae,
3842 5223 3906 5285 id
4047 5241 4080 5294 2

807 5318 931 5390 tur,
964 5312 1067 5376 vel
1113 5313 1181 5375 in
1224 5313 1393 5380 bono
1437 5315 1602 5395 utili,
1637 5317 1845 5400 qualis
1884 5327 1979 5382 est
2017 5319 2300 5385 amicitia
2405 5327 2521 5399 est,
2553 5320 3100 5385 exhortationibus
3129 5328 3194 5384 et
3223 5319 3532 5385 doctrinis
3565 5320 3908 5404 sapientia-
