4284 6267
827 482 948 551 304

1447 505 1800 555 ENARRATIO
1843 507 1905 555 m
1948 508 2088 557 CAP.
2135 509 2157 554 1
2198 509 2437 558 CANTIC!
2481 514 2885 565 cmlconuu.
2932 539 3013 549 —
3052 520 3195 567 ΛΒΤ.
3241 520 3309 567 m

532 694 728 743 ιιωι,
753 694 795 736 ο.
825 675 994 738 enim
1031 678 1331 760 praecepit
1362 679 1548 743 nobis
1577 681 1905 757 DominuS‚
1945 682 2132 746 Posui
2166 692 2227 746 te
2258 682 2325 744 in
2356 684 2409 745 A
2436 688 2545 751 siae
2576 688 2645 750 in
2684 690 2817 752 suis
2857 692 3163 755 membris
3202 693 3547 775 aliquando
3586 704 3771 759 nocet
3814 694 3927 757 fri-

825 774 1031 839 lucem
1063 778 1381 856 gentibus,
1418 788 1486 841 ut
1516 779 1604 842 sis
1636 780 1806 843 salus
1836 800 1976 843 mea
2009 800 2214 863 usque
2242 781 2326 843 ad

826 872 1120 937 ultimum
1165 884 1366 939 terrae.
1421 880 1687 940 Vineam
1719 900 1924 941 meam
1958 900 2090 940 non
2122 890 2326 940 custo-

823 973 971 1032 divi
997 994 1020 1031 .·
1054 973 1116 1035 id
1147 982 1264 1052 est,
1299 975 1694 1058 Synagogam
1725 978 1884 1040 mihi
1915 978 2323 1041 commissam

825 1068 994 1149 juste
1043 1071 1274 1154 reliqui
1319 1091 1332 1135 ε
1383 1081 1446 1137 et
1493 1074 1635 1153 hoc,
1683 1085 1946 1158 propter
1991 1075 2327 1139 obstinati-

793 1185 1038 1247 ,onem‚
1091 1170 1529 1251 rebellionem,
1580 1182 1644 1236 et
1701 1173 2319 1255 incorrigibilitatem

575 1589 737 1634 naeth.
755 1602 796 1639 x,

535 1658 576 1705 ὅ,
597 1658 638 1699 θ.

552 1978 700 2023 Marc.
713 1988 798 2027 tw,

533 2046 599 2088 ¹³.

527 2669 628 2713 Aet.
645 2681 731 2720 vm,
755 2670 792 2712 l.

563 3176 682 3221 ma.
704 3190 789 3229 xm,

527 4259 679 4304 lem.
693 4274 734 4313 v,
747 4262 788 4305 2.

525 4359 653 4404 Rom.
671 4363 788 4411 xn‚8.

829 1266 1053 1349 ipsius.
1087 1270 1430 1337 Primitivae
1463 1292 1740 1355 namque
1771 1273 2092 1350 Ecclesiae,
2131 1274 2196 1337 id
2227 1282 2325 1337 est

825 1368 1145 1450 Apostolis
1177 1378 1479 1434 eteorum
1509 1371 1930 1452 adjutoribuS,
1942 1372 2132 1453 jussit
2154 1372 2324 1434 Chri-

829 1476 964 1531 stus
1012 1468 1220 1551 primo
1269 1471 1612 1553 praedicare
1666 1471 1918 1534 Judaeis.
1972 1472 2125 1534 Nam
2174 1481 2323 1535 ante

829 1567 1190 1650 passionem
1237 1589 1414 1633 suam
1457 1571 1759 1653 praecepit
1791 1589 1804 1633 :
1841 1572 1908 1633 In
1953 1572 2124 1634 viam
2172 1588 2323 1650 gen-

829 1666 988 1729 tium
1031 1687 1112 1731 ne
1148 1668 1468 1749 abieritis3
1503 1670 1612 1732 sed
1654 1670 1866 1752 potius
1907 1658 2000 1732 ite'
2032 1670 2111 1732 ad
2141 1687 2316 1747 oveS,

829 1784 971 1847 quae
1011 1768 1360 1850 perierunt,
1397 1769 1625 1832 domus
1671 1769 1880 1832 lsrael.
1927 1768 2073 1831 Post
2117 1787 2320 1831 resur-

2433 806 2551 867 gus
2574 807 2686 851 seu
2711 798 2928 872 torpor
2947 792 3383 875 exemplorum
3410 793 3753 858 malorum:
3772 812 3928 876 quo·

2434 885 2605 948 niam
2648 887 2813 951 sicut
2860 888 3063 972 frigus
3105 910 3219 953 seu
3258 891 3404 971 gelu
3444 891 3700 974 stringit
3728 900 3925 974 atque

2433 986 2813 1048 exterminat
2834 987 3038 1052 viueae
3066 988 3316 1067 florem,
3338 990 3431 1053 sic
3458 991 3697 1053 malum
3722 1010 3924 1054 exem·

2434 1081 2611 1162 plum
2638 1084 2848 1149 aufert
2872 1107 2911 1149 a
2934 1096 3152 1152 tenero
3182 1090 3374 1153 corde
3402 1098 3723 1173 conceptae
3744 1091 3931 1153 devo—

2434 1181 2625 1245 tionis
2670 1203 2973 1249 amorem.
3006 1187 3367 1269 Aliquando
3408 1189 3598 1253 etiam
3642 1190 3700 1252 ei
3744 1190 3933 1253 obest

2432 1288 2659 1344 ventus
2690 1283 3023 1348 diabolicae
3052 1287 3498 1367 suggestioniS,
3522 1290 3796 1351 adurens
3828 1308 3931 1351 re-

2435 1397 2545 1441 nes
2573 1382 2805 1445 mentis
2836 1392 2900 1446 et
2922 1384 3225 1466 corporis.
3246 1386 3481 1450 Nocere
3510 1388 3699 1450 etiam
3730 1387 3933 1449 maxi-

2431 1497 2534 1541 me
2574 1479 2735 1543 solet
2776 1482 3018 1560 grando
3069 1483 3361 1565 pessimae
3407 1485 3817 1549 detractionis
3860 1493 3931 1549 et

2429 1576 2872 1658 dissensioniS,
2898 1599 3039 1662 quae
3068 1582 3337 1664 dissipat
3368 1582 3593 1647 florem
3629 1583 3929 1648 fraternae

2428 1674 2807 1741 dilectionis.
2826 1678 3047 1743 Pluvia
3075 1698 3333 1763 quoque
3362 1700 3571 1763 pravae
3599 1683 3925 1759 doctrinas,

2428 1780 2491 1835 et
2531 1777 2972 1859 prosperitatis
3012 1779 3307 1856 assiduae,
3340 1781 3501 1844 solet
3534 1782 3927 1865 plerumque

828 1863 1175 1927 rectionem
1199 1884 1349 1929 vero
1374 1865 1675 1948 praecepit
1699 1866 1934 1929 eisdem
1963 1865 2312 1948 Apostolis:
2354 1870 2401 1932 B
2430 1880 2661 1937 statum
2718 1876 2951 1939 mentis
2998 1878 3362 1954 dissolvere,
3409 1888 3472 1943 et
3516 1881 3593 1943 ad
3644 1900 3925 1945 amorem

827 1961 1064 2026 Euntes
1097 1964 1160 2026 in
1200 1964 1512 2027 muudum
1552 1965 1946 2042 universum,
1978 1965 2318 2047 praedicate

825 2061 1238 2142 Evangelium
1280 2062 1456 2127 omni
1493 2072 1817 2127 creaturae.
1853 2063 2064 2127 Nihilo
2105 2064 2317 2126 minus

824 2160 1094 2225 intentio
1135 2162 1368 2225 Christi
1419 2162 1566 2240 fuit,
1616 2170 1685 2225 ut
1729 2162 1936 2226 adhuc
1984 2163 2192 2245 primo
2238 2163 2316 2226 ad

822 2269 1073 2343 tempus
1103 2260 1522 2343 praedicarent
1549 2261 1780 2325 Judaeis
1815 2279 1828 2323 ε
1862 2262 2032 2343 quod
2062 2270 2125 2325 et
2155 2279 2318 2344 pene

820 2379 935 2441 per
978 2360 1281 2423 tredecim
1335 2379 1535 2424 annos
1581 2358 1871 2423 fecerunt
1921 2378 2037 2443 pro
2087 2360 2315 2443 majori

823 2467 1000 2540 parte
1039 2458 1161 2539 ipsi
1200 2458 1459 2538 gloriosi
1495 2458 1802 2541 Apostoli,
1848 2477 2184 2540 quousque
2216 2457 2314 2521 di-

823 2556 942 2621 visi
975 2566 1144 2620 sunt.
1179 2558 1434 2621 Interim
1475 2565 1687 2621 tamen
1719 2576 1756 2620 a
1789 2565 2070 2640 tempore
2098 2577 2316 2640 perse-

821 2656 1096 2720 cutionis
1126 2656 1310 2721 factae
1339 2656 1458 2719 sub
1487 2657 1820 2739 Stephano,
1835 2656 1956 2719 sub
1983 2676 2108 2738 qua
2135 2657 2319 2738 (prae-

821 2772 918 2827 ter
972 2763 1335 2846 Apostolos)
1390 2782 1613 2828 omnes
1681 2762 1983 2844 discipuli
2055 2761 2317 2826 fuerunt

819 2862 1116 2946 dispersi,
1145 2869 1475 2945 coeperunt
1508 2880 1622 2944 per
1651 2870 1846 2925 totam
1873 2860 2195 2923 Galilaeam
2224 2870 2317 2923 at-

819 2980 944 3044 que
984 2960 1328 3025 Samariam
1370 2960 1736 3043 praedicare,
1772 2960 1937 3023 sicut
1979 2969 2042 3023 et
2082 2960 2313 3022 Paulus

2426 1974 2647 2035 mundi
2680 1974 3033 2039 reflectere.
3066 1976 3242 2039 Sicut
3270 1978 3626 2042 econtrario
3656 1981 3927 2062 prodest

2427 2073 2629 2137 vineae
2662 2074 2875 2140 suavis
2902 2094 3058 2138 aura
3083 2095 3231 2139 cum
3260 2076 3433 2139 dulci
3468 2095 3628 2153 rore,
3660 2079 3751 2141 sic
3780 2097 3929 2161 pro-

2426 2172 2565 2235 dest
2609 2172 2905 2237 Ecclesiae
2950 2193 3073 2255 pax
3120 2193 3267 2237 cum
3312 2175 3551 2242 salubri
3602 2194 3921 2241 sermone.

2423 2271 2739 2346 Praeterea,
2757 2272 2922 2335 sicut
2950 2272 3256 2337 vinitores
3281 2292 3409 2336 non
3436 2275 3803 2338 custodiunt
3830 2277 3927 2339 vi-

2425 2388 2597 2446 neas,
2617 2370 2726 2451 qui
2757 2390 2861 2433 eas
2891 2389 3019 2434 non
3051 2378 3298 2453 putant,
3326 2390 3451 2435 non
3482 2373 3917 2451 considerant,

2426 2487 2553 2532 non
2584 2468 2903 2547 excolunt,
2923 2488 3042 2532 nec
3073 2468 3352 2533 fructum
3383 2490 3459 2533 ex
3490 2471 3581 2534 eis
3614 2471 3917 2555 colligere

2424 2566 2785 2645 enituntur3
2820 2567 2907 2630 ita
2948 2568 3191 2649 praelati
3226 2570 3338 2650 qui
3383 2568 3509 2631 sibi
3554 2570 3918 2634 commissis

2426 2681 2653 2745 pravos
2693 2682 2921 2741 moreS,
2958 2664 3318 2727 inordinata
3350 2664 3686 2748 colloquia,
3720 2685 3921 2749 opera

2422 2760 2648 2825 illicita
2668 2780 2797 2826 non
2827 2762 3204 2844 praecidunt,
3227 2782 3345 2825 nec
3371 2762 3645 2845 qualiter
3674 2765 3917 2829 subditi

2422 2861 2591 2925 circa
2636 2863 2999 2926 divinorum
3048 2864 3517 2927 observantiam
3567 2874 3917 2948 praecepto-

2424 2980 2565 3024 rum
2595 2980 2662 3023 se
2692 2960 2987 3036 habeant,
3023 2960 3384 3041 intuentur3
3418 2980 3537 3025 nec
3568 2964 3919 3046 corripien—

817 3078 892 3123 ac
941 3059 1253 3123 Barnabas
1299 3058 1455 3123 alibi
1490 3076 1504 3121 ι
1539 3066 1815 3121 attamen
1861 3058 2096 3121 Judaeis
2139 3058 2313 3121 dum·
2347 3056 2390 3119 C
2422 3061 2524 3138 do,
2567 3060 2965 3141 corrigendo,
3007 3059 3420 3139 exhortando,
3464 3061 3769 3141 docendo,
3801 3063 3921 3126 ob-

820 3166 1007 3235 taxat‚
1061 3158 1225 3221 sicut
1273 3158 1339 3220 in
1378 3156 1641 3221 Actibus
1689 3157 2134 3239 Apostolorum
2185 3176 2315 3219 tna·

819 3256 1054 3320 nifeste
1096 3256 1376 3320 habetur.
1428 3256 1703 3319 Tandem
1747 3254 1978 3319 Judaeis
2025 3255 2312 3337 undique

817 3354 1165 3433 obduratis,
1185 3355 1264 3418 ad
1291 3352 1629 3435 gentilium
1658 3352 2142 3417 conversionem
2174 3372 2313 3437 pro-

820 3452 974 3517 fecti
1016 3461 1186 3516 sunt.

897 3552 1158 3635 lnsuper
1201 3550 1483 3615 Ecclesia
1521 3570 1598 3614 ex
1639 3569 1913 3634 persona
1954 3549 2308 3614 carnalium

816 3670 890 3714 ac
949 3650 1407 3732 negligentium
1464 3650 1868 3732 praelatorum
1928 3647 2140 3712 dicere
2198 3668 2309 3731 po-

818 3756 939 3811 test
965 3764 980 3809 z
1005 3751 1368 3811 Pes-uerunt
1397 3768 1495 3809 me
1523 3750 1844 3808 custodem
1875 3748 1948 3806 in
1979 3747 2225 3807 vineis:
2244 3746 2307 3808 id

817 3854 933 3921 est,
966 3846 1250 3909 Christus
1281 3853 1344 3909 et
1381 3846 1520 3927 ejus
1548 3843 1835 3927 Apostoli
1869 3852 2310 3927 praeccperunt

817 3944 999 4021 mihi,
1048 3963 1192 4007 cum
1243 3944 1415 4008 omni
1465 3942 1799 4024 diligentia
1847 3942 2188 4024 praesidere
2236 3961 2309 4006 ac

817 4042 1153 4125 providere
1182 4041 1672 4125 particularibus
1703 4040 2005 4104 Ecclesiis
2039 4040 2171 4103 Dei.
2208 4040 2308 4105 Sic

817 4158 1094 4221 namque
1137 4139 1436 4222 princeps
1477 4139 1922 4222 Apostolorum
1966 4137 2256 4202 hortatur
2290 4155 2305 4201 ε

2420 3160 2748 3236 secrando,
2780 3158 3251 3236 comminand0‚
3286 3167 3348 3221 et
3374 3160 3615 3224 orando
3649 3179 3766 3242 pro
3791 3162 3911 3237 eiS,

2420 3257 2766 3322 reformare
2812 3276 2919 3320 eos
2960 3264 3293 3333 conantur,
3348 3276 3555 3340 neque
3602 3258 3915 3342 exemplis

2420 3374 2629 3438 neque
2674 3356 2887 3421 verbis
2936 3362 3229 3435 satagunt
3279 3353 3555 3420 fructum
3599 3357 3910 3423 virtutum

2418 3459 2480 3513 et
2510 3450 2907 3533 spiritualem
2946 3450 3405 3531 assiduumque
3443 3449 3800 3533 profectum
3832 3472 3915 3516 ex

2420 3549 2576 3633 ipsis
2624 3550 2992 3631 producere,
3044 3566 3445 3629 nequaquam
3498 3558 3565 3611 ut
3612 3557 3915 3613 tenentur

2416 3649 2638 3714 vineas
2668 3646 2777 3710 Dei
2806 3646 3177 3711 commissas
3208 3646 3331 3710 sibi
3360 3647 3743 3711 custodiunt.
3766 3649 3912 3713 Ideo

2417 3746 2792 3827 sanguinem
2830 3744 3234 3828 pereuntium
3283 3744 3585 3809 Dominus
3629 3748 3913 3829 requiret
4007 3778 4195 3823 3:001.-

2417 3846 2498 3908 ab
2544 3844 2659 3907 eis.

2476 3944 2595 4007 Sed
2626 3941 2928 4025 quoniam
2962 3940 3288 4023 primitiva
3314 3940 3595 4006 Ecclesia
3622 3962 3659 4006 a
3680 3944 3911 4008 Judoeis

2417 4042 2723 4124 dispersa,
2756 4048 2819 4103 et
2848 4059 2962 4121 per
2996 4039 3418 4119 gentilitatem
3458 4041 3685 4120 divisa,
3720 4042 3913 4105 innu-

2418 4138 2757 4203 merabiles
2782 4138 3255 4221 persecutiones
3286 4138 3612 4217 sustinuit,
3648 4140 3816 4203 sicut
3844 4150 3912 4204 et

3939 3854 3969 3883 Ι
3976 3855 4091 3885 xxm

4098 3846 4233 3893 ,6,8.

817 4238 1078 4317 Pascite,
1120 4237 1232 4319 qui
1272 4238 1340 4299 in
1385 4236 1566 4303 vobis
1605 4246 1722 4315 est,
1754 4254 2013 4319 gregem
2055 4236 2188 4299 Dei.
2234 4237 2310 4299 Et
2339 4240 2387 4302 D
2415 4240 2647 4303 Paulus
2698 4238 2763 4301 in
2815 4237 2949 4299 suis
2996 4235 3285 4319 epistolis
3333 4238 3411 4300 de
3460 4257 3529 4300 se
3574 4237 3907 4321 patefecit,
3978 4275 4227 4327 neom„

817 4338 1044 4401 Paulus
1080 4355 1094 4400 :
1127 4337 1242 4413 Qui
1282 4346 1530 4420 praeest,
1565 4337 1631 4399 in
1669 4335 2128 4415 sollicitudine,
2167 4356 2311 4419 sup-

818 4437 945 4520 ple,
987 4435 1222 4519 praesit.
1266 4438 1530 4499 Vineam
1573 4457 1807 4507 meam,
1850 4435 1913 4497 id
1951 4443 2049 4498 est
2088 4434 2308 4498 vineas

816 4536 975 4598 mihi
1020 4535 1413 4613 commissaS,
1447 4555 1576 4597 non
1619 4536 1942 4596 custodivi
1973 4555 1995 4594 .·
2025 4552 2142 4616 per
2179 4533 2311 4596 sin-

809 4634 1030 4716 gulare
1072 4634 1487 4716 intelligendo
1533 4631 1803 4715 plurale,
1853 4641 1927 4695 ut
1971 4632 2170 4697 moris
2212 4640 2311 4695 est

813 4732 880 4795 in
929 4732 1294 4816 Scripturis.
1345 4732 1526 4796 Circa
1575 4732 1710 4795 haec
1757 4731 1849 4794 ait
1894 4731 2235 4794 Anselmus
2289 4748 2303 4793 :

811 4830 1352 4906 Quemadmodum
1393 4830 1599 4895 vineae
1637 4837 1910 4911 quatuor
1951 4830 2161 4893 modis
2206 4828 2308 4893 lae-

812 4933 1052 4994 duntur
1081 4930 1422 5013 praecipue,
1455 4928 1549 4992 sic
1578 4936 1812 4992 sanctas
1841 4927 2138 4993 Ecclesiae
2170 4928 2311 4993 toti-

811 5031 957 5095 dem
984 5030 1269 5107 adversa,
1301 5027 1576 5091 maxime
1604 5028 1671 5088 in
1713 5028 1846 5089 suis
1877 5026 2184 5090 membris
2224 5034 2311 5090 te-

815 5130 1007 5207 neriS,
1053 5128 1259 5193 solent
1295 5146 1545 5191 nocere.
1589 5126 1806 5190 Vineae
1843 5126 2081 5191 etenim
2126 5126 2312 5189 obest

814 5248 1110 5312 asperum
1143 5226 1452 5310 frigus,et
1481 5244 1673 5290 urens
1704 5234 1954 5305 ventus,
1976 5226 2311 5307 Spissaque

815 5329 1078 5413 grando,
1103 5335 1167 5391 et
1195 5326 1394 5390 nimia
1423 5325 1664 5410 pluvia.
1697 5325 1801 5390 Sic
1831 5334 2068 5390 sanctae
2095 5324 2311 5389 Eccle-

2419 4346 2588 4401 recte
2644 4335 2975 4417 subjungit
3026 4334 3308 4397 Ecclesia
3360 4353 3373 4397 ε

2416 4457 2602 4516 quem
2640 4437 2869 4513 diliyit
2904 4436 3133 4495 anima
3174 4454 3340 4505 mea,
3368 4436 3484 4495 ubi
3511 4454 3763 4513 pasca-s,
3796 4439 3913 4497 ubi

2416 4537 2598 4597 cubes
2624 4537 2699 4594 in
2734 4534 3001 4595 meridie
3029 4532 3142 4595 :id
3172 4540 3291 4610 est,
3328 4540 3416 4611 tu,
3452 4552 3682 4616 sponse
3720 4535 3913 4599 coele—

2418 4634 2534 4696 stis
2575 4652 2767 4715 super
2794 4631 3011 4695 omnia
3039 4631 3422 4713 praedilecte,
3456 4634 3615 4696 mihi
3647 4634 3913 4715 dignan—

2418 4743 2514 4797 ter
2543 4732 2807 4797 ostende
2838 4730 2949 4793 ubi
2980 4738 3048 4793 tu
3076 4731 3353 4811 gratiose
3382 4734 3909 4812 commoreris,in

2418 4850 2691 4914 quorum
2720 4829 3020 4894 cordibus
3052 4828 3289 4912 pabula
3324 4829 3591 4893 internae
3621 4831 3913 4897 refectio-

2418 4931 2521 4993 nis
2558 4928 2879 5004 exhibeas,
2913 4945 3076 5009 quos
3114 4927 3513 5010 pastoraliter
3551 4930 3779 4993 nutris.
3814 4931 3913 4993 In-

2417 5030 2561 5093 dica
2606 5028 2794 5092 etiam
2849 5026 3009 5089 mihi
3058 5024 3169 5088 ubi
3220 5026 3438 5105 cubeS,
3492 5026 3556 5091 id
3610 5036 3729 5106 est,
3788 5038 3913 5093 sta-

2417 5127 2636 5191 biliter
2692 5124 3075 5207 requiescas,
3134 5142 3408 5205 quorum
3476 5136 3722 5191 mentes
3788 5127 3913 5191 tibi

2418 5224 2776 5290 carissimas
2833 5222 2974 5286 luce
3028 5221 3585 5305 contemplationis
3640 5224 3909 5308 perfun-

2418 5326 2532 5389 das
2562 5341 2576 5387 ε
2606 5322 2693 5386 ita
2720 5322 2889 5405 quod
2919 5340 3033 5404 per
3063 5321 3569 5405 contemplativae
3597 5324 3909 5389 exercitia

3432 4337 3669 4399 Indica
3712 4340 3907 4412 mihi,
3938 4340 4104 4385 2³⁴⁷·

4076 4408 4116 4463 6
