4284 6267
537 2536 690 2587 Luo.1,
703 2538 770 2579 38.

821 462 940 529 3Ξ2

1452 481 1803 530 ENARRATIO
1846 483 1908 528 IN
1949 480 2088 529 cAP.
2136 482 2158 528 1
2200 480 2440 529 CAN'nct
2482 480 2885 529 cAN'rtcomm.
2931 502 3011 511 —
3051 482 3193 530 ΛΒΤ.
3228 482 3269 529 V

897 654 1288 718 Credendum
1329 673 1477 736 ergo
1515 655 1788 731 videtur,
1827 655 1998 738 quod
2039 673 2115 717 ex
2155 653 2308 715 scri·
2339 651 2389 714 A
2422 672 2553 715 rem
2599 673 2673 717 ac
2722 653 3099 717 salvatorem
3149 672 3363 716 meum
3412 670 3425 714 :
3478 670 3669 733 quem
3716 668 3907 713 carne

817 754 1022 834 pturis
1061 754 1218 835 legis
1263 774 1335 816 ac
1380 754 1860 836 Prophetarum,
1895 754 2107 835 potius
2154 770 2306 816 vero

818 870 894 912 ex
935 850 1234 915 familiari
1267 861 1329 915 et
1368 853 1619 915 interna
1651 853 1951 916 unctione
1991 850 2311 913 instructi-

817 966 1067 1031 oneque
1091 949 1363 1032 Spiritus
1393 950 1620 1027 Sancti,
1638 951 1764 1032 jam
1799 960 2061 1015 noverat
2090 951 2305 1026 Deum,

821 1046 949 1110 imo
988 1056 1052 1110 et
1097 1048 1358 1111 unicum
1400 1050 1509 1113 Dei
1551 1049 1804 1125 Filium,
1840 1048 2307 1112 incarnandum

816 1164 890 1207 ac
939 1164 1276 1227 passurum
1316 1148 1398 1211 ad
1446 1147 1884 1211 redimendum
1934 1165 2135 1227 genus
2184 1146 2304 1208 hu-

818 1261 1114 1325 manum3
1149 1264 1266 1308 nec
1291 1245 1559 1308 dubium
1603 1247 1761 1328 quin
1795 1254 1969 1309 tanto
2001 1244 2309 1308 affectuo-

818 1341 950 1404 sius
998 1362 1127 1425 prae
1177 1345 1404 1407 ceteris
1459 1346 1804 1409 adventum
1853 1346 2013 1407 tanti
2061 1344 2309 1406 deside-

819 1442 1052 1504 raverit
1107 1443 1566 1527 RedemptoriS,
1617 1453 1860 1525 quanto
1918 1445 1985 1506 in
2045 1444 2307 1505 caritate

817 1542 1184 1605 aestuantior
1231 1543 1472 1605 exstitit
1518 1544 1669 1605 illis.
1707 1544 1781 1606 Et
1830 1542 2126 1625 quamvis
2175 1561 2306 1625 prae

817 1636 1246 1702 inaestimabili
1271 1650 1332 1704 et
1361 1660 1438 1704 ex
1468 1641 1966 1723 profundissima
1999 1660 2121 1704 suae
2154 1648 2310 1703 tran-

817 1736 1214 1817 quillissimae
1243 1741 1476 1803 mentis
1506 1740 2305 1821 humilitate,nequaquam

2416 751 2753 835 concipere
2779 752 2936 833 quid
2974 753 3323 834 prodesset,
3358 751 3483 813 nisi
3525 751 3694 813 hunc
3729 750 3907 832 prius

2418 858 2629 913 mente
2686 851 3091 932 conciperem
3120 854 3143 912 2
3202 851 3423 932 sicque
3482 849 3724 913 beatior
3784 848 3903 909 sim

2417 949 2836 1031 concipiendo
2869 949 2997 1011 fide
3030 948 3323 1025 formata,
3360 967 3550 1029 quam
3582 966 3771 1011 carne
3810 966 3909 1010 so—

2418 1046 2499 1109 la.
2526 1046 2850 1129 Siquidem
2901 1048 3270 1110 maternitas
3316 1048 3459 1123 ista,
3493 1065 3603 1110 seu
3652 1046 3905 1108 Matrem

2418 1145 2523 1208 Dei
2566 1146 2890 1221 exsistere,
2916 1147 3153 1209 donum
3186 1154 3281 1208 est
3316 1146 3536 1226 gratiae
3575 1144 3769 1225 gratis
3803 1144 3909 1205 da—

2418 1251 2496 1306 tae
2530 1262 2543 1305 :
2577 1244 2746 1325 quod
2791 1264 2902 1326 per
2931 1264 3019 1321 56,
3056 1243 3315 1307 habenti
3357 1263 3485 1306 non
3536 1242 3787 1306 sufficit
3826 1242 3905 1305 ad

2415 1342 2708 1405 salutem.

2497 1441 2821 1516 Praeterea,
2850 1446 3181 1505 osculetur
3220 1462 3315 1503 me
3348 1446 3555 1501 osculo
3589 1444 3720 1501 oris
3747 1443 3854 1500 sui
3879 1461 3905 1500 .·

2418 1538 2481 1600 id
2527 1546 2642 1616 est,
2670 1541 2807 1621 ipse
2850 1559 3039 1621 quem
3090 1539 3322 1603 coelum
3368 1548 3431 1601 et
3471 1547 3639 1601 terra
3679 1558 3907 1621 capere
3935 1560 4199 1605 iwanus.

2418 1646 2764 1718 nequeunt,
2785 1638 2897 1719 qui
2927 1638 3104 1701 nullo
3138 1637 3305 1699 valet
3337 1636 3607 1699 termino
3641 1636 3908 1699 circum-

2418 1735 2634 1810 scribi,
2670 1736 2847 1799 nullo
2882 1736 3211 1799 intellectu
3242 1744 3455 1799 creato
3492 1735 3909 1816 comprehen-

817 1838 1293 1919 praesumpserit
1330 1846 1437 1900 aut
1478 1838 1796 1921 putaverit
1833 1840 1911 1901 de
1953 1858 2020 1901 sc
2059 1838 2169 1900 Dei
2208 1836 2308 1897 Fi·
2344 1837 2390 1899 B
2418 1834 2505 1911 di,
2542 1834 2905 1898 incarnatus
2935 1854 3011 1898 ex
3042 1854 3164 1913 me,
3189 1854 3437 1898 mecum
3469 1833 3739 1897 dulciter
3770 1852 3910 1897 con-

817 1932 976 1995 lium
1014 1935 1498 2013 incarnandum,
1533 1936 1634 1999 vel
1666 1937 1744 1998 ad
1785 1945 1959 1998 tanta
2004 1934 2303 2017 mysteria

817 2050 885 2094 se
931 2051 1070 2096 esse
1113 2034 1420 2113 electam3
1455 2034 1660 2097 nihilo
1701 2035 1936 2111 minuS,
1983 2054 2183 2116 quum
2226 2053 2303 2095 ex

816 2130 1105 2212 angelico
1153 2133 1553 2212 cognovisset
1599 2132 1904 2213 alloquio,
1945 2141 2012 2195 56
2055 2133 2132 2194 ad
2184 2131 2302 2194 hoc

816 2246 956 2290 6556
987 2229 1272 2303 electam,
1306 2237 1370 2292 et
1410 2230 1516 2293 Dei
1548 2230 1780 2292 Filium
1818 2238 2293 2311 concepturam,

816 2344 963 2389 mox
1004 2335 1165 2390 tacta
1203 2348 1240 2390 a
1274 2327 1515 2410 Spiritu
1555 2328 1804 2406 Sancto,
1841 2328 2125 2411 plenarie
2170 2346 2304 2391 cre-

815 2423 998 2499 didit,
1033 2424 1394 2488 humillime
1430 2444 1686 2508 quoque
1717 2427 2062 2503 consensit,
2108 2426 2302 2507 idque

816 2519 962 2583 fieri
1011 2521 1482 2587 ferventissime
1527 2524 1942 2606 concupivit:
1979 2525 2159 2601 Ecce,
2211 2524 2304 2585 in-

811 2619 1063 2700 quienS,
1095 2621 1328 2684 ancilla
1372 2622 1661 2703 Domini;
1709 2622 1825 2685 fiat
1872 2623 2034 2686 mihi
2073 2642 2299 2685 secun-

811 2717 964 2779 dum
1007 2719 1271 2782 verbum
1315 2728 1518 2783 tuum.

891 2817 975 2879 De
1014 2816 1154 2899 ipsa
1191 2817 1387 2899 igitur
1417 2818 1660 2902 optima
1695 2818 2301 2902 sapientissimaque

808 2914 1216 2996 virguncula,
1253 2924 1322 2979 ut
1349 2918 1695 2979 constituta
1728 2918 1792 2978 in
1838 2918 1946 2979 illa
1975 2918 2152 2992 hora,
2174 2936 2301 2999 qua

2418 1941 2729 2008 versetur,
2784 1952 2927 1997 meo
2976 1934 3219 2014 gremio
3264 1934 3689 2002 contineatur,
3742 1932 3910 1995 inter

2418 2050 2558 2094 mea
2595 2032 2855 2095 brachia
2898 2032 3333 2108 concludatur,
3367 2032 3655 2112 meisque
3703 2031 3908 2093 mani-

2416 2130 2535 2192 bus
2566 2139 3021 2195 contrectetur:
3042 2139 3106 2193 et
3137 2132 3223 2193 ita
3254 2150 3357 2195 me
3386 2130 3707 2194 osculetur
3736 2149 3908 2193 oscu-

2417 2228 2480 2291 lo
2510 2230 2822 2311 corporali
2863 2229 3297 2293 sincerissimo
3338 2228 3731 2292 serenissimi
3775 2228 3905 2291 oris

2416 2327 2538 2389 sui.
2576 2328 2708 2391 Non
2740 2328 2910 2392 enim
2943 2328 3288 2408 ambigitur
3317 2328 3475 2409 quin
3508 2336 3599 2405 tu,
3637 2325 3907 2389 affectu-

2415 2426 2709 2489 osissima
2742 2427 3391 2509 mater,pudicissima
3423 2426 3623 2507 virgo,
3643 2426 3905 2489 unicum

2416 2523 2599 2586 illum
2650 2524 2742 2586 tui
2794 2523 3066 2605 virginei
3114 2524 3275 2587 uteri
3319 2525 3615 2600 fructum,
3663 2524 3907 2605 specio-

2416 2623 2736 2685 sissimum
2790 2622 3453 2704 pretiosissimumque
3512 2620 3901 2697 infantulum

2415 2740 2708 2802 puerum,
2742 2722 2937 2783 Deum
2980 2740 3058 2783 ex
3101 2729 3162 2783 te
3204 2730 3445 2797 natum,
3483 2720 3599 2783 tibi
3650 2720 3905 2783 carissi-

2414 2837 2609 2893 mum,
2633 2819 2950 2881 interdum
2984 2819 3070 2880 sis
3100 2838 3245 2881 cum
3276 2819 3518 2899 ingenti
3550 2817 3906 2882 reverentia

2411 2915 2786 2997 amplexata,
2821 2936 2966 2979 cum
3016 2916 3277 2979 caritate
3325 2916 3603 2979 maxima
3650 2915 3904 2979 oscula-

808 3012 1056 3074 audivit
1101 3012 1183 3075 ab
1226 3014 1452 3094 angelo
1496 3023 1734 3091 sanct0,
1773 3015 1930 3078 Ecce
1973 3015 2299 3097 concipies
2333 3023 2376 3085 C
2414 3022 2495 3075 ta.
2538 3014 2675 3096 lpse
2722 3032 3001 3097 quoque,
3040 3014 3151 3096 qui
3202 3014 3269 3076 in
3318 3022 3499 3077 aetate
3546 3013 3717 3076 virili
3756 3032 3904 3076 suos

809 3108 877 3170 in
923 3118 1148 3191 uter03
1197 3120 1260 3174 et
1316 3112 1638 3195 deincepS,
1692 3114 1969 3195 Spiritus
2029 3112 2297 3176 Sanctus

809 3209 1216 3289 superveniet
1273 3210 1338 3273 in
1386 3218 1470 3288 te,
1523 3220 1671 3288 etc.,
1723 3211 2297 3291 congruentissime

811 3313 1020 3386 potest
1047 3307 1278 3389 exponi
1317 3309 1487 3389 quod
1520 3308 1752 3371 dicitur
1787 3330 1800 3374 τ
1838 3314 2171 3372 Osculetur
2201 3330 2300 3369 me

809 3410 1018 3465 osculo
1068 3409 1198 3466 oris
1245 3409 1352 3467 sui
1390 3430 1412 3467 .·
1453 3408 1516 3469 id
1565 3418 1680 3485 est,
1733 3408 2108 3487 Unigenitus
2159 3408 2295 3484 Dei,

809 3521 1080 3584 sponsus
1109 3503 1407 3582 coelestis,
1445 3525 1635 3587 quem
1669 3515 1758 3581 tu,
1795 3525 1832 3569 o
1865 3506 2299 3589 paranymphe

807 3618 1104 3681 superne,
1138 3603 1297 3664 mihi
1328 3604 1670 3685 promittiS,
1709 3624 1784 3667 ex
1822 3624 1924 3667 me
1967 3604 2301 3667 incarnan-

805 3699 958 3761 dum
999 3701 1270 3777 testaris,
1315 3702 1526 3764 filium
1570 3722 1781 3765 meum
1822 3722 1966 3766 mox
2010 3704 2298 3765 futurum

805 3796 1122 3875 affirmaS‚
1145 3801 1224 3862 ad
1263 3820 1366 3861 me
1400 3801 1702 3863 ancillam
1743 3821 1920 3863 suam
1961 3802 2295 3883 parvulam

807 3894 1106 3974 dignetur
1133 3898 1533 3975 descendere,
1549 3918 1744 3980 seque
1773 3899 2143 3962 substantiae
2175 3918 2301 3961 car-

811 3992 911 4054 nis
952 4013 1106 4057 meae
1145 4004 1270 4057 tam
1310 3996 1598 4077 proxime
1636 4006 1699 4060 et
1742 3997 2106 4060 immediate
2150 4017 2300 4059 con-

806 4089 1096 4171 jungere,
1122 4102 1190 4154 ut
1223 4111 1300 4155 ex
1337 4112 1412 4156 ea
1456 4113 1686 4176 corpus
1729 4094 1850 4157 sibi
1895 4103 2177 4158 assumat
2225 4115 2298 4157 ac

2410 3113 2741 3176 consuevit
2780 3114 2857 3175 ad
2896 3132 2965 3174 se
2997 3112 3322 3177 venientes
3362 3113 3711 3194 discipulos
3756 3130 3901 3175 cum

2410 3210 2627 3275 osculo
2660 3221 2877 3275 sancto
2911 3212 3189 3293 recipere
3221 3211 3557 3293 corporali,
3590 3220 3651 3273 te
3680 3211 3903 3293 utique

2412 3310 2475 3372 in
2524 3310 2795 3391 pueritia
2834 3310 3239 3387 constitutuS,
3286 3318 3590 3392 tanquam
3628 3309 3903 3373 dilectis·

2409 3409 2635 3471 simam
2667 3409 3061 3489 genitricem,
3080 3410 3411 3473 consuevit
3442 3426 3899 3491 nonnunquam

2411 3507 2688 3569 suaviter
2735 3505 3031 3583 osculari,
3068 3515 3486 3587 sanctumque
3530 3505 3765 3570 collum
3810 3514 3900 3567 tu-

2408 3623 2517 3665 um
2549 3603 2992 3665 sacratissimis
3024 3603 3156 3665 suis
3185 3602 3531 3665 brachiolis
3561 3603 3894 3683 stringere.

2408 3701 2586 3774 Quod
2634 3702 2686 3762 si
2737 3700 2905 3764 beati
2962 3701 3130 3765 oculi
3183 3711 3244 3763 et
3304 3721 3489 3765 aures
3547 3701 3895 3783 discipulo·
3925 3724 4214 3773 umam.

3930 3789 3994 3835 16:
4024 3789 4147 3832 Luc.
4172 3804 4213 3839 x,

3926 3852 3995 3893 2³.

2411 3818 2573 3875 rum,
2594 3800 2701 3881 qui
2736 3798 3056 3861 Christum
3089 3800 3386 3862 viderunt
3414 3818 3486 3862 ac
3518 3800 3892 3862 audierunt:

2410 3906 2649 3978 quanto
2680 3899 2881 3979 magis
2914 3907 2981 3960 tu
3014 3898 3217 3976 beata,
3251 3917 3394 3979 quae
3423 3899 3633 3980 ipsum
3675 3917 3898 3961 conce-

2412 3996 2559 4077 pisti
2593 4016 2665 4059 ac
2694 3996 3024 4078 peperisti,
3056 4005 3247 4077 atque
3279 3997 3583 4059 maternis
3612 3996 3895 4059 educasti

2409 4094 2757 4175 obsequiiS,
2802 4095 3141 4175 ipsumque
3188 4094 3561 4157 auctoritate
3610 4104 3894 4159 materna

810 4188 1202 4270 hypostatice
1261 4192 1462 4269 uniat,
1523 4194 1586 4255 id
1645 4201 1762 4271 est,
1818 4213 1946 4256 suae
2005 4193 2299 4256 increatae
2330 4198 2379 4259 D
2413 4201 2677 4255 tractare
2720 4201 2783 4255 et
2823 4192 3177 4256 deosculari
3219 4192 3522 4255 valebas?

808 4287 1246 4367 personalitati
1284 4309 1411 4352 una
1452 4310 1596 4353 cum
1634 4290 1846 4353 anima
1887 4290 2178 4354 rationali
2220 4291 2299 4353 ab

810 4384 950 4465 ipso
992 4388 1284 4465 creanda,
1318 4398 1382 4451 et
1421 4408 1650 4471 corpus
1689 4390 1809 4453 hoc
1854 4389 2293 4466 informatura,

809 4484 1127 4563 personali
1176 4486 1430 4567 copulet
1479 4488 1715 4551 unione
1759 4508 1773 4551 :
1817 4495 1888 4549 ut
1936 4488 2025 4550 sic
2075 4495 2301 4550 natura

809 4581 1088 4644 humana
1133 4586 1212 4646 ad
1271 4586 1776 4649 constituendam
1837 4605 2030 4648 unam
2087 4606 2301 4670 perso-

810 4697 954 4741 nam
989 4699 1135 4743 cum
1169 4682 1377 4747 Verbo
1409 4693 1668 4762 aeterno,
1703 4694 2062 4748 assumatur
2092 4686 2176 4748 ab
2208 4686 2302 4768 ip-

809 4797 879 4842 so
909 4779 1136 4858 Verbo,
1171 4782 1279 4845 Dei
1324 4784 1520 4846 Patris
1566 4784 1755 4846 unico
1798 4784 1975 4847 Filio.
2011 4821 2091 4829 —
2120 4785 2303 4847 Insu-

808 4894 942 4958 per,
981 4883 1315 4942 Oaculetur
1341 4904 1440 4942 me
1466 4888 1676 4943 osculo
1708 4884 1840 4942 oris
1879 4885 1987 4942 sai
2017 4904 2040 4942 .·
2072 4883 2132 4944 id
2177 4891 2294 4961 est,

809 4983 935 5036 tam
985 4995 1272 5041 amorose
1322 4988 1384 5042 et
1430 4981 1717 5062 proxime
1763 4989 2040 5044 mentem
2092 5001 2299 5044 meam

809 5071 951 5136 luce
979 5076 1307 5157 sapientiae
1339 5098 1466 5141 suae
1498 5078 1862 5162 perfundat,
1890 5081 2211 5155 accendat,
2238 5089 2301 5142 et

807 5172 1224 5253 amplexetur,
1263 5184 1330 5237 ut
1377 5175 1442 5238 in
1493 5176 1649 5239 hora
1696 5176 1816 5238 ista
1865 5176 2091 5239 idonea
2141 5176 2297 5239 fiam

807 5288 882 5335 ac
913 5270 1033 5332 sim
1073 5273 1409 5354 concipere
1447 5276 1782 5339 Dominum
1830 5275 2023 5337 Deum
2064 5284 2302 5341 creato·

2492 4293 2660 4360 Quia
2692 4293 2959 4351 meliora
2985 4302 3139 4352 sunt
3179 4295 3371 4352 ubera
3402 4302 3515 4353 tua
3555 4294 3730 4362 vino,
3756 4293 3899 4369 fra-

2402 4392 2675 4466 grantia
2714 4392 3062 4466 unquentis
3091 4392 3371 4468 optimi-5.
3404 4390 3547 4463 Ista,
3580 4391 3757 4471 juxta
3794 4410 3899 4453 ex·-

2412 4486 2760 4567 positiones
2797 4487 3197 4568 praehabitas,
3234 4498 3497 4569 possunt
3529 4507 3666 4552 esse
3700 4488 3899 4553 verba

2412 4604 2660 4668 sponsae
2690 4585 3030 4665 singularis
3070 4587 3149 4648 ad
3182 4586 3442 4649 unicum
3483 4605 3786 4668 sponsum
3824 4606 3899 4650 ac

2410 4683 2640 4745 Filium
2702 4703 2888 4746 suum
2944 4701 2957 4745 :
3010 4703 3151 4765 quae
3201 4684 3299 4746 sui
3348 4684 3492 4746 Filii
3540 4685 3902 4767 spiritualia

2412 4781 2605 4845 ubera
2646 4790 2816 4844 tanto
2856 4782 3195 4863 specialius
3239 4783 3445 4866 potuit
3492 4785 3903 4847 commenda-

2412 4900 2499 4955 re,
2526 4889 2762 4962 quanto
2792 4900 2971 4943 mens
3010 4902 3125 4944 sua
3162 4881 3242 4943 ab
3273 4881 3403 4943 illis
3445 4881 3653 4944 fuerat
3684 4884 3901 4963 exqui-

2410 4980 2616 5055 sitius,
2658 4980 3131 5057 exuberantiuS,
3174 4999 3247 5042 ac
3292 4979 3540 5043 dulcius
3588 4981 3895 5058 enutrita,

2411 5087 2603 5140 uncta
2650 5087 2712 5140 et
2756 5079 3099 5141 consolata.
3137 5080 3402 5141 Possunt
3452 5098 3707 5160 quoque
3756 5098 3901 5142 esse

2410 5176 2603 5240 verba
2634 5176 2851 5259 sponsi
2882 5178 2958 5238 ad
2998 5176 3473 5239 dilectissimam
3507 5177 3756 5239 Matrem
3793 5197 3901 5239 su—

2410 5295 2535 5352 am,
2569 5284 2639 5337 ut
2675 5274 2757 5336 sit
2798 5294 3021 5337 sensus
3056 5292 3069 5336 :
3106 5276 3291 5353 Tu„o
3330 5275 3668 5356 singularis
3706 5294 3901 5359 spon-
