4284 6267
107 3172 170 3215 1²2.
187 3188 282 3227 κων,
296 3178 336 3218 9..

988 518 1342 565 ENARRATIO
1383 518 1446 563 IN
1489 518 1628 565 GAP.
1675 520 1696 564 1
1738 517 1980 565 CANTICI
2020 518 2426 566 emmenum.
2476 538 2557 549 ·—
2596 519 2739 566 ΛΒΤ.
2785 520 2848 565 lv

3344 498 3461 562 313

365 706 468 749 ma
503 695 601 749 est
637 687 872 751 Christi
914 708 1171 773 sponsa,
1205 689 1306 753 vel
1347 688 1588 753 diaboli
1627 688 1864 752 adulte-
1893 689 1944 752 A
1976 697 2167 771 atque
2214 690 2280 751 in
2334 709 2463 753 suae
2512 688 2928 753 beatitudinis
2976 688 3466 753 exuberantissi-

367 805 436 848 ra
463 804 478 847 ε
504 786 559 848 si
586 786 757 849 enim
791 788 858 848 in
889 790 1152 852 caritate
1181 797 1278 852 est
1298 787 1552 865 Christi,
1571 796 1866 851 censetur

367 904 604 966 sponsa
665 885 905 968 ipsius;
956 887 1011 948 si
1062 906 1214 951 vero
1270 886 1525 950 mortali
1579 885 1866 967 subjacet

365 984 596 1066 culpae,
632 985 919 1047 adultera
971 994 1302 1069 reputatur
1345 984 1604 1049 diaboli.
1648 984 1866 1065 Itaque

364 1102 510 1165 quae
553 1082 620 1145 in
666 1083 788 1147 isto
827 1084 1189 1148 Salomonis
1232 1084 1560 1149 volumine
1603 1083 1682 1147 de
1725 1082 1866 1145 uni-

363 1181 598 1245 versali
640 1191 1048 1264 exponuntur
1097 1183 1401 1259 Ecclesia,
1453 1181 1864 1264 generalique

362 1299 624 1361 sponsa,
659 1280 738 1343 de
781 1281 1153 1362 particulari
1184 1300 1442 1363 quoque
1476 1299 1711 1363 sponsa
1738 1288 1864 1342 tro-

362 1378 658 1460 pologice
713 1378 1160 1461 explanantur.
1194 1380 1669 1455 Verumtamen,
1707 1398 1863 1461 quo-

361 1478 536 1539 niam
563 1478 748 1559 juxta
778 1477 1151 1560 praehabita,
1187 1478 1254 1540 in
1285 1478 1384 1539 his
1415 1476 1691 1541 Canticis
1721 1497 1862 1540 can—

364 1577 638 1640 ticorum
682 1584 988 1639 tractatur
1019 1578 1098 1640 de
1128 1595 1344 1639 amore
1376 1577 1683 1659 perfecto,
1719 1577 1861 1640 ideo

365 1692 493 1737 non
544 1675 624 1737 de
674 1694 1082 1757 quacumque
1135 1676 1349 1737 anima
1397 1675 1740 1738 exsistente
1793 1676 1859 1737 in

361 1772 626 1836 caritate
675 1782 738 1837 et
779 1774 1005 1853 gratia,
1042 1774 1154 1836 sed
1197 1775 1276 1837 de
1320 1774 1534 1835 anima
1582 1773 1853 1849 heroica,

1973 806 2079 850 mo
2119 797 2183 851 et
2224 789 2539 851 immenso
2578 807 2815 853 oceano
2851 796 3032 871 rapta
3071 788 3421 869 demergar.

2053 886 2175 950 Sed
2219 888 2410 963 unde,
2455 905 2491 950 o
2535 888 2924 970 paupercula
2964 886 3199 963 anima,
3244 885 3466 968 pingui

1976 986 2258 1049 materiae
2298 984 2446 1049 huic
2477 984 2741 1062 intrusa,
2772 984 2954 1065 gravi
2984 984 3270 1066 corporis
3311 982 3467 1047 moli

1977 1081 2297 1160 immersa,
2347 1102 2489 1165 quae
2540 1084 2607 1145 in
2656 1084 2879 1147 ordine
2935 1082 3465 1145 intellectualium

1976 1181 2475 1245 substantiarum
2524 1201 2589 1244 es
2639 1182 2804 1244 sicut
2852 1182 3116 1244 materia
3154 1182 3360 1264 prima
3400 1181 3467 1242 in

1975 1278 2203 1343 ordine
2232 1299 2446 1343 rerum
2482 1298 2497 1343 τ
2533 1280 2704 1343 unde
2734 1280 2849 1342 tibi
2884 1280 2984 1344 vel
3027 1279 3461 1362 praesumptiO,

1976 1379 2076 1442 vel
2107 1379 2395 1456 audacia,
2425 1388 2535 1443 aut
2566 1387 2737 1443 certe
2769 1378 3010 1443 fiducia
3049 1378 3305 1461 petendi
3348 1378 3466 1441 hoc

1975 1478 2265 1541 osculum
2308 1477 2390 1541 ab
2434 1496 2531 1555 eo,
2567 1496 2759 1559 quem
2804 1479 3010 1560 poluS,
3058 1478 3269 1553 tellus,
3313 1496 3468 1558 pon-

1975 1586 2205 1658 tusque
2239 1584 2553 1653 metuunt,
2590 1596 2779 1658 quem
2807 1594 3227 1660 supernorum
3256 1576 3465 1638 altitu-

1974 1677 2159 1739 dines
2212 1675 2553 1757 spirituum
2609 1676 3121 1757 perhorrescunt,
3161 1676 3279 1739 sub
3336 1692 3465 1756 quo

1973 1784 2320 1839 curvantur
2350 1774 2461 1855 qui
2492 1782 2747 1856 portant
2782 1772 3046 1836 orbem?
3078 1772 3383 1853 Denique,
3410 1771 3463 1834 si

359 1870 600 1944 divina,
653 1869 964 1952 perfecta,
1013 1871 1313 1933 ecstatice
1362 1889 1672 1948 amorosa,
1726 1871 1858 1933 haec
1898 1871 1943 1931 B
1972 1881 2551 1957 praesumptuosum
2592 1872 2843 1936 videtur
2888 1881 3104 1954 petere
3146 1871 3459 1948 osculum,

359 1970 618 2052 proprie
661 1977 1070 2051 exponuntur
1109 1988 1122 2031 :
1156 1989 1351 2051 quam
1397 1969 1858 2051 expositionem

359 2069 684 2152 praecipue
743 2068 1152 2151 prosequitur
1198 2067 1621 2132 vercellensis
1672 2088 1862 2132 vene-

363 2166 586 2230 rabilis
615 2166 830 2243 abbas,
852 2167 918 2228 in
950 2165 1131 2229 libris
1163 2167 1368 2230 divini
1395 2175 1458 2230 et
1486 2167 1701 2247 magni
1725 2168 1862 2231 Dio-

364 2266 527 2348 nysii
589 2266 1127 2343 studiosissimuS,
1183 2267 1298 2348 qui
1355 2274 1417 2329 et
1477 2267 1731 2330 eosdem
1793 2266 1861 2328 in

365 2365 583 2427 stilum
628 2364 894 2445 planum
941 2364 1207 2444 redegit.

431 2466 630 2546 Igitur
657 2464 874 2526 anima
902 2464 1402 2546 contemplativa
1431 2472 1713 2546 purgata,
1730 2483 1864 2526 san-

363 2571 464 2627 cto
494 2581 716 2626 amore
747 2561 1170 2643 flammigera,
1197 2563 1265 2624 in
1295 2562 1602 2627 creaturis
1633 2582 1865 2642 nequa—

363 2680 555 2743 quam
585 2660 994 2743 concupitam
1028 2661 1354 2743 reperiens
1385 2662 1681 2743 quietem,
1702 2661 1865 2725 ideo-

360 2779 487 2843 que
517 2761 598 2823 ad
631 2778 856 2823 verum
887 2768 950 2823 et
971 2759 1494 2823 incommutabile
1513 2760 1768 2835 bonum,
1785 2760 1863 2823 ad

363 2857 971 2941 superessentialem
1041 2866 1104 2921 et
1169 2857 1862 2940 superpulcherrimum

363 2976 672 3040 sponsum
733 2956 882 3019 totis
941 2956 1270 3039 suspirans
1330 2957 1723 3039 praecordiiS,
1787 2978 1862 3020 ex

361 3162 608 3218 eructat
638 3153 902 3215 verbum
941 3152 1184 3215 bonum
1221 3153 1638 3216 amoriferum
1671 3160 1734 3216 et
1765 3174 1864 3216 su·

363 3272 477 3315 ave
514 3270 526 3314 :
567 3255 904 3315 osculetur
951 3272 1073 3322 me,
1119 3250 1438 3332 inquiens,
1473 3255 1684 3313 osculo
1733 3254 1864 3313 oris

358 3354 490 3422 sui,
537 3351 601 3413 id
649 3358 747 3413 est
789 3368 1065 3432 sponsus
1115 3350 1224 3412 ille
1276 3349 1711 3427 dulcissimus,
1750 3349 1862 3432 qui

361 3448 539 3512 solus
570 3447 820 3511 sul't'icit
847 3448 1163 3530 mihi‚qui
1197 3448 1437 3511 creavit
1470 3466 1574 3510 me
1606 3458 1864 3530 propter

360 3568 460 3627 se;
508 3566 626 3611 nec
667 3566 930 3632 possum
975 3547 1098 3608 nisi
1143 3547 1207 3608 in
1249 3566 1325 3610 eo
1365 3548 1714 3629 quiescere,
1752 3546 1865 3629 qui

359 3646 538 3712 solus
578 3653 782 3709 totum
823 3664 1038 3708 meum
1075 3643 1384 3708 affectum
1425 3646 1713 3727 quietare
1759 3663 1866 3727 po-

359 3754 482 3809 test
513 3753 577 3808 et
616 3751 1006 3807 contentare.
1039 3743 1154 3806 Hic
1194 3744 1340 3806 talis
1381 3762 1454 3807 ac
1497 3750 1732 3822 tantm,
1767 3762 1866 3806 os-

360 3843 610 3907 culetur
641 3862 744 3905 me
775 3842 993 3906 osculo
1025 3842 1154 3905 oris
1185 3842 1308 3917 sui,
1327 3842 1389 3904 id
1419 3850 1620 3919 est,se
1651 3842 1862 3923 ipsum

360 3940 819 4024 gratiosissime
847 3940 1128 4022 applicet
1158 3940 1332 4013 mihi,
1351 3959 1582 4022 meque
1603 3959 1866 4022 pauper-

361 4041 570 4104 culam
618 4059 748 4103 suae
794 4038 1282 4121 incomparabili
1329 4046 1392 4102 et
1440 4037 1716 4101 infinitae
1760 4058 1864 4102 ex-

361 4138 674 4203 cellentiae
705 4138 1003 4218 dignetur
1035 4137 1404 4201 immediate
1435 4137 1856 4218 conjungere:

1974 1992 2101 2035 non
2155 1972 2361 2035 dicam
2420 1971 2897 2053 gloriosissimae
2944 1970 3213 2050 virginis
3260 1969 3465 2033 Mariae

1971 2069 2383 2147 Christiferae,
2439 2071 2548 2133 sed
2593 2069 2885 2150 gloriosae
2934 2068 3203 2148 virginis
3251 2068 3469 2131 Catha-

1973 2170 2128 2232 rinae
2179 2168 2436 2249 reginae,
2471 2176 2579 2230 aut
2621 2166 2863 2230 Ursulae
2911 2176 3143 2230 sanctae
3180 2184 3194 2229 :
3229 2175 3467 2247 quanto

1971 2267 2174 2346 magis
2207 2276 2784 2348 praesumptuosum
2818 2274 3102 2349 apparet,
3123 2274 3339 2347 petere
3368 2283 3467 2327 os-

1973 2364 2188 2427 culum
2223 2363 2435 2427 Sancti
2468 2363 2863 2440 Sanctorum‚
2883 2362 3468 2445 omnipotentisque

1973 2462 2179 2543 RegiS,
2232 2462 2415 2544 cujus
2476 2471 2766 2545 respectu
2821 2469 2987 2527 totus
3043 2462 3319 2524 mundus
3372 2469 3469 2524 est

1973 2561 2148 2624 velut
2197 2560 2408 2642 pulvis
2461 2561 2773 2641 exiguus?
2812 2560 2905 2622 Ad
2953 2560 3086 2624 haec
3134 2560 3289 2642 quid
3340 2579 3469 2623 res-

1973 2660 2237 2742 pondeS,
2265 2679 2302 2723 o
2334 2659 2570 2735 anima,
2598 2659 2666 2721 in
2706 2659 2826 2722 hoc
2867 2658 3113 2735 exsilio,
3151 2659 3218 2720 in
3264 2657 3467 2739 regio-

1971 2778 2053 2821 ne
2097 2758 2215 2821 hac
2265 2758 2829 2835 dissimilitudinis,
2858 2758 2924 2820 in
2967 2758 3133 2821 valle
3178 2757 3467 2821 lacrima-

1973 2877 2113 2921 rum
2166 2858 2282 2920 hac
2332 2857 2697 2929 constituta,
2748 2856 2858 2919 ubi
2912 2856 2965 2918 si
3012 2856 3247 2919 dixeris
3292 2855 3464 2937 quod

3506 1697 3590 1740 1οὸ
3612 1710 3671 1749 ix,
3692 1698 3757 1740 ¹3.

3510 2582 3571 2626 18.
3595 2595 3664 2635 xa,
3682 2584 3747 2624 15.
3768 2586 3775 2589 “

3520 2876 3710 2920 lloann.
3728 2890 3758 2927 ι,

1972 2966 2301 3039 peccatum
2349 2973 2476 3019 non
2522 2955 2777 3031 habeaS,
2818 2963 2878 3018 te
2924 2956 3125 3037 ipsam
3167 2955 3463 3018 seducis?
3494 2942 3535 2983 ⁸·

365 3055 769 3140 plenitudine
816 3054 1264 3118 sincerissimae
1313 3074 1445 3119 suae
1489 3053 1861 3120 affectionis
1898 3058 1941 3121 C
2053 3054 2403 3137 Responsio
2450 3054 2700 3117 animae.
2733 3090 2814 3099 -
2846 3052 3004 3127 Quid
3054 3071 3156 3116 me
3206 3072 3465 3116 revocas

1971 3155 2052 3217 ab
2085 3154 2321 3216 intuitu
2354 3154 2573 3236 sponsi
2604 3153 2773 3215 mei?
2803 3152 2927 3214 Cur
2956 3152 3035 3215 ab
3065 3153 3201 3234 ejus
3232 3152 3467 3233 ample-

1973 3271 2052 3315 xu
2097 3271 2201 3314 me
2248 3252 2565 3334 impedis?
2606 3251 2807 3326 Quare
2848 3249 2931 3313 ab
2969 3252 3107 3333 ejus
3147 3250 3467 3332 colloquio

1973 3370 2076 3413 me
2107 3350 2382 3414 avertis?
2417 3350 2541 3412 Cur
2576 3350 2640 3411 in
2676 3349 2775 3412 his
2811 3369 2953 3431 quae
2984 3368 3238 3413 omnem
3280 3348 3469 3413 ratio-

1973 3468 2120 3521 nem
2154 3448 2634 3521 transcendunt,
2668 3447 2869 3528 exigis
2901 3448 3255 3510 rationem?
3296 3447 3469 3527 Igno-

1975 3567 2075 3609 ras
2109 3548 2284 3629 quod
2320 3546 2602 3610 caritatis
2640 3547 2827 3609 ardor
2860 3564 2987 3609 non
3017 3553 3295 3610 arctetur
3331 3546 3468 3626 lege

1975 3646 2346 3709 communi?
2391 3645 2605 3708 Nescis
2658 3646 2829 3726 quod
2882 3646 3046 3707 sicut
3094 3644 3469 3707 excellentia

1974 3744 2193 3826 sponsi
2234 3744 2425 3825 hujus
2466 3740 2777 3806 immensa
2806 3752 2923 3818 est,
2960 3743 3051 3805 sic
3082 3752 3145 3805 et
3182 3743 3467 3825 dignatio

1973 3844 2114 3924 ejus
2156 3861 2414 3925 prorsus
2450 3842 2533 3903 sit
2563 3840 2865 3903 infinita?
2896 3841 3216 3923 Numquid
3258 3841 3470 3905 minor

1973 3949 2067 4004 est
2118 3940 2347 4003 caritas
2400 3940 2537 4021 ejus
2589 3948 2698 4002 aut
2756 3940 2981 4022 pietaS,
3031 3960 3221 4021 quam
3278 3941 3468 4023 maje-

1972 4042 2140 4101 stas?
2174 4040 2393 4101 Nonne
2433 4038 2571 4121 ipse
2620 4038 2862 4101 creavit
2907 4058 3010 4101 me
3049 4038 3129 4101 ad
3178 4038 3469 4102 obtinen-

1971 4138 2123 4199 dum
2170 4136 2545 4200 beatificum
2585 4137 2747 4199 illud
2778 4137 3064 4200 osculum
3098 4138 3227 4202 oris
3269 4138 3368 4200 sui
3401 4138 3467 4201 in

364 4237 680 4318 tangendo
725 4243 789 4298 et
832 4234 1262 4299 illuminando
1313 4236 1562 4318 apicem
1612 4235 1862 4298 intelle-
1893 4238 1942 4301 D
1970 4236 2177 4319 patria
2228 4236 2580 4313 Beatorum,
2627 4236 2748 4299 hoc
2795 4244 2913 4313 est,
2958 4236 3036 4298 ad
3088 4235 3465 4300 intuendum

361 4346 500 4399 ctus
543 4334 672 4399 mei
714 4336 796 4398 ad
846 4334 1411 4417 contemplandum
1463 4334 1857 4415 maJ'estatem

361 4444 426 4499 et
472 4434 878 4517 sapientiam,
924 4434 1260 4498 veritatem
1320 4452 1393 4497 ac
1440 4433 1861 4515 pulchritudi-

362 4552 507 4598 nem
538 4533 680 4615 ejus
713 4552 974 4615 prorsus
1007 4533 1422 4611 immensam3
1457 4532 1860 4595 accendendo

361 4650 620 4715 quoque
664 4630 969 4696 verticem
1001 4630 1348 4695 voluntatis
1386 4650 1498 4693 seu
1538 4628 1860 4695 affectivae

361 4751 518 4796 meae
546 4730 919 4813 superioriS,
946 4730 1025 4791 ad
1057 4728 1453 4810 diligendum
1490 4728 1853 4811 purissime,

361 4830 678 4893 stabiliter
737 4847 812 4891 ac
869 4826 1296 4889 intentissime
1353 4826 1704 4892 bonitatem
1763 4827 1859 4909 ip-

361 4929 494 4991 sius
535 4926 952 5002 illimitatam‚
986 4926 1065 4988 ad
1099 4926 1482 5005 gustandum
1527 4925 1856 4989 fontanam

361 5027 502 5108 ejus
533 5024 963 5100 dulcedinem,
999 5025 1173 5087 omni
1211 5023 1433 5100 fundo,
1460 5025 1758 5104 termino,
1784 5046 1856 5089 ac

361 5142 663 5187 mensura
721 5130 1068 5199 carentem,
1131 5124 1210 5185 ad
1268 5124 1726 5204 quiescendum
1787 5125 1854 5187 in

361 5223 502 5305 ejus
545 5221 844 5303 amplexu
889 5221 1334 5299 mundissim0‚
1369 5230 1685 5304 quatenus
1729 5231 1858 5286 tota

363 5320 544 5397 ferar,
565 5318 1000 5398 transformer,
1019 5318 1487 5403 absorbearque
1518 5321 1584 5383 in
1617 5320 1849 5404 ipsum,

1969 4354 2112 4397 eum
2163 4354 2278 4418 per
2322 4334 2623 4417 speciem,
2658 4335 2735 4395 ad
2786 4333 3245 4416 perfruendum
3294 4343 3469 4398 aeter-

1971 4433 2203 4498 naliter
2252 4433 2537 4497 bonitate
2579 4452 2651 4495 ac
2697 4432 3035 4495 dulcedine
3078 4452 3211 4508 sua,
3245 4433 3325 4495 ad
3370 4451 3466 4495 sa-

1969 4532 2249 4595 tietatem
2312 4531 2776 4615 plenissimam,
2832 4531 2913 4595 ab
2968 4532 3141 4595 omni
3206 4530 3463 4594 fastidio

1967 4632 2335 4715 perenniter
2394 4630 2720 4693 alienam?
2770 4630 2908 4713 Ipse
2965 4631 3075 4712 qui
3134 4630 3461 4694 caritatem

1968 4750 2144 4792 suam
2198 4730 2359 4792 mihi
2410 4727 2670 4805 infudit,
2726 4728 2864 4810 ipse
2911 4729 3199 4791 eamdem
3247 4727 3313 4789 in
3360 4747 3463 4791 me

1967 4827 2259 4891 accendit
2300 4848 2373 4891 ac
2426 4827 2732 4903 stimulat,
2777 4834 2967 4907 atque
3010 4827 3088 4889 ad
3138 4826 3463 4908 postulan-

1966 4928 2118 4990 dum
2170 4927 2461 4990 osculum
2509 4926 2637 4989 oris
2682 4925 2780 4987 sui
2825 4925 3058 4988 excitat
3101 4933 3163 4988 et
3210 4924 3463 4988 inflam-

1965 5034 2117 5088 mat.
2172 5025 2306 5088 Non
2358 5033 2453 5087 est
2503 5024 2800 5100 volentis,
2856 5042 3063 5104 neque
3120 5025 3455 5087 currentia.
3488 5053 3746 5104 nmmo,

1964 5124 2207 5188 Caritas
2257 5123 2675 5204 separationis
2724 5122 3085 5203 impatienS‚
3134 5142 3235 5185 me
3285 5141 3462 5185 coar-

1965 5231 2093 5286 ctat
2140 5240 2158 5302 ;
2226 5221 2673 5297 consideratio,
2738 5220 2865 5283 imo
2936 5229 3000 5283 et
3064 5220 3460 5302 experientia

1964 5318 2355 5401 dignationis
2404 5318 2964 5399 miserationisque
3012 5318 3253 5401 sponsi,
3292 5318 3459 5384 hanc
