4284 6267
1218 522 1571 573 mARnATIo
1614 524 1677 571 ΙΝ
1719 524 1858 572 cAP.
1896 526 1935 568 V
1974 523 2410 572 Eccmsus‘rm.
2457 545 2538 555 —
2578 527 2720 573 Am.
2755 528 2796 571 V

3430 508 3549 573 237

412 692 715 757 auribus
754 695 970 759 cordis
1006 704 1068 759 et
1112 696 1398 779 corporis
1429 695 1693 761 verbum
1736 696 1846 760 Dei
1890 703 1954 759 et
1980 698 2031 760 A
2058 704 2194 760 tum
2223 696 2588 779 potentibus
2618 697 2819 779 magis
2849 698 3010 761 solet
3039 696 3550 780 competere,qui

414 800 768 876 praecepta
816 794 1137 859 Ecclesiae.
1158 799 1367 858 Multo
1398 798 1575 857 enim
1606 798 1835 856 melior
1862 805 1952 856 esc

409 889 817 953 obedientia
862 894 1096 969 eordiS,
1142 911 1269 975 qua
1317 892 1669 976 implentur
1717 912 1951 977 praece-

410 994 577 1068 pta,
614 1011 815 1069 quam
843 996 1195 1053 stultorum
1224 994 1527 1064 victimoe,
1561 992 1628 1055 id
1654 1001 1753 1055 est
1780 1002 1951 1056 exte-

410 1086 615 1150 riora
658 1088 983 1154 sacrificia
1020 1092 1147 1154 Deo
1176 1090 1409 1167 oblata,
1445 1111 1587 1174 quae
1630 1111 1757 1155 non
1800 1099 1950 1154 sunt

410 1184 495 1247 ei
530 1195 798 1269 accepta
830 1208 845 1253 t
890 1189 1243 1271 praesertim
1284 1189 1606 1271 loquendo
1644 1191 1725 1253 de
1756 1190 1949 1253 sacri-

416 1283 621 1348 ficiis
656 1285 841 1367 legiS,
875 1307 1021 1369 quae
1049 1307 1177 1351 non
1213 1288 1337 1350 nisi
1368 1308 1445 1352 ex
1478 1287 1631 1367 fide,
1665 1290 1949 1354 devotio-

417 1403 524 1447 ne
566 1393 635 1447 et
662 1386 927 1449 caritate
957 1384 1397 1462 offerentium,
1432 1387 1701 1451 Domino
1735 1387 1949 1470 placu-

418 1492 659 1547 erunt.
684 1487 815 1554 Qui
842 1486 1141 1546 nesciunt
1176 1487 1339 1567 quid
1367 1488 1627 1566 faciunt
1656 1490 1824 1547 mali
1838 1508 1861 1547 .·
1883 1487 1947 1549 id

420 1591 561 1657 oet,
606 1602 722 1645 sua
759 1583 917 1646 vitia
957 1603 1087 1647 non
1126 1584 1484 1661 attendunt,
1529 1603 1643 1647 sua
1681 1604 1951 1648 excaeca-

426 1680 489 1742 ti
524 1680 811 1746 elatione
848 1682 1123 1764 aliisque
1164 1682 1463 1765 peccatis,
1497 1682 1562 1745 in
1600 1691 1845 1746 tantum
1882 1693 1951 1746 ut

428 1779 617 1841 mala
661 1800 775 1843 sua
820 1788 1119 1863 reputent
1162 1781 1352 1845 bona.
1385 1780 1629 1855 Quibus
1680 1782 1744 1844 in
1792 1782 1952 1845 lsaia

2058 795 2384 859 voluntate
2421 804 2687 858 utuntur
2718 815 2832 878 pro
2860 796 3021 878 lege,
3047 795 3224 877 juxta
3254 796 3414 859 illud
3447 795 3548 859 Sa-

2058 893 2317 976 pientiae
2350 914 2364 958 :
2401 892 2492 956 Sit
2535 892 2840 958 fortitudo
2871 903 3088 957 nostra
3119 893 3218 957 lex
3255 893 3541 975 justitiae.
3590 912 3838 969 Sapmm.

2058 992 2234 1054 Unde
2258 1001 2320 1054 et
2348 1000 2575 1074 quarto
2605 992 3009 1056 Politicorum
3041 992 3408 1056 Aristoteles
3437 991 3540 1069 ait,

2056 1091 2229 1172 quod
2278 1091 2550 1153 multum
2607 1099 2920 1173 potenteS‚
2974 1111 3090 1155 nec
3141 1090 3372 1169 sciunt,
3428 1109 3545 1154 nec

2058 1188 2284 1251 volunt
2339 1188 2549 1250 subdi.
2609 1189 2952 1263 Postremo,
3012 1189 3163 1253 huie
3223 1190 3394 1272 quod
3453 1189 3548 1252 di-

2058 1293 2232 1349 ctum
2271 1293 2389 1363 est,
2427 1285 2645 1349 Melior
2674 1295 2771 1349 est
2799 1286 3182 1365 obedientia,
3218 1295 3364 1365 etc„
3399 1306 3550 1351 con-

2058 1395 2241 1449 sonat
2266 1385 2423 1448 illud
2456 1386 2644 1468 primi
2671 1387 2908 1467 Regum
2937 1387 3191 1451 :Melior
3216 1396 3312 1451 est
3339 1387 3549 1451 obcdi-
3605 1404 3741 1461 wey.
3764 1419 3836 1459 xv.

2058 1482 2252 1562 entia,
2277 1504 2470 1565 quam
2502 1484 2799 1549 vietimae.
2821 1485 2997 1549 Unde
3028 1504 3140 1567 per
3167 1486 3544 1568 prophetam
3575 1468 3642 1511 ²²·

2058 1584 2249 1648 Amos
2279 1582 2586 1647 Dominus
2625 1584 2715 1645 ait
2747 1584 2986 1666 iniquis
3023 1601 3037 1646 :
3071 1584 3206 1648 Nou
3235 1584 3544 1667 accipiam
3574 1604 3831 1655 mmm.

2058 1683 2318 1746 odorem
2349 1690 2627 1746 coetuum
2661 1691 3037 1747 vestrorum.
3071 1682 3246 1757 Quod
3277 1684 3329 1745 si
3369 1684 3547 1747 obtu-

2060 1780 2265 1844 leritis
2321 1782 2482 1843 mihi
2539 1780 2927 1857 holocausta,
2985 1801 3113 1846 non
3175 1782 3541 1864 suscipiam.

100 1894 179 1937 ιε.
200 1909 254 1947 v,
274 1897 365 1939 ευ.
431 1877 757 1941 Dominus
788 1879 1216 1942 comminatur
1250 1896 1265 1941 τ
1299 1879 1407 1942 Vae
1434 1879 1546 1961 qui
1574 1879 1791 1943 dicitis
1822 1899 1953 1942 ma·
1987 1880 2033 1941 B
2059 1878 2176 1953 Qui
2207 1888 2272 1943 et
2300 1880 2368 1943 in
2397 1880 2553 1943 Osee
2583 1887 2849 1943 testatur
2882 1880 3410 1945 :Misericordiam
3443 1901 3549 1946 vo·
3593 1895 3703 1939 osee
3721 1908 3776 1947 νι,
3797 1896 3838 1937 o.

430 1976 607 2055 lum,
634 1978 913 2057 bonum3
944 1987 1009 2041 et
1036 1978 1764 2055 bonum,malum.1stud
1796 1979 1954 2041 mul·
2060 1978 2175 2055 lui,
2209 1987 2271 2041 et
2303 1997 2431 2044 non
2461 1978 2874 2042 sacrificium.

1607 2411 2260 2497 ARTICULUS
2335 2413 2402 2496 V

1022 2681 1404 2728 DECLARATIO
1447 2681 1727 2729 carnum
1768 2681 1975 2737 QUINTI
2018 2682 2033 2727 :
2079 2681 2160 2726 N!
2201 2682 2440 2728 ‘rmum
2483 2683 2624 2737 QUID
2665 2683 2982 2739 LOQUARIS.

76 3288 283 3393 ‘Beda
312 3302 371 3331 ιιι

109 3356 124 3393 Ι

106 3385 241 3459 ιιι-α.
270 3420 357 3459 19.

122 4566 139 4611 1
160 4567 291 4611 Cor.
314 4576 409 4611 xv,

114 4962 277 5005 Proo-
291 4971 415 5007 xxv,

92 5028 165 5071 27.

436 2962 893 3131 'VIDETUR
948 2963 1250 3029 Salomon
1310 2964 1377 3027 in
1429 2963 1595 3029 libro
1653 2963 1775 3027 isto
1826 2962 1950 3027 fre-

2058 2924 2331 3027 dicantis
2373 2963 2608 3027 retrahi
2650 2964 2866 3043 debe3‚
2901 2983 2982 3027 ne
3019 2983 3302 3047 praeccps
3341 2965 3428 3029 sis
3467 2966 3547 3029 ad

605 3072 879 3146 quenter
907 3062 977 3125 in
1006 3063 1221 3125 verbis
1251 3063 1383 3125 suis
1415 3063 1719 3145 derogare
1748 3062 1949 3145 provi·
1977 3062 2022 3125 C
2059 3062 2469 3144 loquendum,
2525 3062 2856 3145 potissime
2907 3063 2987 3131 de
3032 3063 3271 3128 divinis
3332 3064 3398 3127 in
3445 3084 3547 3127 ar-

434 3163 683 3225 dentiae
726 3160 861 3238 Dei,
893 3168 958 3223 et
998 3160 1188 3242 justis
1228 3160 1489 3242 Judiciis
1539 3160 1701 3243 ejus„
1735 3161 1949 3224 dieen-

378 3320 395 3338 ‚
435 3262 577 3325 do:
612 3259 763 3334 Quis
802 3258 980 3324 novit
1028 3259 1084 3321 si
1124 3259 1387 3341 spiritus
1430 3258 1717 3322 filiorum
1748 3259 1945 3323 Adam

434 3358 793 3422 ascendat?
842 3366 929 3434 et,
971 3356 1141 3419 Nihil
1193 3356 1385 3420 habet
1432 3357 1622 3421 homo
1670 3358 1945 3440 amplius

436 3458 779 3540 jument03
820 3464 885 3519 et
926 3455 1289 3520 consimilia
1322 3474 1336 3518 :
1368 3475 1512 3537 quae
1556 3475 1632 3519 ex
1674 3474 1946 3540 persona

436 3556 805 3621 carnalium
865 3555 1439 3637 imperitorumque
1497 3554 1803 3637 loquitur.
1860 3554 1947 3617 Ne

436 3673 601 3735 ergo
644 3662 904 3738 putetur
944 3653 1097 3715 talia
1134 3652 1371 3715 dixisse
1409 3672 1487 3716 ex
1529 3652 1765 3730 animo,
1801 3670 1947 3734 pro-

440 3753 721 3837 priaque
761 3769 1057 3834 persona,
1111 3759 1176 3813 et
1225 3770 1305 3813 ne
1360 3751 1505 3832 quis
1554 3751 1696 3833 ejus
1742 3770 1947 3815 exem-

438 3852 559 3935 plo
590 3851 669 3913 ad
708 3850 949 3913 similia
988 3848 1369 3932 proferenda
1408 3857 1737 3933 erumpat3
1781 3857 1947 3914 recte

438 3969 623 4014 nunc
652 3948 743 4012 ait
777 3966 791 4011 ε

526 4051 627 4111 Ne
657 4059 891 4110 temere
912 4049 1077 4128 quid
1104 4048 1432 4127 loquaris:
1455 4046 1519 4110 id
1550 4055 1667 4125 est,
1695 4046 1943 4110 nullum

2054 3160 2219 3237 duis,
2254 3170 2316 3223 et
2349 3161 2416 3223 in
2452 3159 2551 3223 his
2588 3160 2697 3223 ubi
2737 3180 2867 3224 non
2907 3161 3179 3225 habetur
3207 3161 3550 3225 manifesta

2054 3268 2118 3323 et
2145 3268 2318 3322 certa
2343 3259 2790 3323 determinatio
2821 3278 2898 3322 ex
2929 3260 3272 3342 Scripturis
3299 3268 3410 3323 aut
3437 3262 3550 3324 do-

2052 3357 2278 3422 ctrinis
2315 3357 2614 3421 Ecclesiae
2647 3376 2661 3420 :
2695 3358 2864 3440 quia,
2901 3366 2973 3420 ut
3017 3358 3278 3423 divinus
3320 3359 3550 3443 Diony-

2056 3455 2191 3519 sius
2237 3464 2300 3519 et
2352 3463 2496 3537 post
2539 3474 2686 3518 eum
2739 3456 3162 3519 Damascenus
3211 3465 3542 3534 testantur,

2056 3573 2184 3617 non
2224 3561 2321 3616 est
2369 3553 2730 3617 audendum
2772 3554 3015 3636 aliquid
3056 3553 3234 3637 loqui
3273 3557 3354 3619 de
3394 3556 3542 3635 Deo,

2055 3660 2282 3733 praeter
2303 3651 2530 3715 tradita
2558 3651 2624 3714 in
2655 3652 2850 3715 sacris
2874 3652 3156 3734 eloquiis.
3173 3653 3333 3717 Hine
3353 3655 3544 3717 etiam

2057 3750 2121 3812 in
2171 3749 2527 3814 Proverbiis
2578 3749 2821 3813 dictum
2869 3758 2966 3813 est
3007 3770 3022 3815 ε
3061 3751 3292 3815 Vidisti
3340 3753 3545 3816 homi·
3587 3775 3704 3817 Pron
3706 3788 3840 3827 xxxxxx

2057 3867 2202 3911 nem
2236 3848 2516 3911 velocem
2549 3848 2628 3910 ad
2659 3848 3088 3930 loquendum?
3112 3848 3391 3913 Stultitia
3420 3871 3547 3915 ma·
3573 3839 3640 3882 ²⁰·

2055 3946 2152 4027 gis
2201 3947 2515 4029 speranda
2563 3954 2681 4024 est,
2733 3966 2926 4029 quam
2987 3947 3160 4010 illius
3208 3951 3541 4015 correctio.

2056 4044 2324 4108 Iacobus
2381 4064 2640 4127 quoque
2699 4045 3024 4127 apostolus
3074 4063 3089 4108 ε
3143 4045 3254 4122 Sit,
3309 4047 3540 4130 inquit,
3573 4078 3839 4132 1000⁶‚.‚19‚

437 4148 717 4216 verbum
745 4144 1032 4229 proferas
1064 4146 1313 4209 veritati
1344 4145 1685 4228 Scripturae
1712 4154 1824 4208 aut
1849 4145 1955 4210 ho-
2058 4143 2268 4207 omnis
2310 4142 2499 4206 homo
2537 4142 2719 4206 velox
2757 4144 2838 4206 ad
2881 4144 3292 4221 audiendum,
3329 4148 3546 4211 tardus

440 4246 680 4311 naetati
731 4244 1041 4309 virtutum
1096 4244 1528 4323 eontrarium3
1580 4252 1643 4306 et
1690 4262 1949 4326 praeser-
1976 4246 2027 4309 D
2057 4250 2269 4304 autem
2309 4242 2388 4303 ad
2429 4240 2840 4323 loquendum.
2874 4241 3017 4306 Ideo
3062 4241 3300 4307 Seneca
3342 4245 3548 4328 loqui-

441 4346 567 4410 tim
615 4346 873 4407 incaute
921 4351 1030 4405 aut
1079 4350 1585 4425 praesumptuose
1643 4342 1806 4405 nihil
1856 4344 1947 4407 lo-

440 4441 669 4526 quaris
708 4441 791 4503 de
827 4439 976 4517 Deo,
1018 4448 1083 4503 et
1118 4440 1199 4503 de
1243 4448 1470 4502 natura
1516 4449 1580 4502 et
1621 4439 1945 4503 attributis

444 4541 655 4625 ipsius
702 4560 717 4605 ε
761 4538 935 4621 quia,
988 4546 1060 4600 ut
1101 4538 1190 4600 ait
1236 4538 1600 4619 ApostoluS‚
1650 4538 1945 4601 Corrum-

443 4649 614 4726 punt
650 4657 863 4703 mores
905 4636 1107 4701 bonos
1154 4635 1473 4719 colloquia
1512 4636 1700 4700 mala.
1748 4638 1825 4699 Et
1863 4638 1943 4701 ad

446 4738 933 4823 reprimendum
969 4755 1085 4799 nos
1117 4735 1197 4799 ab
1230 4735 1645 4801 immoderato
1684 4737 1945 4801 Deitatis

446 4860 525 4903 ac
566 4837 960 4921 judiciorum
1002 4835 1143 4916 ejus
1184 4834 1518 4914 scrutinio,
1561 4835 1803 4899 dictum
1849 4846 1947 4900 est

446 4938 519 5000 in
569 4936 739 4999 libro
774 4932 1264 4998 Proverbiorum
1303 4950 1317 4995 τ
1359 4932 1475 5007 Qui
1516 4942 1945 5015 perscrutator

444 5044 547 5101 est
576 5034 949 5117 majestatis,
985 5031 1385 5115 opprimetur
1412 5050 1449 5095 a
1475 5032 1699 5112 gloria.
1728 5036 1944 5114 Neque

441 5156 557 5198 cor
586 5145 775 5197 tuum
803 5133 889 5193 sit
918 5136 1105 5193 velox
1130 5134 1219 5191 ad
1232 5132 1699 5208 proferendum
1719 5152 1947 5192 sermo-

440 5256 595 5297 nem
622 5253 843 5294 coram
868 5234 999 5293 Deo
1030 5250 1053 5291 .·
1084 5230 1148 5292 id
1177 5238 1295 5303 est,
1330 5248 1407 5292 ex
1437 5228 1945 5294 consideratione

440 5332 685 5397 divinae
727 5328 1081 5413 praesentiae
1120 5326 1337 5392 omnia
1375 5327 1681 5391 intuentis
1724 5346 1799 5392 ac
1839 5328 1945 5409 ju-

2058 4349 2160 4403 tur
2211 4361 2224 4405 :
2278 4340 2454 4404 Sicut
2501 4340 2776 4423 sapienti
2819 4340 2958 4406 viro
3002 4342 3290 4406 incessus
3332 4345 3548 4410 mode-

2056 4439 2214 4502 stior
2261 4439 2582 4517 convenit,
2637 4439 2725 4501 ita
2773 4438 2975 4503 oratio
3001 4440 3095 4521 (id
3141 4450 3238 4505 est
3281 4442 3547 4529 locutio)

2055 4556 2295 4621 pressa,
2340 4557 2468 4601 non
2511 4538 2736 4600 audax.
2790 4537 3244 4621 Tardiloquum
3298 4550 3358 4604 te
3403 4562 3542 4607 esse

2053 4636 2270 4719 jubeo.
2293 4637 2492 4719 Prope
2521 4644 2617 4700 est
2648 4656 2687 4699 a
2714 4644 2776 4700 te
2806 4637 2968 4700 Deus
2995 4654 3010 4699 ε
3038 4637 3244 4701 bonus
3272 4640 3373 4704 vir
3404 4642 3542 4705 sine

2055 4736 2182 4798 Deo
2231 4754 2358 4799 non
2406 4742 2524 4798 est.
2575 4734 2654 4797 Et
2702 4734 2932 4799 iterum
2988 4754 3002 4798 ε
3050 4735 3152 4799 Sic
3202 4736 3346 4801 vive
3393 4758 3538 4803 cum

2056 4834 2448 4911 hominibuS,
2482 4841 2786 4915 tanquam
2829 4833 2991 4896 Deus
3029 4833 3280 4913 videat3
3323 4836 3414 4899 sie
3453 4837 3545 4901 lo·

2055 4951 2251 5015 quere
2269 4952 2412 4995 cum
2447 4932 2911 5015 De0,tanquam
2939 4933 3228 4998 homines
3258 4935 3536 5001 audiant.

2135 5036 2304 5094 Deus
2349 5034 2522 5092 enim
2571 5033 2644 5092 in
2689 5036 2866 5102 coeIn,
2912 5031 2975 5094 id
3021 5040 3138 5109 est,
3192 5032 3331 5116 ipse
3376 5034 3540 5100 Deus

2054 5138 2281 5207 rector,
2316 5138 2580 5205 creator,
2610 5138 2672 5191 et
2719 5129 3016 5192 dominus
3063 5138 3160 5193 est
3206 5132 3536 5213 coelorum,

2052 5238 2117 5294 et
2149 5227 2215 5290 in
2243 5228 2337 5290 eis
2367 5227 2449 5290 ob
2479 5245 2660 5289 suam
2698 5227 3138 5291 excellentiam
3179 5231 3540 5311 specialiter

2053 5346 2193 5392 esse
2233 5324 2650 5406 habitareque
2689 5325 2944 5389 dicitur.
2998 5325 3142 5393 ldeo
3184 5346 3332 5393 eum
3371 5348 3543 5397 eom-
