4284 6267
1453 1318 2312 1432 PRAEFATIO

555 1979 766 2039 IXIT
794 1980 1113 2039 Dominus
1158 1980 1494 2039 Salomoni
1531 2000 1553 2038 .·
1594 1980 1761 2047 Quia
1801 1980 2144 2056 postulasti
2186 1979 2603 2055 sapientiam,
2649 1997 2783 2037 ecce
2824 1981 2978 2039 dedi
3024 1980 3141 2040 cibi
3181 2001 3288 2041 cor
3327 2000 3427 2041 sa-

322 1970 540 2245 D
575 2086 772 2163 piens
809 2096 868 2147 ec
909 2088 1298 2163 inteliiqens,
1333 2088 1406 2145 in
1450 2096 1706 2147 caucum
1745 2096 1814 2147 uc
1853 2090 2078 2147 nullus
2114 2095 2265 2146 ante
2300 2096 2355 2145 te
2389 2087 2630 2145 similis
2667 2088 2766 2146 cui
2792 2088 3026 2163 fuerit,
3054 2108 3169 2148 nec
3196 2098 3335 2165 post
3372 2100 3429 2149 te

581 2201 994 2254 surrecturus
1031 2196 1138 2254 sit.
1183 2193 1256 2255 Ill
1293 2193 1442 2274 Reg.
1487 2212 1574 2268 111,
1620 2194 1718 2270 11,
1763 2193 1861 2255 12.

437 2298 504 2359 ln
545 2299 649 2360 his
689 2298 906 2361 verbis
945 2300 1068 2362 tria
1110 2309 1456 2380 tanguntur
1492 2319 1504 2363 ε
1556 2320 1784 2383 nempe
1823 2300 2197 2364 excellentia
2239 2298 2567 2381 sapientiae
2606 2298 2926 2363 Salomoni
2972 2319 3324 2381 concessae3
3366 2311 3431 2364 et

324 2404 621 2483 qualiter,
676 2425 792 2469 seu
843 2426 881 2469 a
936 2427 1065 2489 quo
1125 2428 1264 2471 eam
1317 2409 1654 2491 acceperit,
1709 2408 1955 2471 scilicet
1999 2427 2112 2490 per
2163 2406 2553 2469 infusionem
2603 2426 2641 2467 a
2688 2406 2867 2486 De03
2919 2415 2981 2470 et
3031 2407 3180 2469 item
3240 2428 3430 2471 causa

325 2513 654 2576 meritoria
695 2514 1042 2577 infusionis
1092 2523 1222 2577 tam
1268 2516 1574 2591 liberaliS,
1623 2516 1942 2592 videlicet,
1978 2514 2283 2597 quoniam
2326 2515 2473 2576 data
2515 2513 2638 2575 sibi
2684 2514 2941 2595 optione
2982 2515 3063 2576 ad
3106 2516 3431 2597 postulan-

322 2610 469 2681 du'm
517 2622 694 2701 quod
743 2621 957 2698 vellet,
1011 2622 1395 2703 sapientiam
1444 2622 1630 2703 petiit
1679 2622 1880 2702 magis
1925 2641 2114 2704 quam
2166 2619 2445 2696 divitias’,
2500 2640 2689 2702 quam
2743 2621 3206 2701 longitudinem
3256 2622 3425 2700 vitai,

324 2745 510 2807 quam
565 2727 830 2805 famam,
877 2729 980 2791 vel
1029 2728 1448 2811 triumphum.

435 2835 728 2916 Denique
770 2837 918 2899 data
957 2845 1053 2899 est
1092 2836 1414 2900 Salomoni
1455 2838 2152 2919 supernaturaliterque
2192 2836 2429 2914 infusa,
2467 2836 2779 2918 sapientia
2820 2836 3177 2919 multiplex.
3216 2838 3425 2902 Primo

321 2940 646 3019 videlicet,
683 2943 997 3024 sapientia
1031 2943 1143 3006 illa
1180 2964 1324 3026 quae
1364 2953 1460 3007 est
1505 2964 1700 3007 unum
1733 2953 1796 3007 et
1827 2945 2105 3026 primum
2145 2945 2312 3005 inter
2351 2951 2593 3025 septem
2635 2945 2799 3007 dona
2838 2942 3110 3026 Spiritus
3156 2944 3367 3008 Sancti
3405 2963 3419 3007 :
3480 2963 3543 3007 12.
3564 2976 3622 3015 xl,
3642 2966 3682 3008 2.

322 3056 384 3109 et
425 3049 564 3112 haec
607 3050 927 3132 sapientia
969 3058 1066 3113 est
1105 3050 1360 3113 habitus
1404 3051 1907 3133 supernaturalis
1947 3049 2238 3129 infusus3
2284 3069 2397 3132 per
2436 3069 2627 3132 quam
2667 3070 2846 3113 mens
2889 3059 3099 3114 creata
3136 3053 3425 3135 agnoscit

327 3164 386 3217 et
415 3157 896 3239 contemplatur
925 3157 1144 3221 dlvina
1173 3178 1316 3221 cum
1347 3167 1538 3239 gustu
1569 3158 1838 3235 interm,
1872 3168 1934 3221 et
1964 3158 2127 3221 bene
2156 3158 2400 3239 judicat
2428 3158 2505 3220 de
2535 3176 2783 3220 summo
2814 3166 2877 3219 et
2916 3158 3424 3223 incommutabili

329 3261 518 3339 bone,
571 3282 686 3345 per
735 3266 1333 3329 connaturalitatem
1380 3267 1460 3328 ad
1511 3266 1692 3343 illud,
1737 3274 1800 3329 et
1848 3285 1961 3348 per
2007 3265 2515 3328 conformitatem
2564 3262 2845 3327 affectus
2887 3266 2965 3327 ad
3011 3266 3214 3347 ipsam
3262 3270 3427 3331 noti-

329 3368 502 3433 tiam.
539 3371 776 3454 Sicque
805 3392 920 3455 per
951 3374 1330 3455 sapientiam
1363 3374 1547 3437 istam
1578 3374 1867 3455 agnoscit
1896 3374 2107 3449 homo,
2132 3391 2259 3436 non
2286 3374 2417 3454 jam
2450 3372 2622 3433 nuda
2648 3380 2707 3435 et
2741 3371 3002 3436 informi
3035 3374 3281 3451 notitia,
3316 3377 3424 3439 sed

327 3475 606 3542 formata
632 3489 696 3542 et
724 3480 1032 3543 affectiva
1059 3481 1438 3561 cognitione,
1473 3482 1644 3563 quod
1677 3481 1812 3544 solo
1845 3480 1969 3544 Deo
2015 3480 2353 3544 fruendum
2400 3478 2505 3555 sit,
2537 3486 2600 3539 et
2640 3478 2749 3561 [ei]
2788 3498 3035 3543 summe
3072 3482 3427 3545 vacandum

323 3595 515 3667 atque
548 3587 838 3650 finaliter
871 3586 1310 3650 inhaerendum
1346 3606 1359 3650 ε
1395 3598 1457 3651 et
1485 3608 1628 3651 cum
1665 3606 1889 3670 sapore
1920 3587 2173 3649 interno
2206 3586 2297 3649 sic
2328 3584 2523 3649 sentit
2550 3593 2615 3647 et
2640 3585 2903 3665 judicat.
2948 3586 3085 3649 Haec
3115 3589 3428 3669 sapientia

325 3710 450 3755 non
495 3703 715 3776 potest
751 3713 892 3757 esse
935 3694 1254 3769 informiS,
1289 3694 1418 3758 imo
1456 3696 1703 3758 caritati
1750 3692 2263 3777 inseparabiliter
2303 3700 2399 3755 est
2440 3709 2765 3754 connexa:
2803 3691 2890 3754 ita
2927 3694 3099 3773 quod
3144 3694 3428 3775 quicum-

321 3819 444 3881 que
491 3802 750 3864 exsistit
808 3802 872 3863 in
923 3810 1091 3864 statu
1137 3802 1383 3877 salutiS,
1431 3803 1550 3866 hoc
1607 3810 1702 3865 est
1746 3802 1812 3863 in
1868 3800 2130 3863 caritate
2179 3807 2242 3862 et
2290 3800 2513 3879 gratia,
2568 3798 2758 3861 habet
2806 3799 3183 3881 sapientiam
3234 3802 3421 3866 istam

321 3910 680 3973 secundum
717 3909 997 3991 aliquem
1036 3912 1300 3991 gradum
1331 3930 1346 3990 3
1389 3919 1453 3972 et
1490 3918 1726 3991 quanto
1768 3909 1914 3991 quis
1951 3907 2229 3989 amplius
2259 3906 2486 3970 crescit
2516 3906 2582 3968 in
2623 3907 2905 3984 caritate,
2940 3915 3116 3971 tanto
3146 3910 3423 3992 amplius

321 4018 554 4080 crescit
601 4016 665 4078 in
713 4016 1028 4099 sapientia
1069 4017 1210 4079 ista.
1255 4017 1420 4093 Ideo,
1462 4017 1625 4079 sicut
1671 4035 1797 4079 non
1848 4023 1945 4077 est
1993 4013 2380 4077 credendum
2426 4012 2826 4076 Salomonem
2874 4012 3074 4077 fuisse
3114 4016 3419 4097 majorem

319 4124 550 4208 Moyse,
595 4124 935 4199 Abraham,
978 4122 1196 4200 David,
1233 4132 1296 4186 et
1339 4121 1785 4187 consimilibus
1822 4122 2068 4185 Sanctis
2111 4122 2177 4183 in
2223 4121 2485 4183 caritate
2528 4129 2591 4183 et
2633 4121 2988 4199 sanctitate,
3026 4123 3261 4204 quibus
3306 4146 3421 4191 nec

320 4232 386 4294 in
422 4232 698 4295 caritate
731 4240 797 4295 et
837 4231 1173 4294 sanctitate
1210 4230 1474 4313 aequalis
1515 4230 1714 4293 fuisse
1751 4238 2089 4310 censetur3
2125 4228 2217 4292 sic
2255 4228 2321 4290 in
2363 4228 2677 4310 sapientia
2714 4227 2836 4289 ista
2878 4247 2993 4292 nec
3031 4232 3257 4312 major,
3304 4252 3421 4297 nec

319 4340 588 4422 aequalis
632 4339 762 4402 illis
809 4339 1092 4401 creditur
1131 4338 1473 4401 exstitisse.

435 4448 584 4510 Alia
618 4454 718 4509 est
749 4445 1066 4528 sapientia
1102 4446 1628 4527 supernaturaliS,
1660 4446 1900 4509 donum
1936 4464 2010 4507 ac
2047 4444 2306 4507 habitus
2351 4444 2571 4523 gratiae
2612 4441 2807 4521 gratis
2845 4443 3007 4506 datae
3045 4446 3355 4510 exsistens
3401 4465 3415 4511 τ

319 4575 430 4637 per
475 4573 680 4637 quam
723 4553 916 4617 homo
965 4553 1085 4616 scit
1129 4562 1193 4615 et
1236 4562 1444 4635 potest
1486 4573 1559 4617 ea
1601 4572 1744 4635 quae
1789 4550 1946 4615 fidei
1997 4560 2169 4628 sunt,
2216 4551 2558 4626 declarare,
2602 4549 2894 4631 probare,
2934 4550 3297 4617 defendere.
3336 4556 3421 4618 De

317 4682 442 4743 qua
471 4661 768 4742 loquitur
806 4660 1195 4741 Augustinus
1229 4678 1242 4721 :
1281 4659 1482 4723 Habes
1521 4660 1724 4742 ipsam
1759 4658 1978 4735 fidem,
2014 4676 2140 4721 non
2182 4656 2376 4719 habes
2418 4656 2621 4738 ipsam
2664 4655 3028 4721 facultatem
3062 4679 3135 4721 ac
3170 4662 3417 4745 copiam

317 4767 714 4831 defendendi
764 4764 984 4828 fidem.
1035 4766 1192 4829 Hinc
1250 4766 1563 4848 sapientia
1610 4766 1730 4828 ista
1777 4773 1983 4847 potest
2028 4763 2536 4840 esse·informi5‚
2589 4764 2651 4826 id
2708 4772 2804 4826 est
2850 4765 2989 4827 sine
3044 4767 3305 4832 caritate
3357 4779 3420 4833 et

315 4876 519 4956 gratia
567 4883 824 4957 gratum
875 4872 1152 4935 faciente
1202 4891 1216 4935 :
1269 4880 1492 4954 estque
1535 4872 1892 4936 communis
1939 4871 2240 4935 virtuosis
2287 4891 2360 4933 ac
2408 4870 2655 4935 vitiosis
2708 4871 3101 4951 hominibuS,
3145 4875 3309 4939 sicut
3356 4887 3420 4941 et

317 4993 527 5047 cetera
569 4982 793 5063 gratiae
835 4980 1032 5063 gratis
1069 4981 1232 5043 datae
1269 4981 1456 5044 dona.
1490 4981 1576 5043 De
1614 4999 1741 5061 qua
1777 4979 1868 5041 ait
1904 4980 2245 5061 Apostolus
2279 4999 2293 5043 ε
2330 4978 2454 5039 Alii
2496 4996 2607 5059 per
2647 4978 2951 5059 Spiritum
2996 4982 3179 5043 datur
3208 5003 3415 5049 sermo
3480 5003 3708 5057 teomn,

315 5091 676 5173 sapientiae,
711 5088 819 5151 alii
865 5107 1074 5151 sermo
1111 5087 1413 5152 scientiae.
1459 5086 1602 5150 Haec
1641 5087 1975 5169 sapientia,
2010 5086 2305 5169 quamvis
2347 5083 2645 5167 gloriosis
2682 5084 3023 5167 Apostolis,
3068 5089 3416 5174 multisque
3446 5070 3487 5110 ⁸·

315 5198 456 5260 aliis
509 5196 766 5261 Sanctis
813 5213 930 5278 per
981 5194 1368 5259 infusionem
1415 5194 1498 5255 sit
1551 5194 1716 5273 data,
1773 5194 1975 5259 nihilo
2024 5194 2239 5257 minus
2296 5212 2410 5275 per
2458 5192 2817 5270 lectionem,
2871 5194 3285 5277 auditionem,
3339 5219 3416 5264 ac

313 5307 604 5369 studium
649 5321 845 5368 sacrae
883 5301 1223 5385 Scripturae
1261 5312 1323 5367 et
1357 5302 1859 5382 theologicorum
1898 5302 2302 5369 voluminum
2343 5307 2554 5384 potest
2591 5299 2834 5363 addisci
2868 5317 2883 5363 z
2920 5300 3050 5365 imo
3088 5322 3126 5365 a
3162 5306 3419 5373 studen-
