4284 6267
108 2409 179 2451 Pe.
193 2423 261 2451 ux

86 2473 149 2512 ⁴9.

96 2712 173 2755 lot·
186 2727 253 2763 vn,
274 2716 337 2757 Η.

974 553 1328 601 ENARRATIO
1369 554 1433 599 m
1474 554 1612 601 GAP.
1658 554 1787 600 xvn
1828 553 1987 599 LIBRI
2028 553 2384 600 SAPmN'nAE.
2429 573 2510 583 —
2550 556 2692 601 ΛΒΤ.
2737 555 2864 602 XVII

3343 537 3466 603 549

447 726 675 804 Neque
722 729 899 785 enim
944 745 1086 805 quae
1132 725 1493 785 continebat
1540 725 1685 783 illos
1729 741 1864 799 spe·
1892 720 1943 781 A
1975 722 2400 786 communiter
2428 732 2654 806 putant
2682 725 2745 787 hi
2759 772 2772 799 ‚
2815 725 3050 806 quibus
3084 726 3232 789 talia
3271 746 3464 809 appa-

365 827 593 893 Zunea,
649 826 791 885 sine
844 826 1072 884 timore
1116 824 1504 883 custodiebat
1546 843 1569 881 .·
1619 820 1684 883 id
1741 828 1857 897 est,

364 922 559 984 etiam
590 922 657 983 in
688 922 820 985 suis
847 921 1132 984 latibulis
1159 920 1223 982 in
1249 938 1393 1001 quae
1420 920 1858 1000 confugerunt,

366 1040 443 1084 ex
502 1022 836 1104 plagarum
901 1021 1161 1085 horrore
1218 1020 1627 1083 vehementer
1686 1020 1865 1081 time-

368 1120 559 1200 bant3
602 1123 915 1202 quoniam
954 1122 1203 1181 sonitus
1241 1122 1640 1190 desc-endem,
1673 1117 1737 1180 id
1769 1126 1865 1181 est

367 1219 447 1281 de
479 1238 627 1283 aere
657 1217 957 1296 venienS,
980 1226 1133 1300 puta
1174 1217 1549 1295 tonitruum,
1584 1216 1686 1280 vel
1724 1216 1866 1297 qui-

366 1336 647 1399 cumque
690 1317 855 1380 aeris
903 1316 1135 1397 fragor,
1175 1318 1596 1395 perturbabat
1645 1318 1792 1375 illos
1840 1335 1862 1373 .-

362 1415 659 1479 homines
689 1415 861 1478 enim
908 1415 975 1477 in
1017 1413 1505 1479 adversitatibus
1543 1422 1606 1476 et
1639 1411 1865 1475 diffor-

363 1515 567 1578 tuniis
598 1513 813 1597 positi,
842 1513 1117 1577 faciliter
1150 1520 1614 1596 perterrentur3
1636 1524 1695 1573 et
1716 1532 1864 1591 per-

358 1635 535 1676 sonoe
569 1616 776 1675 tristes
804 1616 942 1674 illis
971 1623 1376 1691 apparente-5,
1389 1632 1698 1690 pavorem
1728 1614 1863 1671 iltis

352 1715 779 1790 proestabant.
832 1711 1132 1774 Homines
1178 1712 1421 1793 quippe
1464 1710 1861 1774 formidolosi

360 1818 425 1874 et
450 1811 767 1891 angustiis
797 1810 990 1893 pleni,
1012 1810 1342 1892 patiuntur
1372 1810 1439 1872 in
1471 1827 1713 1886 somno,
1735 1808 1864 1872 imo

1971 829 2114 882 rent
2157 822 2224 883 in
2267 841 2510 885 somno.

2054 922 2141 981 Et
2171 924 2439 999 maqicce
2466 924 2631 982 artis
2659 926 2938 1001 appositi
2963 934 3150 985 erant
3178 926 3462 985 derisus:
3605 940 3642 995 7

1973 1018 2038 1079 id
2088 1027 2204 1094 est,
2263 1020 2488 1082 ceteris
2531 1019 2808 1083 miseriis
2857 1030 2920 1084 et
2966 1021 3242 1103 flagellis
3282 1022 3465 1105 AEgy-

1974 1117 2252 1197 ptiorum
2300 1118 2599 1200 apposuit
2631 1119 2793 1181 Deus
2840 1119 3169 1183 irrisiones
3210 1129 3274 1183 et
3314 1139 3464 1183 con-

1976 1213 2264 1277 fusiones
2301 1232 2631 1295 magorum
2676 1224 2738 1280 et
2777 1216 3216 1280 maleficorum
3255 1235 3268 1279 :
3302 1237 3461 1300 quos
3514 1239 3754 1291 emam,

1971 1312 2212 1376 Pharao
2241 1314 2595 1389 advocavit,
2616 1321 2686 1375 ut
2711 1316 3078 1379 resisterent
3105 1315 3321 1398 Moysi3
3343 1334 3463 1380 coe-
3493 1307 3562 1409 ζ’,
3590 1304 3655 1407 ’.ξ’
3685 1304 3752 1354 ²²³

1973 1420 2333 1493 peruntque
2360 1413 2420 1474 ei
2451 1413 2761 1488 resistere,
2785 1414 2895 1477 sed
2926 1414 3310 1489 defecerunt,
3333 1432 3461 1477 non
3567 1397 3579 1417 '

1973 1511 2243 1574 valendo
2288 1512 2640 1592 producere
2689 1511 2973 1590 scinifeS,
3015 1520 3084 1575 ut
3125 1512 3357 1576 dicitur
3394 1513 3460 1575 in
3518 1534 3638 1579 laia.
3667 1548 3753 1587 vm,

1973 1609 2206 1672 Exodo.
2242 1609 2317 1672 Et
2343 1610 2535 1691 paulo
2564 1618 2708 1691 post
2739 1610 2998 1673 fuerunt
3025 1611 3341 1674 vulnerati
3369 1612 3462 1674 ul-
3491 1602 3557 1643 ¹⁸·

1972 1706 2227 1770 ceribus
2281 1708 2638 1771 vesicarum
2688 1708 3102 1789 turgentium,
3147 1710 3235 1773 ita
3290 1711 3459 1792 quod
3492 1726 3754 1783 nidum.

1972 1814 2138 1868 stare
2190 1823 2316 1868 non
2361 1814 2656 1888 poterant
2700 1825 2912 1870 coram
2955 1807 3182 1890 Moyse,
3225 1827 3344 1872 nec
3394 1828 3461 1872 se

361 1918 427 1971 et
487 1908 557 1970 in
607 1908 850 1988 vigilia,
899 1917 1184 1991 tempore
1233 1908 1438 1971 noctis
1486 1907 1859 1990 praesertim,
1898 1905 1941 1965 B
1974 1904 2170 1986 ipsoS,
2208 1922 2324 1967 nec
2365 1904 2524 1967 alios
2564 1904 2891 1985 adjuvare,
2924 1912 2994 1968 ut
3035 1914 3208 1987 patet
3245 1906 3311 1969 in
3351 1908 3465 1969 Ex-

365 2006 859 2087 imaginationes
892 2004 1243 2084 terribiles3
1266 2012 1329 2067 et
1359 2023 1526 2086 saepe
1555 2012 1866 2087 apparent

364 2104 462 2167 eis
492 2103 967 2167 miserabilium
1008 2121 1423 2185 personarum
1467 2103 1866 2185 phantasma-

366 2211 453 2279 ta,
486 2202 783 2265 timorem
831 2201 925 2264 eis
964 2200 1339 2264 incutientia
1374 2220 1388 2263 ε
1422 2201 1501 2264 ad
1530 2202 1700 2282 quod
1742 2202 1866 2264 dae-

367 2318 593 2363 mones
650 2317 818 2381 saepe
864 2308 1305 2382 cooperantur.
1354 2300 1499 2363 Ideo
1545 2298 1749 2362 fertur
1797 2298 1863 2362 in

266 2423 337 2459 vn,
366 2398 618 2461 Psalmo
654 2416 668 2459 :
710 2398 873 2460 Misit
924 2398 993 2460 in
1035 2416 1143 2461 eos
1192 2397 1351 2459 iram
1405 2397 1863 2477 indignationis

369 2516 523 2573 suae,
561 2496 992 2559 immissiones
1021 2515 1136 2578 per
1165 2494 1424 2575 angelos
1454 2494 1677 2558 malos,
1710 2494 1862 2557 Nam

367 2605 432 2659 et
464 2604 723 2658 sanctus
758 2595 874 2659 Job
915 2594 981 2656 in
1024 2592 1545 2677 percussionibus
1593 2593 1859 2675 posituS‚

368 2694 533 2757 dixit
569 2712 583 2756 :
620 2693 913 2757 Terrebis
956 2712 1059 2756 me
1104 2711 1217 2775 per
1256 2692 1526 2755 somnia.
1564 2695 1648 2753 Et
1690 2693 1865 2769 iynis

366 2795 635 2873 quidem
654 2796 843 2853 nulla
876 2794 972 2853 vis
990 2800 1245 2869 poterat
1276 2792 1414 2851 illis
1455 2794 1669 2851 lumen
1700 2810 1866 2867 proe-

368 2893 512 2951 bere
542 2912 566 2951 .·
598 2890 664 2953 id
712 2898 830 2965 est,
866 2889 1033 2970 ignis
1074 2889 1251 2951 nulla
1291 2908 1405 2951 sua
1442 2887 1727 2951 claritate
1755 2896 1865 2949 aut

366 2990 434 3053 vi
468 2997 716 3071 poterat
742 2987 1053 3071 AEgyptiis
1084 2988 1289 3050 lucem
1322 2985 1621 3049 exhibere
1654 2986 1864 3049 triduo

1973 2003 2116 2065 ode.
2170 2002 2330 2066 Hine
2383 2002 2639 2065 additur
2686 2021 2700 2064 ε
2747 2014 2806 2064 et
2859 2006 3197 2081 sapientiae
3235 2006 3466 2081 ylorioe

1972 2103 2274 2161 correctio
2301 2122 2324 2160 .·
2369 2099 2433 2162 id
2481 2110 2597 2176 est,
2651 2102 2811 2164 Deus
2855 2101 3101 2165 addidit
3147 2101 3278 2164 illis
3325 2120 3466 2165 cor-

1963 2199 2322 2277 rectionem
2376 2218 2554 2264 vanae
2600 2199 3022 2280 gloriationiS,
3069 2219 3197 2282 qua
3245 2200 3324 2263 de
3371 2219 3468 2263 sa-

1974 2297 2218 2380 pientia
2247 2315 2577 2377 magorum
2608 2298 3086 2379 gloriabantur:
3114 2317 3306 2380 quam
3335 2299 3470 2380 glo-

1972 2396 2312 2460 riationem
2377 2398 2540 2459 Deus
2606 2398 2881 2462 correxit
2935 2419 3081 2459 cum
3147 2408 3469 2460 contume-

1976 2498 2095 2566 lia,
2126 2495 2468 2559 ostendens
2500 2514 2828 2575 magorum
2859 2495 3319 2579 insipientiam,
3351 2517 3467 2580 per

1972 2593 2426 2658 confusibilem
2460 2594 2746 2676 ipsorum
2779 2594 3283 2659 vulnerationem
3317 2614 3469 2678 prae-

1976 2692 2192 2755 fatam.
2218 2695 2340 2754 Illi
2356 2694 2556 2766 enim,
2577 2692 2818 2755 scilieet
2850 2692 3041 2775 magi,
3060 2696 3178 2773 qui
3200 2696 3467 2771 promit·
3608 2701 3645 2756 8

1976 2794 2186 2853 cebant
2220 2794 2474 2852 timores
2512 2801 2572 2853 et
2606 2794 3120 2867 perturbationes
3154 2795 3468 2869 empellere

1970 2911 2035 2950 se
2062 2892 2141 2950 ab
2161 2892 2386 2949 anima
2419 2893 2776 2965 lanquente,
2800 2888 2865 2950 id
2895 2897 3009 2965 est,
3029 2889 3141 2971 qui
3171 2906 3467 2971 praesum-
3571 2886 3586 2931 ·’

1972 2996 2239 3070 pserunt
2277 2996 2340 3050 et
2377 2995 2786 3051 asseruerunt
2823 2988 2989 3068 quod
3037 2987 3119 3049 ab
3156 2986 3466 3070 AEgyptiis

367 3088 625 3150 illarum
670 3086 1093 3170 palpabilium
1133 3085 1562 3161 tenebrarum,
1607 3093 1866 3166 propter
1899 3085 1943 3149 C
1972 3085 2364 3168 expellerent
2432 3085 2780 3148 anxietates
2839 3092 2901 3147 et
2957 3084 3460 3166 inquietudineS,

367 3186 637 3249 nimiam
686 3186 1064 3249 densitatem
1114 3203 1366 3264 earum3
1418 3204 1533 3245 nec
1576 3185 1865 3244 siderum

370 3287 669 3362 limpidae
706 3288 1014 3361 flammae,
1046 3284 1110 3347 id
1148 3290 1244 3347 est
1284 3282 1469 3345 clarae
1508 3280 1866 3345 scintillati-

366 3402 525 3447 ones
563 3390 629 3445 et
658 3382 1100 3445 irradiationes
1140 3382 1491 3458 stellarum,
1524 3382 1866 3442 illumina-

367 3503 437 3543 re
459 3490 763 3559 poterant
794 3482 984 3541 illam
1022 3490 1265 3542 noctem
1303 3483 1693 3541 horrendam
1736 3487 1863 3541 tam

366 3578 481 3642 diu
534 3578 869 3640 durantem
922 3594 935 3639 :
989 3576 1089 3642 vel
1142 3577 1295 3658 quia
1334 3595 1442 3641 aer
1488 3596 1684 3659 capax
1734 3594 1862 3639 non

370 3678 519 3754 fuit,
580 3676 855 3739 nimium
914 3677 1330 3758 ingrossatuS,
1384 3684 1456 3738 ut
1512 3676 1713 3757 aliqui
1771 3675 1865 3738 di-

367 3784 567 3855 cunt3
625 3775 750 3853 vel,
803 3782 875 3837 ut
930 3774 1146 3857 potius
1203 3774 1504 3851 creditur,
1560 3772 1861 3855 quoniam

368 3875 537 3939 sicut
585 3874 712 3938 Deo
753 3874 1023 3955 jubente
1081 3873 1173 3936 sol
1241 3874 1451 3936 radios
1516 3891 1645 3935 suae
1702 3872 1862 3934 lucis

367 3972 688 4035 subtraxit
722 3970 1031 4053 AEgyptiis
1070 3970 1278 4033 tribus
1315 3970 1563 4045 diebuS,
1596 3969 1691 4032 sic
1735 3968 1864 4050 pla·

370 4079 537 4135 netae
576 4078 640 4133 et
678 4069 879 4132 stellae
922 4069 1215 4132 noctibus
1260 4068 1413 4130 illis.

452 4171 824 4247 Apparebat
852 4177 1072 4229 autem
1105 4169 1133 4225 i
1138 4170 1244 4228 llis
1275 4168 1649 4228 subitaneus
1690 4168 1864 4243 iynis

1973 3203 2133 3265 quas
2177 3183 2617 3246 sustinuerunt
2663 3201 2740 3246 ex
2780 3182 2984 3264 plagis
3028 3182 3162 3260 Dei,
3204 3184 3277 3244 hi
3316 3204 3465 3245 cum

1973 3284 2192 3343 derisu
2243 3284 2430 3361 pleni
2490 3282 2715 3343 timore
2763 3282 3119 3358 lanqueban
3130 3290 3174 3353 t,
3223 3280 3289 3343 id
3343 3288 3460 3358 est,

1976 3379 2139 3443 sicut
2167 3388 2232 3442 et
2263 3380 2458 3443 ceteri
2488 3380 2807 3444 vulnerati
2841 3378 3124 3457 fuerunt,
3155 3398 3229 3442 ac
3258 3378 3462 3442 territi

1973 3498 2048 3541 ex
2079 3477 2357 3557 flagellis
2386 3477 2719 3540 Altissimi.
2757 3480 2930 3541 Nam
2964 3480 3083 3539 etsi
3116 3479 3294 3539 nihil
3321 3479 3466 3537 illos
3605 3495 3642 3551 9

1971 3598 2053 3637 ex
2091 3578 2396 3638 monstris
2437 3578 2882 3653 perturbabat,
2913 3575 2977 3638 id
3019 3584 3137 3653 est,
3170 3575 3465 3657 quamvis

1973 3674 2143 3756 magi
2178 3673 2272 3735 illi
2305 3692 2432 3737 non
2488 3672 2887 3736 terrebantur
2914 3692 2992 3736 ex
3036 3682 3465 3736 monstrorum

1974 3771 2355 3835 terribilium
2389 3771 2698 3836 facierum
2727 3771 3142 3853 apparitione,
3162 3771 3465 3852 quoniam

1971 3870 2208 3934 assueti
2239 3878 2420 3933 erant
2469 3870 2618 3932 talia
2656 3886 2822 3951 saepe
2866 3868 3084 3932 videre
3118 3887 3132 3932 :
3166 3870 3467 3951 quemad-

1972 3971 2232 4032 modum
2261 3968 2528 4044 Balaam,
2549 3968 2911 4049 alloquente
2939 3986 3086 4030 eum
3115 3967 3296 4030 asina
3325 3987 3460 4045 sua,
3504 3994 3642 4039 Num.
3659 4008 3756 4047 nu,

1974 4085 2100 4129 non
2137 4065 2263 4128 fuit
2292 4065 2604 4143 turbatuS,
2640 4073 2859 4148 utpote
2896 4064 3131 4128 talibus
3161 4066 3466 4129 monstris
3491 4060 3630 4103 ²⁸⁴⁰·

1974 4174 2284 4241 assuetu3‚
2318 4165 2666 4228 secundum
2697 4165 3157 4245 Augustinum3
3183 4168 3466 4227 transitu

373 4270 603 4329 timore
633 4271 892 4345 plenus.
925 4265 1053 4329 Hoc
1082 4265 1512 4347 dispensative
1542 4264 1867 4342 continge-
1896 4268 1947 4330 D
1975 4265 2387 4334 animalium,
2408 4274 2468 4324 et
2495 4266 2888 4341 serpentium
2918 4264 3289 4326 sibilatione
3315 4284 3469 4325 com·

371 4385 442 4429 re
474 4364 681 4447 potuit
708 4364 788 4426 ad
817 4362 1125 4445 maj0rem
1145 4363 1579 4447 AEgyptiorum
1610 4361 1867 4425 afflicti-

371 4482 587 4541 onem,
620 4471 691 4525 ut
722 4481 903 4524 suam
936 4460 1347 4545 inspicientes
1378 4460 1863 4543 dispositionem

370 4569 434 4625 et
490 4562 759 4637 cladem,
821 4561 899 4623 ad
957 4559 1271 4623 modicam
1329 4579 1570 4624 moram
1612 4559 1865 4641 gravius

370 4660 912 4741 angustiarentur.
964 4658 1140 4722 Unde
1189 4658 1595 4742 subjungitur
1638 4679 1651 4723 ε
1686 4669 1747 4720 et
1790 4661 1865 4719 ti-

370 4780 545 4821 more
585 4759 871 4835 percussi
920 4758 1130 4827 illius,
1159 4778 1303 4837 quoe
1332 4778 1461 4819 non
1501 4758 1865 4826 videbatur,

367 4860 598 4936 faciei,
637 4856 701 4917 id
751 4864 869 4930 est,
904 4856 1090 4919 valde
1125 4854 1444 4937 perterriti
1496 4855 1870 4936 imaginaria

370 4955 775 5041 apparitione
838 4953 1144 5017 facierum
1196 4954 1683 5025 miserabilium,
1736 4972 1873 5035 quae

372 5056 439 5119 in
487 5054 757 5119 veritate
801 5071 933 5117 non
962 5053 1245 5127 aderant,
1277 5054 1681 5115 aestimabant
1709 5056 1873 5113 dete-

374 5156 557 5215 riora
606 5172 734 5213 esse
784 5172 927 5231 quoe
975 5152 1385 5219 videbantur,
1420 5150 1481 5212 id
1520 5160 1635 5227 est,
1688 5159 1873 5233 puta-

380 5252 533 5315 bant
562 5250 734 5332 quod
776 5250 979 5331 magis
1026 5248 1381 5331 periculosa
1420 5258 1481 5312 et
1522 5250 1747 5313 nociva
1780 5269 1876 5311 es-

380 5356 523 5412 sent
571 5367 715 5431 quae
752 5346 1165 5429 apparebant,
1217 5366 1408 5428 quam
1448 5355 1630 5411 erant
1662 5368 1675 5412 :
1710 5347 1877 5410 sieut

1975 4363 2158 4433 moti,
2209 4364 2615 4423 tremebundi
2661 4364 2969 4439 peribant
3017 4381 3041 4423 .·
3089 4362 3240 4443 quia
3299 4370 3470 4444 post-

1975 4478 2167 4544 quam
2202 4460 2270 4522 in
2311 4477 2378 4521 se
2423 4459 2580 4540 ipsis
2624 4459 2868 4541 experti
2919 4459 3180 4524 fuerunt
3229 4458 3466 4523 acerbi-

1975 4567 2170 4622 tatem
2217 4557 2602 4640 plagationis
2649 4558 2743 4619 eis
2792 4557 3084 4635 inflictae,
3137 4567 3466 4641 coeperunt

1976 4659 2223 4733 timere,
2257 4655 2448 4719 etiam
2479 4655 2614 4719 solo
2652 4656 2957 4737 adspectu
2987 4676 3062 4721 ac
3088 4656 3302 4720 sonitu
3331 4657 3467 4719 ani-

1977 4755 2243 4819 malium
2290 4755 2684 4819 nocivorum.
2737 4754 2895 4818 Hinc
2941 4756 3023 4818 ad
3064 4755 3466 4818 Timotheum

1978 4853 2202 4917 scribit
2231 4853 2570 4936 Apostolus
2605 4870 2618 4915 ε
2653 4852 3196 4927 Quemadmodum
3233 4853 3467 4917 Jannes
3525 4873 3759 4923 urim-1.

1978 4961 2041 5015 et
2070 4951 2378 5015 Mambres
2421 4952 2792 5015 restiterunt
2820 4951 3036 5035 Moysi,
3073 4952 3162 5014 ita
3189 4959 3251 5014 et
3279 4952 3343 5014 hi
3378 4970 3472 5015 re-
3496 4940 3538 4989 θ’
3558 4940 3600 4979 ⁹·

1980 5050 2216 5112 sistunt
2243 5050 2516 5113 veritati.
2551 5049 2674 5112 Sed
2703 5049 2869 5113 ultra
2907 5069 3036 5115 non
3069 5049 3417 5134 proficient
3453 5068 3466 5113 ε

1984 5147 2356 5230 insipientia
2383 5148 2552 5210 enim
2586 5166 2797 5210 eorum
2828 5146 3169 5211 manifesta
3196 5148 3317 5212 erit
3345 5168 3474 5212 om-

1986 5249 2199 5324 nibuS,
2221 5248 2385 5310 sicut
2413 5255 2474 5309 et
2502 5247 2758 5310 illorum
2785 5245 2919 5309 fuit.
2937 5252 3020 5310 Εἰ
3047 5270 3260 5310 aerem
3286 5271 3474 5329 quem

1984 5352 2175 5409 nulla
2204 5348 2458 5408 ratione
2503 5348 2648 5425 quis
2684 5350 2960 5424 effugere
2992 5358 3226 5424 posset,
3262 5346 3324 5409 id
3354 5357 3470 5426 est,
