4284 6267
1045 471 1399 520 mnrium
1442 473 1507 520 m
1547 473 1688 520 car.
1734 475 1819 520 xx
1858 473 2343 521 rnovnnmomm.
2391 494 2472 503 —
2512 474 2654 521 Aur.
2701 476 2786 521 xx
3346 453 3456 520 131

1448 923 2101 1010 ARTICULUS
2177 924 2332 1008 XX

804 1224 1242 1272 ELUcmA‘rto
1293 1225 1631 1272 GAPITULI
1680 1224 2005 1271 vlcnsun
2055 1227 2068 1270 :
2121 1227 2533 1274 LuxumosA
2586 1229 2716 1274 RES
2767 1229 3016 1275 lenu.

198 1536 223 1590 1
495 1533 945 1594 UXURIOSA
980 1552 1078 1591 res
1110 1533 1365 1592 vinum.
1392 1529 1565 1593 Sicut
1598 1529 1688 1594 sol
1722 1529 1871 1592 dici·
1899 1530 1948 1593 A
1978 1529 2286 1594 Delectari
2321 1540 2534 1594 autem
2576 1532 2643 1594 in
2679 1532 2830 1597 vino
2869 1533 3222 1615 superfluo,
3256 1536 3353 1599 vel
3401 1535 3464 1598 in

503 1638 611 1691 tur
640 1630 903 1702 calidus,
926 1649 1054 1694 non
1090 1629 1457 1705 formaliter,
1480 1631 1588 1692 sed
1624 1628 1869 1692 effecti·
1979 1627 2118 1710 ipso
2163 1647 2386 1712 sapore
2432 1639 2690 1712 propter
2733 1651 2822 1709 se,
2857 1640 2952 1694 est
2994 1632 3316 1696 illicitum.
3350 1633 3466 1708 Qui

362 1747 463 1802 ve,
496 1728 653 1810 quia
683 1747 759 1792 ex
792 1729 1111 1792 radiorum
1147 1747 1407 1792 suorum
1441 1728 1869 1811 repercussio·
1980 1727 2172 1807 igitur
2217 1729 2339 1804 his,
2391 1729 2634 1793 scilicet
2672 1731 2824 1794 vino
2872 1730 3310 1809 immoderato,
3360 1741 3468 1794 aut

364 1845 445 1889 ne
481 1827 772 1907 gignitur
808 1827 1020 1907 calor3
1066 1827 1159 1890 sic
1199 1826 1419 1891 vinum
1461 1835 1725 1890 vocatur
1767 1844 1865 1887 res
1980 1825 2393 1890 immoderate
2436 1829 2500 1890 in
2538 1830 2688 1892 vino
2717 1829 3038 1910 (quamvis
3081 1831 3359 1910 modico)
3405 1839 3468 1893 et

364 1924 715 2002 luxuriosa,
735 1926 887 2007 quia
919 1934 1136 1988 causat
1165 1924 1463 2002 calorem,
1486 1934 1548 1987 et
1584 1924 1865 1987 calidum
1976 1923 2303 2000 ebrietate,
2338 1925 2474 1990 sive
2513 1928 2612 2008 (ut
2654 1927 2914 2008 quidam
2955 1930 3310 2010 exponunt)
3353 1929 3463 2010 qui

360 2023 577 2086 efficit
620 2024 1023 2106 sanguinem,
1058 2024 1175 2106 qui
1216 2023 1437 2087 incitat
1479 2023 1608 2085 cito
1651 2023 1725 2084 ad
1774 2022 1868 2084 lu-
1976 2023 2099 2100 his,
2142 2033 2362 2107 utpote
2412 2026 2665 2089 luxuria
2712 2036 2775 2090 et
2820 2027 3147 2104 ebrietate,
3194 2028 3467 2092 delecta-

362 2142 511 2185 xum
531 2142 548 2199 ;
572 2123 991 2186 immoderate
1018 2142 1278 2205 quoque
1308 2122 1619 2199 laetificat,
1637 2128 1700 2184 et
1729 2140 1868 2183 cau·
1980 2129 2101 2199 tur,
2127 2142 2255 2185 non
2287 2124 2410 2186 erit
2437 2125 2693 2207 sapiens
2722 2125 3036 2208 sapientia
3065 2125 3303 2202 infusa,
3324 2144 3468 2207 quae

362 2231 459 2284 sat
508 2221 870 2296 audaciam,
918 2222 1316 2303 rationisque
1372 2220 1582 2284 lucem
1642 2219 1870 2284 obscu-
1977 2220 2217 2283 donum
2248 2230 2364 2298 est,
2390 2241 2508 2285 nec
2539 2223 2603 2284 in
2636 2223 2950 2304 sapientia
2979 2223 3250 2286 naturali
3284 2233 3346 2287 et
3376 2244 3470 2287 ac-

364 2328 495 2382 rat:
520 2319 763 2402 quibus
787 2320 1257 2402 peractiS,quid
1289 2319 1413 2381 nisi
1445 2336 1866 2383 vene-reorum
1978 2319 2218 2400 quisita
2249 2321 2408 2383 solet
2437 2339 2576 2384 esse
2607 2322 2960 2385 abundans.
2993 2322 3123 2385 Imo
3161 2323 3468 2404 quamdiu

366 2419 664 2481 imminet
714 2421 935 2480 amor?
982 2417 1127 2480 ldeo
1172 2417 1414 2479 dictum
1464 2424 1562 2478 est
1608 2416 1690 2479 ab
1740 2433 1868 2478 uno
1977 2417 2309 2481 actualiter
2352 2429 2699 2502 occupatur
2739 2429 2801 2483 et
2847 2421 3198 2484 delectatur
3241 2420 3340 2483 his
3381 2421 3470 2484 vi-

111 2596 121 2605 ·
154 2533 307 2576 retent.
367 2517 783 2600 prudentium
825 2515 1041 2578 saeculi
1080 2516 1273 2596 hujus
1312 2534 1325 2579 :
1363 2514 1512 2578 Sine
1542 2514 1766 2578 Cerere
1806 2522 1869 2576 et
1979 2515 2107 2592 tiis,
2144 2535 2260 2578 usu
2303 2525 2364 2579 et
2405 2526 2547 2580 actu
2579 2517 2909 2599 sapientiae
2936 2527 3126 2596 caret,
3163 2519 3466 2601 quoniam

110 2609 145 2638 '¹³
166 2596 259 2640 ΕΜ·
368 2617 613 2680 Baccho
661 2615 855 2696 friget
903 2616 1140 2679 Venus.
1190 2619 1277 2678 Et
1332 2619 1754 2682 tumultuosa,
1807 2613 1868 2676 id
1982 2614 2290 2678 rationem
2324 2616 2688 2693 absorbent,
2716 2617 2897 2699 juxta
2927 2617 3129 2682 illud:
3174 2617 3470 2681 Fornica-
3497 2644 3757 2695 ocem-‚st

368 2724 463 2778 est
491 2713 827 2796 garrulosa
857 2722 920 2777 et
951 2714 1258 2795 inquieta,
1292 2721 1389 2777 est
1416 2712 1869 2774 ebrietas-‚Ideo
1906 2719 1952 2780 Β
1984 2713 2069 2774 tio
2101 2720 2165 2775 et
2193 2713 2468 2776 ebrietas
2500 2721 2563 2776 et
2592 2715 2814 2776 vinum
2846 2713 3148 2777 auferunt
3180 2734 3306 2779 cor.
3324 2717 3468 2780 Ideo

148 2831 339 2882 amm,
369 2814 459 2877 ait
500 2813 789 2877 Salvator
832 2812 1203 2876 :Attendite
1238 2811 1443 2888 vobis,
1480 2829 1561 2872 ne
1604 2829 1872 2891 gravcn-
1979 2810 2169 2872 lsaias
2217 2811 2464 2874 inducit
2497 2811 2643 2875 :Vae
2689 2812 2802 2894 qui
2851 2813 3234 2893 consurgitis
3281 2833 3468 2876 mane
3523 2833 3584 2877 18.
3601 2836 3731 2884 mn.

110 2895 163 2933 ³⁴·
372 2921 473 2975 tur
500 2914 698 2977 corda
738 2919 949 2976 vestra
988 2911 1055 2973 in
1098 2910 1361 2993 crapula
1394 2910 1492 2974 vel
1536 2909 1865 2972 ebrietate.
1977 2910 2056 2971 ad
2084 2909 2455 2973 ebrietatem
2487 2911 2873 2988 sectandam,
2899 2919 2960 2974 et
2988 2913 3336 2994 potandum
3369 2933 3470 2975 us·

132 3029 341 3084 eptas,
370 3011 713 3094 Apostolus
753 3028 1015 3091 quoque
1048 3027 1061 3070 :
1096 3009 1323 3086 Nolite,
1362 3009 1593 3090 inquit,
1630 3006 1871 3070 inebri-
1979 3026 2103 3089 que
2132 3009 2212 3070 ad
2243 3027 2596 3090 vesperam.
3102 2993 3124 3010 ”

112 3094 162 3132 ¹³¹
371 3111 463 3172 ari
495 3111 671 3184 vino,
708 3109 774 3170 in
808 3127 937 3191 quo
965 3115 1061 3171 est
1092 3107 1364 3170 luxuria.
2059 3106 2218 3169 Hinc
2246 3125 2503 3189 quoque
2540 3106 2928 3190 philosophi,
2962 3116 3034 3169 ut
3073 3109 3284 3172 studio
3330 3109 3470 3191 phi-

454 3211 860 3287 Quicumque
888 3209 991 3267 his
1026 3210 1405 3278 delectatur,
1441 3227 1572 3267 non
1610 3207 1735 3265 erit
1771 3225 1872 3264 sa·-
1980 3204 2288 3287 losophiae
2329 3214 2542 3268 essent
2591 3205 2749 3288 apti,
2793 3225 2829 3268 a
2873 3206 3244 3284 vinolentia,
3289 3208 3465 3288 gula,

364 3309 573 3385 piens.
606 3306 865 3368 Certum
896 3312 992 3368 est
1027 3306 1199 3386 quod
1240 3322 1642 3387 nequaquam
1682 3303 1871 3365 liceat
1980 3303 2250 3378 luxuria,
2275 3302 2614 3384 diligenter
2641 3302 3111 3367 abstinuerunt.
3137 3304 3363 3386 Atque,
3401 3315 3472 3368 ut

374 3407 681 3469 ebrietate
713 3405 1039 3481 delectari,
1074 3422 1274 3486 quum
1306 3402 1390 3465 sit
1421 3402 1641 3466 vitium
1679 3401 1744 3463 in
1777 3420 1865 3462 sc.
1980 3401 2047 3463 in
2083 3401 2396 3464 Phaedone
2436 3401 2662 3464 asserit
2702 3401 2898 3479 Plato,
2931 3403 3343 3485 Nequaquam
3377 3413 3473 3467 est

375 3505 609 3568 Vinum
650 3523 805 3568 vero
831 3523 1031 3585 quum
1071 3503 1154 3565 sit
1195 3502 1451 3576 nobilis,
1489 3503 1779 3583 vigorosa
1808 3509 1869 3562 ct
1981 3499 2370 3581 philosophi,
2422 3500 2592 3563 circa
2638 3501 3092 3564 delectationes
3134 3512 3360 3582 gustus
3410 3513 3472 3566 et

377 3602 553 3665 utilis
612 3611 925 3675 creatura,
982 3601 1047 3662 in
1108 3620 1293 3663 usum
1355 3611 1416 3663 et
1466 3600 1868 3664 commodum
1981 3606 2184 3661 tactus
2222 3599 2484 3661 versari.
2518 3598 2695 3662 Unde
2735 3618 2934 3680 quum
2977 3601 3238 3682 quidam
3281 3601 3474 3664 inter-

124 3717 345 3772 ηαιιμ,
378 3700 713 3764 hominum
746 3698 935 3774 facta,
968 3699 1147 3781 juxta
1185 3698 1344 3761 illud
1385 3700 1453 3760 in
1492 3698 1760 3773 Psalmo,
1796 3697 1872 3759 Ut
1984 3706 2263 3778 rogasset
2291 3698 2632 3775 Platonem,
2647 3698 2823 3760 Unde
2854 3698 2973 3760 tibi
3003 3699 3314 3782 sapientia
3340 3709 3474 3763 tan-

114 3783 167 3822 ¹⁵·
376 3800 609 3863 educas
650 3817 884 3881 panem
924 3799 1004 3860 de
1042 3805 1230 3873 terra,
1267 3806 1331 3860 ct
1360 3797 1578 3861 vinum
1622 3814 1731 3859 cor
1762 3797 1873 3859 ho-
1985 3799 2078 3857 ta?
2098 3795 2636 3877 responditzssuia
2663 3796 2806 3878 plus
2830 3799 3198 3880 consumpsi
3227 3799 3307 3861 de
3331 3800 3472 3863 oleo

377 3899 568 3961 minis
619 3897 909 3962 laetificet
942 3915 959 3976 3
1008 3897 1087 3959 de
1134 3897 1319 3977 cujus
1372 3895 1869 3978 proprietatibus
1906 3896 1951 3959 C
1983 3893 2048 3955 in
2082 3893 2396 3975 lampade,
2434 3914 2628 3976 quam
2671 3895 2750 3956 dc
2789 3895 2940 3960 vino
2974 3896 3041 3956 in
3083 3895 3302 3960 calice.
3339 3897 3474 3960 Ari-

114 4011 347 4066 mamm,
375 4004 565 4078 atque
593 3995 942 4060 effectibus
974 3995 1040 4056 in
1068 3994 1449 4077 apocryphis
1472 3994 1684 4057 Esdrae
1714 3994 1874 4056 mul·
1982 3992 2240 4054 stoteles
2277 4011 2532 4074 quoque
2569 3992 2634 4053 in
2667 3992 3166 4055 Problematibus
3208 3994 3341 4057 suis
3383 3993 3474 4057 fa-

116 4077 239 4118 ¹⁸·²‘·
382 4103 441 4156 ta
477 4095 817 4174 leguntur3
859 4094 1027 4175 quod
1070 4091 1135 4155 in
1175 4092 1469 4155 Judicum
1513 4092 1676 4155 libro
1709 4092 1869 4156 dici·
1983 4097 2173 4166 tetur,
2208 4090 2378 4171 quod
2416 4097 2727 4153 amatores
2769 4090 3054 4154 dulcium
3097 4100 3247 4154 sunt
3287 4090 3468 4155 fatui.

142 4208 237 4250 :urs
237 4223 351 4262 .....
382 4201 479 4255 tur
508 4191 845 4256 laetificare
874 4192 1068 4254 Deum
1100 4201 1163 4254 et
1192 4190 1483 4254 homines
1506 4209 1518 4252 :
1541 4191 1691 4253 hinc
1722 4190 1873 4254 vino
1984 4189 2107 4251 Nec
2133 4188 2420 4251 dissonat
2448 4188 2617 4266 inde,
2653 4190 2824 4270 quod
2855 4190 2933 4252 de
2973 4190 3286 4272 sapientia
3320 4191 3474 4255 scri-

116 4272 171 4312 η·
383 4290 707 4367 delectari,
735 4307 863 4352 non
904 4296 1001 4352 est
1040 4288 1105 4350 in
1147 4307 1215 4351 se
1252 4288 1575 4363 vitiosum,
1612 4308 1732 4352 nec
1774 4309 1874 4351 sa·-
1982 4295 2163 4369 ptum
2211 4294 2308 4348 est
2357 4287 2422 4348 in
2471 4286 2608 4364 Job,
2645 4287 2776 4350 Non
2827 4287 3152 4351 invenitur
3196 4288 3263 4351 in
3308 4297 3472 4353 terra
3525 4314 3766 4369 Jobxxvm,

382 4389 639 4471 pientiae
670 4388 1137 4470 impeditivum,
1172 4387 1522 4470 praesertim
1554 4407 1752 4469 quum
1786 4388 1872 4449 vi·
1983 4385 2264 4448 suaviter
2311 4384 2688 4449 viventium.
2737 4385 2894 4448 Hinc
2941 4395 3168 4467 quarto
3215 4387 3477 4453 Prover-
3505 4379 3588 4426 ¹³·-

384 4506 531 4552 num
584 4486 962 4550 naturaliter
1009 4485 1279 4549 delectet
1328 4505 1443 4548 suo
1488 4504 1713 4569 sapore
1758 4503 1872 4566 gu·
1982 4483 2236 4548 biorum
2279 4503 2539 4547 suorum
2583 4483 2750 4547 libro
2791 4493 3048 4547 sanctus
3091 4486 3315 4548 scribit
3355 4487 3469 4570 Cy-

382 4585 796 4668 stumltaque,
812 4586 979 4648 sicut
1002 4583 1245 4647 licitum
1272 4584 1534 4649 estvino
1560 4586 1875 4649 moderate
1986 4582 2169 4644 rillus
2203 4599 2216 4643 z
2256 4581 2488 4644 Vinum
2530 4582 2656 4644 mel
2701 4582 2795 4646 ori
2833 4591 2950 4661 est,
2993 4584 3103 4646 sed
3145 4581 3231 4647 fel
3276 4585 3472 4667 capiti

385 4683 493 4760 uti,
529 4684 633 4748 vel
673 4701 866 4746 causa
904 4681 1240 4745 medicinae
1276 4682 1496 4764 (prout
1542 4682 1873 4746 Timotheo
1984 4698 2375 4743 venenosum
2411 4697 2426 4743 ε
2463 4678 2628 4762 sapit
2657 4680 2723 4741 in
2756 4698 2886 4757 ore,
2917 4681 3096 4743 ardet
3125 4680 3191 4742 in
3224 4690 3469 4760 ventre,

160 4793 293 4840 ινα-ι.
312 4811 353 4849 v,
382 4781 603 4844 scribit
638 4781 999 4863 ApostoluS,
1034 4780 1273 4843 Modico
1315 4779 1467 4845 vino
1508 4789 1685 4844 utere
1736 4800 1876 4863 pro·
1987 4779 2194 4840 fumat
2239 4778 2306 4840 in
2346 4779 2577 4860 capite,
2626 4778 2964 4842 contundit
3005 4797 3254 4858 sensuS,
3305 4780 3481 4860 vigo-

383 4887 516 4960 pter
554 4879 957 4943 stomachum
990 4887 1189 4956 tuum,
1224 4887 1288 4942 et
1319 4877 1689 4961 frequentes
1732 4887 1870 4942 tuas
1986 4897 2119 4941 rem
2175 4875 2534 4954 confundit,
2594 4877 3115 4957 imaginationem
3173 4878 3475 4958 destruit,

385 4975 842 5058 infirmitates),
875 4975 979 5041 vel
1007 4977 1091 5040 ob
1120 4975 1277 5039 alias
1312 4977 1633 5040 naturales
1674 4997 1747 5040 ac
1781 4997 1876 5040 ra·
1991 4976 2156 5039 tollit
2201 4971 2528 5056 mentem3
2577 4975 2783 5042 visum
2836 4975 3188 5053 obnubilat,
3245 4995 3476 5041 nervos

386 5075 719 5140 tionabiles
746 5093 971 5139 causas
990 5093 1007 5154 ;
1040 5075 1131 5138 sic
1164 5075 1413 5138 licitum
1444 5083 1541 5138 est
1570 5075 1724 5140 vino
1762 5077 1876 5140 de·
1906 5082 1956 5144 D
1988 5075 2176 5153 laxat,
2230 5074 2516 5156 linguam
2575 5072 2906 5138 balbificat
2959 5082 3022 5138 et
3079 5073 3469 5154 inhonestat,

388 5172 623 5252 lectari,
666 5174 945 5238 naturali
984 5194 1058 5238 ac
1100 5174 1391 5238 ordinata
1429 5174 1869 5254 delectatione,
1990 5192 2217 5237 manus
2255 5171 2591 5250 mobilitat,
2628 5179 2848 5254 pectus
2881 5170 3283 5253 inflammat3
3328 5192 3479 5255 spu-

388 5289 529 5356 quae
570 5273 818 5337 scilicet
859 5273 939 5337 ad
981 5273 1271 5337 debitum
1317 5271 1517 5336 finem
1572 5272 1867 5339 refertur.
1991 5280 2122 5336 mat
2177 5270 2514 5349 luxuriam,
2569 5270 2700 5336 vim
2755 5269 3133 5352 gignitivam
3191 5280 3475 5352 enervat,
