4284 6267
857 488 978 553 396

1455 507 1806 555 immuto
1849 507 1913 553 m
1953 507 2092 556 GAP.
2128 507 2170 552 V
2214 506 2455 555 canum
2496 506 2900 555 cfflncontm.
2946 528 3027 539 —
3067 508 3209 554 ΛΒΤ.
3253 508 3359 555 xv1

857 677 1010 753 suiS,
1047 688 1108 742 et
1146 679 1321 742 omni
1358 678 1806 743 inobedientiae
1844 689 1906 744 et
1943 681 2346 761 transgressi·
2375 677 2426 739 A
2456 678 2688 741 amoris
2716 678 3259 743 inflammationes
3286 688 3350 744 et
3375 680 3769 746 visitationes
3794 682 3941 745 divi-

854 778 960 840 oni
1001 779 1387 853 renuntiavi,
1421 787 1482 841 et
1518 778 1884 843 renuntiare
1918 799 2170 861 semper
2203 797 2347 860 pro-

854 893 1023 957 pono
1061 892 1072 936 :
1111 876 1252 940 idco
1283 886 1514 959 praesto
1555 896 1697 940 sum
1727 878 2008 941 obedire.
2041 880 2213 940 Lavi
2234 896 2344 955 pe-

851 977 960 1033 des
1003 996 1192 1043 meos,
1242 976 1306 1039 id
1351 984 1466 1053 est,
1511 975 1786 1039 affectus
1830 995 2002 1040 meos
2047 977 2128 1039 ab
2170 975 2344 1040 omni

853 1071 1203 1135 rebellione
1240 1083 1302 1136 et
1347 1074 1717 1137 carnalitate
1760 1075 2179 1157 interiorique
2223 1074 2347 1137 for-

854 1169 1194 1244 nicatione,
1217 1190 1331 1253 per
1361 1172 1834 1249 contritionem,
1854 1172 2340 1247 confessionem,

851 1268 1353 1332 satisfactionem
1405 1270 1715 1353 purgavi3
1760 1276 2070 1353 quomodo
2120 1274 2344 1351 inqui-

851 1370 1014 1427 nabo
1061 1370 1257 1428 illos?
1287 1368 1353 1430 id
1397 1377 1516 1445 est,
1551 1388 1953 1451 nequaquam
2001 1371 2185 1434 decet
2228 1390 2343 1434 nec

856 1463 951 1527 fas
1001 1476 1096 1528 est
1145 1466 1516 1530 recidivare.
1553 1468 1698 1531 Ideo
1746 1469 1892 1534 volo
1941 1469 2060 1531 tibi
2107 1468 2345 1551 jugiter

852 1564 1101 1645 ape-rire
1146 1585 1218 1629 ac
1271 1566 1549 1641 obedire,
1605 1586 1684 1630 nc
1729 1568 1928 1650 priori
1981 1568 2341 1631 remissioni

853 1662 1100 1743 ingrata
1129 1664 1440 1729 inveniar.
1477 1665 1627 1727 Nam
1663 1675 1724 1729 et
1757 1666 2020 1729 vulnera
2049 1666 2339 1749 repetita,

601 1780 770 1825 Mutet..
854 1771 1001 1824 sunt
1025 1764 1348 1844 graviora3
1373 1774 1434 1827 et
1463 1783 1647 1828 servo
1673 1765 1921 1847 ingrato
1950 1765 2215 1828 dimissa
2242 1766 2345 1827 de-

556 1858 670 1894 xvm,
685 1848 822 1888 32-34.

673 1964 709 2019 4
933 1962 1219 2022 Dilectus
1262 1983 1439 2023 meus
1477 1966 1650 2023 misit
1697 1983 1964 2025 manum
2005 1984 2188 2026 suam
2224 1982 2345 2040 per

850 2060 1172 2136 foramen,
1209 2059 1269 2121 ld
1303 2069 1420 2136 est,
1455 2069 1696 2123 secreta
1725 2060 2090 2123 visitatione
2123 2080 2226 2123 me
2257 2067 2344 2123 te-

854 2157 1015 2237 tigit,
1061 2157 1159 2221 vel
1205 2158 1616 2241 paternaliter
1663 2159 2028 2239 castigando
2077 2178 2343 2241 peccan-

854 2262 1001 2330 tem,
1047 2265 1156 2319 aut
1202 2255 1474 2319 validius
1521 2254 1982 2320 inflammando
2030 2264 2337 2339 paratam,

581 2372 698 2416 ιῡεα.
719 2388 818 2427 nv,
850 2353 1160 2435 adjiciens
1187 2356 1457 2433 gratiam
1491 2375 1680 2438 super
1709 2356 1974 2436 gratiam
2007 2374 2021 2417 :
2056 2356 2209 2436 quia
2238 2356 2343 2418 ha-

555 2438 622 2478 ²⁹·
849 2451 1022 2515 benti
1065 2454 1270 2529 datur,
1306 2462 1368 2515 et
1401 2454 1584 2517 bonae
1621 2474 1694 2517 ac
1730 2454 1990 2517 fervidae
2025 2454 2339 2517 voluntati

850 2569 968 2632 pax
1001 2551 1250 2613 interna
1277 2560 1563 2632 augetur,
1589 2552 1912 2634 profectus
1942 2552 2334 2631 conceditur,

846 2648 1121 2713 effectus
1168 2659 1524 2732 praestatur.
1575 2651 1733 2713 Hinc
1783 2659 1920 2714 orat
1957 2651 2268 2733 Propheta
2320 2668 2334 2713 :

551 2766 814 2817 ηοω-ω.
848 2749 1078 2811 Emitte
1117 2768 1376 2811 manum
1421 2758 1592 2812 tuam
1632 2750 1711 2813 de
1747 2748 1898 2813 alto.
1933 2751 2007 2811 Et
2033 2751 2336 2814 Ieremias

579 2866 786 2916 lenta,
849 2846 1082 2909 fatetur
1117 2865 1130 2909 :
1165 2847 1328 2909 Misit
1373 2848 1676 2911 Dominus
1723 2868 1982 2911 manum
2029 2868 2231 2926 suam,
2275 2859 2337 2912 et

846 2945 1051 3027 tetigit
1078 2965 1150 3009 os
1179 2964 1414 3009 meum.
1451 2947 1578 3010 Hoc
1613 2946 1896 3010 foramen
1929 2956 2023 3011 est
2053 2968 2219 3013 vena
2246 2949 2337 3011 di-

2458 796 2572 839 nas
2610 779 3075 841 concomitatur
3102 779 3361 859 grandis
3400 778 3690 844 alteratio
3724 798 3941 863 corpo-

2458 876 2565 953 riS‚
2602 876 2959 939 debilitatio
2992 877 3252 954 virium,
3285 878 3761 960 distemperatio
3804 878 3939 942 har-

2456 975 2686 1038 moniae
2717 994 2792 1037 ex
2825 975 3243 1038 redundantia
3273 976 3617 1058 superioris
3647 977 3845 1059 partis
3875 978 3935 1041 in

2456 1072 2849 1135 inferiorem.
2884 1073 3143 1155 Propter
3188 1074 3357 1154 quod
3400 1074 3648 1137 locutus
3686 1082 3785 1138 est
3823 1076 3937 1138 Isa-

2455 1171 2549 1234 ias
2585 1189 2599 1234 :
2633 1171 2868 1233 Venter
2910 1189 3092 1233 meus
3138 1174 3215 1235 ad
3260 1172 3436 1235 Moab
3478 1172 3659 1255 quasi
3700 1173 3935 1237 cithara
3964 1188 4023 1233 ι..
4051 1195 4199 1241 xum.
4266 1232 4268 1255 ,

2454 1270 2729 1334 sonabit.
2762 1271 3033 1333 Joannes
3062 1289 3317 1353 quoque
3352 1288 3366 1332 :
3400 1270 3793 1345 Amaricatus
3820 1280 3931 1351 est,
3964 1287 4201 1343 Apu-,ma
4266 1278 4268 1281 ‘

2454 1368 2683 1450 inquit,
2718 1377 2941 1432 venter
2968 1387 3147 1431 meus
3181 1370 3287 1447 (ex
3316 1369 3693 1449 imaginaria
3717 1369 3937 1434 videli-

2452 1475 2554 1529 cet
2582 1467 2971 1529 comestione
3001 1467 3395 1548 voluminis).
3428 1468 3603 1531 Unde
3630 1476 3695 1531 et
3721 1468 3935 1531 Daniel

2452 1565 2612 1629 dixit
2643 1583 2657 1628 :
2692 1565 2931 1645 Langui
2965 1573 3109 1648 post
3138 1564 3935 1629 visionem.Verumtamen
4004 1582 4199 1632 mmm,
4268 1555 4270 1687 Ι

2454 1664 2519 1727 in
2564 1664 2685 1727 hoc
2726 1664 2863 1727 loco
2902 1683 3082 1726 mens
3125 1682 3239 1744 per
3272 1672 3557 1727 ventrem
3602 1673 3809 1747 pote-st
3846 1665 3939 1727 in-
3966 1646 4031 1687 ²⁷·
4268 1691 4270 1748 Α

2452 1764 2677 1843 telligi,
2712 1771 2774 1825 et
2814 1782 2927 1845 per
2964 1763 3204 1827 ventris
3254 1770 3616 1839 tremorem,
3650 1783 3941 1828 reveren—

855 1860 1008 1937 bita,
1034 1880 1252 1924 rursus
1281 1862 1578 1945 imposita
1613 1872 1760 1925 sunt
1793 1873 1854 1926 et
1885 1863 1965 1926 ab
1995 1881 2071 1926 eo
2099 1872 2337 1926 exacta.
2382 1864 2426 1926 B
2455 1862 2625 1924 tialis
2664 1880 2736 1924 ac
2775 1861 3189 1925 formidolosa
3225 1860 3558 1924 admiratio
3591 1863 3941 1943 majestatis

2453 1960 2657 2043 ipsius
2686 1960 2930 2043 sponsi,
2966 1968 3035 2022 ut
3070 1959 3154 2022 sit
3192 1978 3415 2022 sensus
3450 1978 3464 2021 :
3498 1959 3731 2023 Venter
3762 1980 3941 2023 meus

2453 2060 2786 2123 intremuit
2814 2060 2893 2121 ad
2925 2067 3159 2122 tactum
3191 2059 3352 2141 ejus,
3374 2059 3437 2122 id
3466 2066 3583 2135 est,
3602 2078 3678 2122 ex
3706 2059 3943 2121 illumi-

2454 2158 2710 2222 natione
2740 2168 2803 2222 et
2844 2156 3356 2221 inflammatione
3396 2157 3631 2222 divinae
3669 2166 3944 2240 potesta-

2450 2258 2531 2319 tis
2564 2256 2629 2319 in
2662 2276 2763 2320 me
2793 2256 2979 2330 facta,
3013 2274 3197 2319 mens
3227 2274 3368 2318 mea
3405 2275 3549 2318 cum
3588 2257 3943 2319 reverentia

2449 2366 2512 2418 et
2558 2356 2743 2418 filiali
2790 2374 3023 2438 pavore
3064 2354 3373 2417 admirata
3412 2363 3511 2417 est
3548 2354 3943 2418 immensita-

2449 2463 2575 2517 tem
2610 2454 2961 2536 majestatis
2991 2454 3250 2531 divinae,
3275 2462 3467 2535 atque
3497 2453 3941 2518 interminabi-

2448 2554 2574 2616 lem
2629 2552 3094 2635 plenitudinem
3143 2552 3556 2635 perfectionis
3606 2572 3679 2615 ac
3718 2553 3938 2635 gloriae
4272 2610 4274 2637 Ι

2446 2653 2601 2733 ejus.
2618 2652 2775 2714 Hinc
2807 2650 3137 2733 Seraphim
3167 2670 3240 2714 ac
3268 2649 3607 2714 Cherubim
3640 2652 3937 2715 dicuntur
4272 2638 4274 2727 F

2444 2752 2570 2813 Deo
2614 2770 2757 2813 cum
2802 2749 3157 2813 reverentia
3205 2759 3269 2812 et
3310 2760 3483 2813 metu
3524 2750 3849 2814 adsistere.
4272 2756 4274 2769 ³

2528 2851 2831 2915 Surreoei,
2882 2858 2957 2909 ut
3004 2851 3323 2926 aperirem
3371 2851 3601 2910 dilecto
3648 2870 3783 2911 meo
3812 2872 3837 2910 .·
3870 2850 3933 2913 id
4076 2862 4109 2915 5

2444 2956 2560 3025 est,
2609 2948 2688 3010 ad
2730 2947 3183 3010 amorosiorem
3228 2947 3369 3029 ejus
3418 2947 3801 3029 amplexum,
3854 2950 3935 3013 ad

843 3044 979 3110 vini
1019 3045 1286 3108 susurrii
1336 3054 1461 3108 tam
1509 3055 1769 3121 secreta,
1805 3055 1876 3109 ut
1923 3056 2177 3110 sanctus
2218 3048 2333 3111 Job
2370 3051 2413 3114 C
2445 3047 2815 3112 validiorem
2850 3065 2981 3109 suae
3010 3045 3312 3109 bonitatis
3344 3044 3676 3123 affectum,
3700 3047 3780 3110 ad
3808 3048 3936 3112 cla-

558 3166 642 3209 Joa
665 3182 719 3217 ιι,
745 3171 809 3211 1¹.
842 3152 1225 3226 protestetur
1259 3162 1272 3206 :
1308 3143 1371 3206 Si
1402 3144 1650 3207 venerit.
1677 3145 1754 3207 ad
1786 3163 1908 3219 me,
1944 3164 2070 3207 non
2102 3146 2333 3210 videbo

840 3261 1022 3322 cum;
1067 3250 1130 3305 et
1168 3242 1220 3304 si
1261 3242 1512 3316 abierit,
1549 3261 1674 3305 non
1715 3242 2088 3323 intelligam.
2124 3244 2199 3306 Et
2244 3244 2334 3327 ip-

573 3357 808 3411 Jounnw,
840 3350 1039 3404 semet
1081 3361 1355 3424 sponsus
1389 3358 1403 3403 z
1438 3340 1732 3422 SpirituS,
1772 3341 2002 3422 inquit,
2037 3342 2142 3404 ubi
2195 3344 2333 3405 vult

545 3422 584 3463 ⁸·
839 3441 1064 3523 spirat3
1097 3448 1160 3502 et
1189 3457 1405 3505 vocem
1439 3440 1578 3521 ejus
1608 3440 1811 3517 audis,
1831 3449 1892 3502 et
1925 3442 2130 3503 nescis
2165 3441 2330 3504 unde

836 3538 1048 3603 veniat
1095 3546 1202 3601 aut
1245 3556 1374 3620 quo
1413 3538 1620 3602 vadat.
1654 3538 1939 3619 Denique
1976 3539 2136 3602 Deus
2180 3540 2331 3605 visi-

835 3646 943 3714 tat,
961 3637 1270 3713 hortatur,
1293 3635 1782 3718 inflammatque
1810 3637 2088 3699 animam
2121 3638 2329 3701 modis

831 3735 1103 3801 duobus.
1151 3735 1382 3813 Primo,
1431 3755 1544 3818 per
1589 3735 2053 3818 apparitionem
2104 3756 2329 3818 quam·

831 3836 976 3899 dam
1009 3834 1447 3917 imaginariam
1489 3842 1600 3897 aut
1639 3834 2088 3898 allocutionem
2126 3836 2327 3897 sensi-

831 3934 1045 4011 bilem,
1069 3943 1378 4016 quantum
1411 3934 1488 3997 ad
1521 3934 1894 3996 exteriorem
1929 3934 2327 3996 interiorem-

830 4054 908 4097 ve
958 4052 1239 4097 sensum.
1291 4032 1623 4113 Quumque
1681 4032 1773 4096 sic
1821 4032 2016 4096 mittit
2062 4052 2320 4096 manum

830 4150 1009 4195 suam
1051 4151 1166 4215 per
1198 4130 1504 4207 foramen,
1539 4140 1746 4213 potest
1782 4132 1992 4213 ipsum
2032 4130 2322 4195 foramen

2443 3146 2673 3209 riorem
2702 3164 2828 3209 suae
2851 3144 3178 3227 sapientiae
3202 3143 3803 3226 contemplationem
3830 3164 3937 3211 me

2442 3244 2793 3327 praeparavi
2831 3263 2905 3307 ac
2947 3243 3290 3326 adspiravi.
3325 3242 3651 3324 Siquidem
3696 3253 3938 3325 quanto

2441 3342 2586 3424 quis
2614 3341 2893 3423 amplius
2926 3341 3174 3412 crescit,
3210 3348 3273 3403 et
3309 3348 3547 3422 quanto
3585 3340 3731 3422 plus
3770 3340 3937 3405 divi-

2440 3460 2537 3503 nae
2586 3449 2839 3521 gustum
2889 3439 3247 3502 dulcedinis
3296 3439 3639 3521 experitur,
3690 3447 3935 3521 quanto

2441 3540 2785 3603 increatam
2835 3538 3147 3602 Creatoris
3198 3538 3739 3620 pulchritudinem
3790 3539 3935 3602 lim-

2438 3638 2651 3721 pidius
2700 3637 2967 3718 coeperit
3025 3637 3300 3717 intueri3
3354 3645 3527 3701 tanto
3578 3636 3933 3702 ferventius

2436 3739 2512 3801 ad
2548 3734 2904 3819 profectum
2942 3735 3006 3798 in
3046 3735 3345 3799 omnibus
3388 3736 3549 3813 istis,
3584 3738 3754 3800 etad
3784 3736 3935 3800 bea-

2433 3834 2681 3898 tificam
2723 3832 3117 3911 fruitionem,
3150 3842 3210 3895 et
3250 3833 3330 3895 ad
3375 3833 3669 3898 facialem
3706 3835 3935 3917 adspe-

2434 3945 2603 3998 ctum
2656 3933 2945 3996 afficitur
2986 3941 3048 3995 et
3096 3932 3374 4007 anhelat,
3428 3950 3573 3995 cum
3624 3934 3929 4015 Apostolo

2435 4033 2703 4113 loquens
2741 4050 2754 4093 :
2790 4032 2919 4113 Ego
2960 4049 3085 4095 non
3128 4031 3405 4094 arbitror
3434 4050 3535 4094 me
3572 4032 3931 4114 apprehen·
3958 4048 4196 4103 mewa..

2434 4132 2645 4209 disse3
2680 4138 2742 4193 et
2784 4149 3025 4207 rursm,
3050 4129 3197 4204 Quae
3237 4129 3447 4212 priora
3489 4138 3637 4192 sunt
3662 4129 3929 4193 oblivis-
3958 4113 4168 4217 ”Jbffim

831 4229 1100 4310 intelligi
1146 4230 1420 4311 alicujus
1465 4249 1688 4293 sensus
1733 4230 1998 4312 apertio,
2040 4230 2140 4292 vel
2185 4232 2325 4313 ipsa
2354 4228 2403 4290 D
2433 4249 2605 4306 cem,
2633 4229 2699 4290 in
2730 4228 3049 4293 anteriora
3077 4228 3346 4291 extendo
3376 4246 3478 4291 me
3510 4228 3741 4310 ipsum.
3766 4228 3927 4291 Hinc

828 4329 1204 4409 imaginaria
1252 4328 1414 4393 visio
1471 4347 1580 4391 seu
1631 4328 1956 4392 allocutio.
2009 4328 2318 4407 Secundo,

830 4446 942 4511 per
989 4428 1393 4508 anagogicam
1447 4446 1558 4489 seu
1618 4446 1778 4509 pure
1826 4426 2320 4491 intellectualem

831 4526 1366 4590 illuminationem
1412 4545 1524 4588 seu
1560 4526 2009 4589 allocutionem
2047 4544 2060 4587 :
2098 4535 2161 4589 et
2190 4526 2324 4590 haec

828 4625 962 4708 ipsa
1005 4624 1390 4688 illuminatio
1433 4643 1545 4687 seu
1579 4624 1901 4700 allocutiO,
1936 4624 2036 4689 vel
2079 4625 2325 4688 intelle-

826 4733 964 4787 ctus
995 4722 1392 4786 adverte-ntia
1421 4722 1556 4785 sive
1588 4722 1854 4804 aperti0‚
1873 4730 2078 4804 potest
2109 4724 2321 4787 vocari

830 4821 1138 4898 foramen,
1172 4840 1286 4904 per
1314 4821 1486 4902 quod
1519 4820 1721 4885 virtus
1751 4838 1862 4883 seu
1902 4820 2103 4903 pietas
2135 4841 2325 4904 spon-

827 4919 881 4981 si
927 4938 993 4982 se
1027 4919 1246 4994 mittit,
1281 4918 1612 4999 tangitque
1657 4936 1978 5000 sponsam.

929 5021 1012 5080 Ec
1065 5028 1284 5079 venter
1335 5037 1510 5078 meus
1563 5018 1904 5077 intremuit
1950 5020 2036 5079 ad
2086 5027 2325 5079 tactum

827 5118 988 5194 ejus
1025 5114 1414 5196 Anagogicos
1445 5114 1680 5177 etenim
1712 5123 1945 5193 motuS,
1981 5125 2044 5179 et·
2075 5116 2327 5197 spiritu-

827 5214 960 5278 ales
1003 5222 1272 5277 attactus
1317 5213 1550 5277 mentis
1588 5233 1625 5276 a
1667 5214 1808 5291 Deo,
1843 5214 2325 5296 excessivasque

831 5312 1320 5389 illustrationes,
1381 5320 1570 5394 atque
1630 5312 2062 5395 flammigeras
2122 5313 2326 5377 sancti

2433 4326 2760 4411 profectus
2800 4326 3194 4409 profectibus
3233 4326 3555 4391 deservire
3598 4326 3922 4400 dicuntur,

2433 4435 2495 4490 et
2552 4426 2781 4489 merita
2838 4444 2913 4488 ex
2972 4425 3216 4488 meritis
3272 4425 3588 4488 oriuntur.
3636 4425 3711 4487 Et
3760 4424 3926 4488 sicut

2434 4543 2631 4588 unum
2694 4532 3021 4606 peccatum
3090 4523 3369 4605 pondere
3426 4540 3542 4585 suo
3598 4521 3789 4584 trahit
3844 4523 3925 4586 ad

2431 4623 2603 4686 aliud
2632 4641 2648 4702 3
2684 4623 2775 4685 sic
2807 4640 2934 4684 una
2972 4621 3136 4684 actio
3174 4621 3456 4685 virtuosa
3492 4621 3764 4703 expedit,
3798 4622 3930 4683 dis-

2433 4722 2637 4805 ponit,
2669 4741 2745 4784 ac
2776 4720 2974 4783 trahit
3012 4721 3088 4783 ad
3128 4720 3339 4798 aliam,
3372 4738 3709 4801 quousque
3747 4720 3927 4783 habi-

2434 4830 2535 4884 tus
2566 4822 2773 4885 bonus
2805 4840 2916 4883 seu
2960 4820 3352 4883 consuetudo
3393 4819 3458 4880 in
3490 4819 3703 4881 anima
3737 4836 3927 4899 gene-

2434 4928 2607 4984 retur
2629 4938 2643 4981 :
2665 4938 2779 5002 per
2804 4938 2995 5001 quam
3029 4918 3168 5001 ipsa
3200 4916 3505 4981 facillime
3530 4936 3601 4981 ac
3622 4918 3919 5000 jucunde,

2433 5038 2575 5101 quae
2614 5018 2783 5081 bona
2832 5025 3003 5095 sunt,
3037 5025 3357 5099 operetur.

2502 5121 2742 5179 Manus
2774 5138 2925 5178 ‘meoe
2944 5118 3435 5177 distillaverunt
3458 5118 3795 5193 myrrham
3812 5136 3835 5175 .·
3860 5114 3922 5177 id

2434 5224 2628 5290 estex
2660 5215 2935 5295 gratiosa
2964 5214 3073 5277 Dei
3098 5213 3463 5277 visitatione
3494 5211 3759 5296 praefata
3789 5232 3925 5295 pro·

2435 5313 2598 5378 cessi
2626 5332 2773 5377 mox
2797 5311 3055 5396 copiose
3085 5312 3163 5375 ad
3194 5312 3361 5375 bona
3388 5329 3594 5394 ope-ra,
3608 5312 3687 5375 ad
3710 5328 3925 5394 corpo—
