4284 6267
92 1776 222 1821 Luc.

49 1842 124 1883 16.

62 4248 380 4300 Pssumis,

101 4740 186 4783 Pu.
203 4748 380 4785 cxvm,

71 4806 170 4847 10³.

997 498 1354 547 numano
1402 497 1466 543 m
1507 497 1644 544 GAP.
1691 497 1754 543 lv
1795 496 2034 545 CANTICI
2077 496 2478 546 carmennum.
2524 517 2604 526 —
2644 498 2785 546 ΛΒΤ.
2832 498 2921 543 xn

3390 476 3509 543 3625

391 671 472 733 in
523 670 714 734 terris
761 670 1186 753 quibusdam3
1237 678 1297 729 et
1348 669 1590 731 sterilis
1638 689 1766 729 non
1815 678 1904 729 est
1935 667 1984 731 A
2013 667 2250 750 scripta
2288 677 2437 731 sunt
2473 669 2875 745 documenta,
2912 674 2973 730 et
3014 665 3361 730 novissima
3399 666 3515 727 ho·

385 771 576 829 inter
602 790 730 831 eas,
765 768 868 832 Sic
898 767 1147 851 praefati
1179 767 1401 830 dentes
1431 765 1755 842 Ecclesiae,
1790 766 1904 827 du-

383 867 557 949 plici
602 866 996 931 fecunditate
1036 866 1272 929 debent
1302 864 1572 945 fulgere,
1612 863 1906 927 videlicet

385 964 800 1028 exhibitione
845 964 1146 1047 exempli,
1194 971 1259 1026 et
1300 980 1595 1027 sermone
1638 960 1900 1025 salubri.

387 1063 470 1125 ln
518 1062 867 1129 virtutibus
918 1081 1176 1146 quoque
1216 1062 1452 1125 debent
1498 1060 1728 1125 ceteris
1778 1060 1908 1123 fru-

389 1162 760 1227 ctuosiores
794 1162 1132 1242 exsistere3
1163 1169 1228 1224 et
1268 1162 1396 1225 duo
1435 1159 1718 1223 caritatis
1749 1178 1908 1243 prae-

391 1269 590 1343 cepta
617 1260 960 1344 implendo,
985 1268 1116 1323 tam
1146 1261 1272 1323 Deo
1303 1278 1492 1342 quam
1521 1258 1906 1336 hominibuS,

397 1359 472 1423 id
513 1368 612 1422 est
667 1359 790 1422 sibi
847 1350 1007 1442 ipsis
1057 1378 1133 1422 ac
1181 1358 1510 1441 proximiS,
1560 1356 1910 1421 fructifica-

399 1476 528 1521 re:
573 1458 795 1541 sicque
840 1457 1100 1522 creditis
1151 1458 1276 1520 sibi
1319 1457 1578 1521 talentis
1623 1457 1716 1519 uti
1761 1476 1908 1520 cum

399 1557 612 1635 lucro,
649 1576 1149 1639 concessamque
1186 1557 1279 1619 eis
1319 1556 1583 1637 gratiam
1625 1574 1910 1619 commu-

403 1655 628 1719 nicare
685 1664 878 1738 atque
936 1655 1212 1718 influere
1259 1654 1520 1738 populo,
1573 1662 1644 1717 ut
1700 1653 1910 1716 dicere

401 1762 650 1836 queant
696 1775 710 1820 :
765 1754 1051 1833 Domine,
1103 1773 1256 1816 mna
1305 1761 1415 1816 tua
1461 1753 1679 1816 decem
1729 1770 1911 1815 mnas

409 1851 587 1916 fecit.

489 1953 682 2013 Sicut
729 1952 897 2013 victa
944 1953 1262 2021 coccinea,
1309 1952 1482 2011 labia
1532 1959 1666 2011 tua.
1718 1946 1914 2010 Labia

405 2049 708 2113 Ecclesiae
739 2058 890 2113 sunt
918 2050 1210 2113 homines
1241 2048 1507 2111 studiosi
1540 2047 1602 2110 in
1639 2046 1913 2129 Scriptu-

407 2149 499 2212 ris
531 2149 744 2233 periti,
778 2157 842 2213 et
871 2169 1048 2213 sacra
1075 2150 1368 2229 dogmata
1397 2148 1768 2223 scribenteS,
1803 2154 1912 2209 aut

399 2248 557 2311 aliis
585 2256 1016 2330 proponentes
1051 2265 1066 2310 ε
1098 2247 1210 2329 qui
1243 2257 1693 2329 comparantur
1731 2245 1906 2309 vittis

403 2348 749 2425 coccineiS,
800 2348 864 2410 id
906 2356 1006 2410 est
1048 2346 1263 2409 rubeis
1309 2346 1621 2428 ligaturiS,
1667 2344 1905 2427 quibus

404 2446 885 2527 restringuntur
921 2444 1140 2527 capilli
1179 2463 1260 2507 ne
1299 2444 1621 2525 defluant3
1654 2451 1717 2506 et
1755 2443 1899 2521 hoc,

402 2543 657 2627 duplici
704 2545 952 2608 ratione
987 2561 1001 2605 ε
1035 2543 1265 2626 primo,
1302 2543 1453 2624 quia
1494 2542 1798 2605 doctrinae
1841 2550 1904 2605 et

403 2643 772 2707 locutiones
806 2661 1030 2707 eorum
1066 2649 1216 2704 sunt
1256 2642 1381 2705 sibi
1415 2642 1687 2707 invicem
1726 2659 1903 2704 coor-

401 2742 666 2819 dinatae,
702 2750 1033 2818 contextae,
1059 2749 1120 2803 et
1149 2739 1559 2818 cohaerenteS‚
1586 2740 1753 2803 sicut
1787 2738 1902 2802 fila

405 2842 474 2903 in
543 2841 757 2921 vittis;
799 2840 1102 2916 secundo,
1155 2839 1458 2920 quoniam
1508 2838 1672 2901 sicut
1727 2839 1902 2901 vittae

401 2938 812 3018 restringunt
879 2936 1170 3019 capiIIOS,
1241 2937 1334 2999 sic
1399 2936 1592 3001 verba
1661 2936 1904 3000 idoneae

2013 768 2257 830 minum
2302 768 2775 831 describuntur.

2094 869 2282 929 Sicut
2323 867 2625 945 fraymen
2676 868 2836 927 mali
2873 867 3134 943 punici,
3187 867 3283 925 ita
3322 884 3505 941 yeme

2017 975 2163 1027 tuae.
2217 965 2403 1029 Genae
2452 964 2768 1039 Ecclesiae,
2822 972 2970 1026 sunt
3016 981 3303 1045 personae
3364 981 3513 1027 con-

2017 1064 2424 1146 templativae‚
2479 1062 2790 1145 pacificis,
2840 1063 3111 1145 pudicae,
3165 1081 3238 1125 ac
3288 1061 3506 1125 dulces

2019 1161 2082 1223 in
2117 1181 2233 1225 sua
2261 1162 2763 1225 conversatione.
2801 1162 2868 1224 ln
2908 1160 3089 1243 genis
3126 1179 3401 1242 namque
3431 1158 3511 1221 fit

2017 1260 2330 1338 osculum,
2364 1268 2426 1324 et
2456 1260 2723 1343 pulcher
2752 1269 3016 1341 apparet
3044 1259 3240 1336 color,
3274 1278 3346 1322 ac
3384 1257 3512 1322 cito

2017 1368 2283 1442 apparet
2322 1358 2721 1425 verecundiae
2760 1359 2974 1435 rubor,
3008 1366 3199 1440 atque
3235 1356 3511 1439 amplior

2018 1458 2378 1521 teneritudo
2426 1458 2719 1521 sentitur.
2765 1458 2868 1520 Hae
2917 1475 3206 1540 personae
3252 1474 3508 1538 compa-

2020 1566 2242 1620 rantur
2296 1577 2424 1622 non
2493 1558 2660 1621 malo
2720 1556 2977 1639 punico,
3040 1556 3153 1619 sed
3209 1554 3512 1636 fragmini

2019 1657 2177 1738 ejuS‚
2220 1676 2330 1720 seu
2377 1656 2582 1720 frusto
2626 1656 2777 1719 mali
2820 1654 3066 1738 granati
3116 1672 3131 1715 ε
3179 1673 3293 1737 per
3340 1654 3512 1735 quod

2021 1772 2294 1836 sponsus
2324 1754 2747 1837 significatur,
2782 1754 2965 1835 cujus
3000 1752 3307 1835 perfectio
3339 1772 3376 1814 a
3411 1770 3515 1814 ne-

1948 1853 1994 1914 B
2023 1852 2196 1917 mine
2226 1853 2394 1916 valet
2423 1852 2707 1936 plenarie
2748 1852 3005 1929 imitari,
3040 1858 3148 1913 aut
3176 1849 3514 1934 participa-

2022 1952 2116 2031 ri;
2170 1951 2279 2015 sed
2326 1953 2770 2033 unusquisque
2818 1969 2936 2033 pro
2982 1949 3241 2014 modulo
3290 1949 3511 2031 gratiae

2021 2050 2143 2112 sibi
2183 2050 2449 2129 collatae,
2485 2050 2770 2113 imitatur
2809 2049 3019 2132 ipsum
3061 2068 3176 2131 pro
3216 2056 3415 2131 parte,
3450 2054 3515 2110 et

2021 2149 2086 2211 in
2130 2149 2270 2212 istis
2308 2158 2417 2212 aut
2454 2149 2583 2211 illis
2624 2148 2973 2213 virtutibus
3012 2149 3363 2211 secundum
3398 2146 3513 2209 ali-

2017 2266 2210 2329 quem
2250 2245 2540 2328 gradum.
2574 2245 2814 2328 Nempe
2852 2245 2916 2306 in
2955 2245 3123 2308 malo
3165 2263 3278 2307 seu
3317 2260 3510 2325 pomo

2017 2345 2252 2428 punico
2283 2343 2608 2409 invenitur
2646 2343 2919 2407 exterior
2954 2343 3244 2425 quaedam
3276 2340 3513 2424 asperi-

2016 2452 2133 2521 taS,
2179 2451 2243 2507 et
2280 2442 2549 2506 dulcedo
2600 2442 2885 2520 interior,
2933 2460 3272 2523 granorum
3322 2439 3514 2505 colle-

2015 2543 2164 2621 ctio,
2196 2544 2387 2605 decor
2424 2541 2677 2619 coloriS‚
2712 2549 2977 2604 venusta
3016 2559 3271 2622 quoque
3310 2540 3513 2603 varie-

2015 2650 2112 2703 tas
2151 2660 2227 2704 ex
2262 2639 2393 2703 albi
2440 2639 2751 2721 rubeique
2791 2639 3023 2703 coloris
3063 2638 3507 2721 permixtione.

2015 2740 2104 2802 Ita
2170 2740 2236 2802 in
2300 2737 2551 2801 Christo
2618 2737 2741 2800 fuit
2805 2737 3113 2819 asperitas
3182 2736 3511 2800 exterioris

2015 2838 2304 2903 vestitus.
2336 2838 2515 2901 Unde
2544 2837 2635 2900 ait
2662 2836 2727 2899 in
2766 2835 3013 2899 Psalmo
3050 2854 3065 2899 ε
3107 2836 3294 2899 Posui
3326 2836 3510 2901 vesti-

2015 2948 2301 3001 mentum
2359 2956 2571 3029 meum
2630 2935 2951 3015 cilicium;
3013 2936 3317 3016 itemque,
3380 2934 3510 3014 Ego

407 3036 886 3121 praedicationis
917 3034 1246 3098 refrenant
1284 3034 1740 3115 cogitationum
1779 3034 1907 3097 dis·
1940 3043 1983 3106 C
2015 3045 2248 3110 autem,
2284 3054 2483 3116 quum
2520 3034 2681 3096 mihi
2718 3033 2972 3097 molesti
3012 3039 3247 3109 essent,
3281 3032 3509 3095 indue-

403 3136 772 3211 tractiones,
811 3142 876 3198 et
915 3133 1336 3197 affectionum
1375 3133 1898 3207 inordinationeS,

405 3240 790 3315 mentesque
840 3231 1236 3295 audientium
1287 3232 1354 3293 in
1401 3232 1598 3294 Deum
1660 3229 1908 3294 recolli-

403 3341 595 3413 gunt.
628 3332 706 3395 Et
734 3331 888 3414 quia
914 3330 994 3393 de
1025 3330 1258 3393 Christi
1293 3328 1623 3393 salutifera
1663 3328 1905 3412 passio-

409 3450 511 3506 ne,
558 3440 621 3495 et
669 3430 944 3512 qualiter
987 3447 1101 3512 per
1145 3448 1282 3491 eam
1325 3429 1524 3492 simus
1569 3428 1902 3511 redempti,

408 3530 654 3593 debent
709 3528 966 3592 assidue
1020 3526 1387 3610 praedicare,
1443 3526 1670 3590 merito
1728 3526 1906 3591 vittis

409 3628 856 3692 assimilantur
882 3625 1214 3691 coccineis.
1240 3626 1368 3689 Hoc
1397 3625 1616 3707 utique
1645 3624 1901 3701 faciunt,

409 3730 567 3791 dum
627 3727 958 3789 instruunt
1019 3724 1345 3808 populum,
1399 3723 1674 3806 qualiter
1730 3724 1906 3788 omni

411 3829 574 3891 hora
623 3824 1019 3909 perpendere
1057 3822 1284 3886 debeat
1331 3822 1397 3884 in
1438 3822 1673 3886 divinae
1717 3824 1911 3905 maje-

411 3925 600 3989 statis
644 3924 951 4006 adspectu
992 3941 1061 3985 se
1102 3922 1318 3985 omnia
1361 3938 1567 4001 agere,
1603 3929 1664 3983 et
1709 3930 1910 3984 metu-

411 4024 653 4089 endum
700 4022 809 4086 Dei
853 4019 1166 4103 judicium
1207 4028 1399 4101 atque
1445 4018 1907 4083 amarissimam

411 4122 649 4187 Christi
680 4119 1042 4204 passionem
1072 4136 1322 4200 semper
1352 4136 1633 4199 pensare,
1659 4125 1722 4180 et
1753 4117 1910 4180 illud

2015 3134 2127 3196 bar
2182 3133 2415 3196 cilicio.
2468 3133 2641 3195 Intus
2692 3151 2840 3197 vero
2890 3132 3014 3195 fuit
3060 3132 3127 3194 in
3189 3130 3504 3215 superiori

2015 3240 2192 3315 parte
2234 3232 2463 3295 anima
2521 3230 2861 3313 Salvatoris
2908 3231 3131 3293 dulcor
3175 3229 3493 3293 beatificae

2015 3330 2363 3393 fruitionis.
2414 3330 2557 3391 Fuit
2600 3348 2857 3411 quoque
2902 3330 2967 3391 in
3011 3348 3085 3393 eo
3132 3347 3503 3410 granorum,

2016 3428 2077 3491 id
2107 3437 2206 3491 est
2239 3428 2526 3491 omnium
2560 3427 2869 3491 virtutum
2904 3448 2978 3491 ac
3009 3429 3345 3506 donorum,
3380 3426 3507 3491 col-

2015 3528 2225 3605 lectio,
2278 3528 2345 3590 in
2391 3526 2583 3591 totius
2634 3526 3027 3590 excellentiae
3086 3528 3399 3606 termin03
3448 3535 3511 3589 et

2014 3628 2205 3690 decor
2234 3625 2481 3701 coloris
2509 3624 2574 3686 id
2601 3632 2699 3687 est
2730 3625 3215 3689 honestissimus
3242 3644 3315 3688 ac
3346 3644 3511 3688 sum-

2017 3744 2119 3788 me
2163 3723 2541 3806 exemplaris
2578 3732 2919 3805 apparatus
2957 3724 3230 3788 exterior
3272 3724 3338 3786 in
3377 3722 3512 3787 vul-

2017 3833 2108 3901 tu,
2154 3824 2425 3899 incessu,
2467 3830 2672 3901 gestu,
2714 3840 3005 3885 sermone
3048 3830 3111 3885 et
3153 3821 3375 3902 factis3
3408 3841 3512 3887 ve-

2019 3922 2389 3985 nustissima
2437 3920 2587 3983 item
2649 3920 2918 3983 varietas
2966 3940 3041 3983 ex
3090 3920 3512 4003 permixtione

2017 4020 2150 4083 albi
2183 4019 2491 4101 rubeique
2522 4018 2773 4094 coloriS,
2808 4017 2872 4080 id
2902 4028 2997 4081 est
3027 4018 3511 4101 praeclarissima

2019 4119 2173 4181 unio
2211 4116 2443 4180 divinae
2480 4135 2553 4179 ac
2591 4116 2886 4179 humanae
2926 4125 3187 4193 naturae,
3232 4124 3295 4180 et
3339 4136 3511 4181 com-

413 4218 916 4301 Psalmographi,
950 4216 1129 4281 Oculi
1161 4216 1288 4279 mei
1319 4235 1571 4298 semper
1598 4217 1674 4279 ad
1710 4216 1912 4280 Domi·
1942 4225 1992 4286 D
2019 4216 2241 4279 munio
2271 4224 2527 4277 actuum
2553 4213 2899 4294 utriusque,
2918 4214 3292 4278 idiomatum
3318 4215 3507 4279 etiam

414 4338 598 4393 num,
652 4316 976 4379 ruminare
1028 4314 1399 4396 frequenter
1451 4314 1518 4376 in
1571 4314 1779 4377 corde.
1826 4317 1912 4376 Ec

411 4418 748 4499 eloquium
777 4424 964 4476 tuum
998 4416 1210 4484 dulce,
1239 4412 1392 4495 quia
1430 4412 1805 4476 delectabile
1849 4421 1912 4476 et

409 4516 794 4599 jucundum,
825 4530 1205 4588 amorosum,
1239 4510 1510 4588 salubre,
1540 4510 1908 4588 facundum,

413 4612 780 4695 exemplare
823 4620 888 4675 et
929 4609 1424 4673 consolatorium
1461 4630 1474 4674 ε
1517 4610 1694 4691 juxta
1741 4610 1911 4690 quod

415 4714 733 4794 scriptum
774 4717 892 4787 est,
924 4708 1118 4783 Quam
1162 4707 1376 4771 dulcia
1418 4707 1712 4771 faucibus
1751 4708 1910 4771 meis

415 4810 678 4893 eloquia
707 4812 844 4871 tua!
879 4807 1009 4870 Hoc
1037 4806 1385 4889 eloquium,
1419 4816 1516 4869 est
1545 4827 1721 4871 sacra
1750 4808 1915 4871 Scri-

414 4916 632 4990 ptura,
681 4906 828 4969 stilo
877 4905 1089 4989 plana,
1143 4904 1475 4968 sententiis
1527 4906 1736 4987 plena,
1778 4925 1913 4988 my-

413 5006 632 5069 steriis
658 5004 922 5086 gravida
954 5024 968 5068 :
1004 5004 1071 5065 in
1101 5022 1232 5084 quo
1269 5004 1431 5066 Deus
1461 5003 1736 5067 Trinitas
1764 5022 1912 5067 vere

413 5104 720 5181 creditur,
780 5101 1186 5183 cognoscitur
1241 5110 1304 5164 et
1363 5101 1676 5178 laudatur,
1737 5100 1914 5163 Chri-

413 5203 498 5267 sti
531 5202 832 5287 mysteria
860 5201 1289 5277 continentur,
1323 5200 1541 5265 divina
1571 5208 1908 5283 praecepta,

413 5302 710 5378 consilia,
756 5298 1139 5377 testimonia,
1182 5299 1580 5362 hortamenta
1621 5318 1694 5363 ac
1736 5299 1916 5365 varia

2019 4311 2533 4389 communicatio,
2568 4311 2723 4393 quia
2755 4312 2821 4373 in
2862 4312 3001 4394 ipso
3030 4313 3247 4376 divina
3275 4315 3511 4378 adscri-

2020 4413 2259 4476 buntur
2302 4410 2568 4487 homini,
2610 4418 2675 4473 et
2722 4411 2848 4474 Deo
2896 4410 3193 4475 humana.
3249 4413 3401 4475 Nam
3448 4422 3513 4477 et

2019 4512 2183 4573 Deus
2214 4509 2449 4572 dicitur
2486 4526 2731 4591 passm,
2764 4517 2827 4571 et
2863 4510 3055 4573 homo
3092 4520 3350 4576 vocatur
3380 4512 3513 4574 uni·

2017 4608 2272 4689 genitus
2300 4606 2499 4669 Filius
2528 4608 2633 4670 Dei
2664 4624 2678 4669 :
2716 4606 2782 4670 in
2813 4606 3047 4689 quibus
3079 4627 3330 4691 semper
3357 4629 3511 4693 pen·
3600 4590 3607 4599 ’

2020 4707 2289 4770 sandum
2332 4706 2488 4789 quid
2532 4714 2790 4789 propter
2832 4707 3004 4789 quod
3047 4707 3316 4772 dicatur.
3365 4709 3511 4772 Pro-

2020 4814 2163 4890 pter
2203 4806 2374 4888 quod
2428 4822 2691 4885 magnus
2748 4813 2811 4867 et
2864 4806 3120 4871 divinus
3173 4806 3510 4890 Dionysius

2017 4904 2252 4968 Christi
2308 4905 2623 4967 actionem
2684 4913 2861 4967 vocat
2918 4904 3374 4981 theandricam,
3440 4907 3504 4970 id

2020 5012 2116 5067 est
2160 5002 2541 5068 deivirilem.

2101 5102 2283 5164 Tales
2326 5119 2474 5182 ergo
2513 5110 2661 5163 sunt
2702 5119 2880 5182 genae
2916 5100 3232 5178 Ecclesiae,
3278 5105 3511 5183 absque

2018 5222 2087 5261 eo
2128 5203 2301 5279 quod
2345 5202 2732 5260 intrinsecus
2778 5203 2953 5267 latet,
3000 5198 3063 5261 id
3116 5208 3210 5262 cst
3269 5210 3509 5282 praeter

2018 5298 2387 5361 interiorem
2415 5297 2555 5378 ejus
2593 5295 2713 5359 soli
2748 5297 2871 5359 Deo
2909 5305 3124 5359 notam
3158 5298 3507 5381 perfectio·

3574 2858 3651 2903 Pa.
3666 2872 3801 2909 uvm,

3541 2922 3605 2965 ¹2.

3554 2984 3641 3028 ,Pa
3662 2998 3802 3037 xxxiv,

3541 3050 3605 3090 ¹3.
