4284 6267
797 474 916 538 316

1421 493 1774 540 ENAmtA'rlo
1815 492 1879 539 m
1921 494 2059 541 GAP.
2105 492 2126 538 1
2169 490 2408 539 CANTICI
2449 492 2851 541 CAN'nconmt.
2898 514 2979 525 ·—
3018 495 3161 542 ΛΒΤ.
3208 496 3270 543 lv

797 662 976 724 nium
1023 664 1418 744 attractivus)
1455 684 1641 726 suum
1687 664 1965 747 ingignit
2007 683 2289 728 amorem
2320 663 2371 725 A
2402 664 2733 747 subjungit
2766 684 2779 729 :
2814 668 2999 727 Recta·
3028 668 3320 743 dili-qum
3354 676 3432 727 te.
3469 665 3561 727 Tu
3600 664 3769 728 enim
3816 684 3885 729 es

797 762 997 824 menti
1040 772 1285 826 creatae.

877 861 1161 943 Denique
1208 880 1441 944 sponsa
1491 862 1556 924 in
1610 862 1709 924 his
1757 863 2071 938 exaudita,
2110 870 2289 941 grato

797 960 987 1022 corde
1037 956 1369 1043 subjungit
1412 978 1430 1022 :
1473 964 1858 1024 Introduoeit
1911 982 2008 1022 me
2057 984 2173 1022 rea>
2216 964 2285 1021 in

797 1063 1066 1119 cellaria
1110 1082 1254 1128 sua,
1310 1060 1372 1122 id
1423 1069 1540 1136 est,
1588 1060 1846 1123 divitias
1891 1060 2112 1139 gloriae‘
2160 1079 2289 1121 suae

797 1156 954 1219 mihi
990 1159 1288 1234 ostendit,
1327 1157 1650 1221 infinitam
1684 1159 2072 1240 opulentiam
2107 1178 2288 1220 suam

795 1256 1196 1333 monstravit,
1249 1256 1658 1320 affluentiam
1719 1258 1938 1337 gratiae
1997 1256 2159 1318 mihi
2220 1256 2285 1318 in

798 1354 1095 1434 praesenti
1138 1364 1393 1435 paratae,
1427 1364 1488 1418 et
1519 1354 2114 1437 supereffluentiam
2156 1354 2291 1434 glo-

799 1451 910 1514 riae
949 1452 1108 1514 mihi
1154 1454 1220 1515 in
1266 1452 1483 1517 futuro
1524 1455 1919 1536 praestandae‚
1953 1454 2008 1515 si
2049 1454 2107 1517 ei
2154 1472 2291 1535 per-

799 1569 1194 1625 severavero,
1249 1552 1577 1615 revelavit.
1629 1551 1808 1613 Unde
1853 1561 1917 1614 et
1970 1552 2033 1614 S.
2081 1551 2289 1632 Agnes

797 1650 1072 1710 asseruit
1104 1670 1118 1714 :
1152 1648 1438 1713 Ostendit
1477 1650 1637 1713 mihi
1676 1650 2006 1713 thesauros
2054 1650 2291 1712 incom-

797 1747 1136 1830 parabiles,
1161 1748 1288 1812 Hoc
1323 1747 1422 1825 fit,
1456 1750 1606 1811 dum
1644 1768 1823 1812 mens
1864 1749 2291 1812 introducitur

2401 764 2676 848 primum
2709 773 2771 827 et
2802 784 3119 827 summum
3162 764 3459 841 amabile,
3485 784 3672 828 causa
3704 772 3767 828 et
3794 784 3887 827 ra·

2398 862 2489 926 tio
2536 863 2745 926 omnis
2792 862 3205 926 amabilitatis
3250 883 3325 926 ac
3383 863 3531 926 boni
3578 864 3813 927 amoris
3864 884 3880 927 ε

2401 963 2638 1025 idcirco
2678 962 2981 1043 obliquus
3008 971 3073 1024 et
3102 982 3334 1026 curvus
3372 972 3487 1039 est,
3524 963 3633 1044 qui
3664 972 3725 1026 te
3756 982 3884 1025 non

2398 1070 2589 1125 amat.
2623 1061 2746 1124 Nec
2782 1061 3032 1124 sufficit
3070 1080 3248 1125 amor
3286 1071 3433 1124 tuus
3471 1063 3883 1143 quicumque,

2400 1161 2510 1224 sed
2557 1160 2951 1223 necessarius
2994 1169 3090 1223 est
3130 1179 3309 1224 amor
3348 1160 3721 1243 spiritualiS‚
3760 1178 3890 1223 me-

2400 1258 2683 1335 ritorius,
2735 1267 2798 1321 et
2847 1258 3125 1337 infusuS,
3176 1278 3368 1340 quem
3417 1260 3539 1323 soli
3590 1259 3767 1335 recti,
3820 1259 3889 1321 id

2400 1366 2496 1421 est
2536 1358 2715 1439 justi,
2752 1357 2993 1421 habent
3022 1358 3101 1420 ad
3136 1366 3218 1421 te.
3250 1357 3411 1420 Justi
3440 1358 3695 1443 quippe0
3714 1366 3883 1434 sunt,

2400 1456 2511 1537 qui
2565 1464 2673 1518 tua
2722 1454 3063 1519 observant
3112 1465 3426 1538 praecepta
3475 1474 3488 1518 ε
3543 1464 3606 1518 et
3651 1456 3716 1518 hi
3766 1455 3889 1519 soli

2399 1572 2548 1616 vere
2580 1562 2639 1615 te
2678 1554 2975 1633 diligunt,
3012 1554 3178 1616 sicut
3213 1562 3280 1616 tu
3312 1554 3449 1635 ipse
3488 1554 3739 1617 testaris
3773 1573 3788 1618 :
3822 1554 3890 1616 Si
3936 1570 4219 1621 somma,

2401 1652 2546 1733 quis
2587 1652 2800 1732 diligit
2845 1671 2969 1729 me,
3015 1671 3373 1716 sermonem
3420 1671 3633 1715 meum
3682 1670 3893 1716 serva-
3920 1636 3993 1675 ²³·

2402 1749 2533 1830 bit3
2582 1750 2887 1832 itemque,
2919 1751 3036 1825 Qui
3079 1751 3272 1814 habet
3310 1752 3607 1814 mandata
3646 1770 3785 1813 mea
3828 1759 3893 1812 et
3948 1766 4086 1810 ιῡεα.
4112 1769 4188 1808 21.

799 1846 864 1908 in
915 1846 1344 1909 sanctuarium
1391 1848 1524 1924 Dei,
1564 1848 1626 1911 id
1672 1856 1786 1924 est,
1825 1848 1965 1910 luce
2012 1856 2293 1911 contem·
2327 1847 2374 1909 B
2402 1859 2611 1913 servat
2650 1869 2747 1926 ea,
2783 1850 2893 1912 ille
2923 1858 3018 1912 est
3060 1850 3171 1931 qui
3212 1868 3315 1913 me
3349 1849 3579 1930 diligit..
3614 1850 3755 1913 Haec
3796 1868 3893 1911 re-

799 1945 1100 2026 plationis
1134 1944 1559 2027 perfunditur,
1577 1947 1653 2008 ad
1687 1946 2062 2009 intuendum
2097 1965 2289 2026 quam

800 2042 1061 2106 infinite
1110 2044 1476 2121 deliciosus,
1522 2044 1846 2125 perfectus
1895 2052 1959 2107 et
2007 2043 2162 2106 felix
2210 2043 2292 2105 sit

799 2142 962 2205 Deus
1003 2142 1351 2205 altissimus
1395 2143 1460 2205 in
1510 2163 1577 2206 se
1622 2145 1785 2226 ipso,
1819 2162 2010 2225 quam
2063 2143 2293 2205 inaesti·

802 2240 1059 2303 mabilis
1109 2242 1193 2303 sit
1248 2240 1598 2305 liberalitas
1659 2244 1796 2324 ejus
1855 2241 1934 2304 ad
1982 2242 2286 2318 dandum,

800 2354 992 2420 quam
1024 2340 1475 2422 supercopiosa
1503 2342 1580 2403 ad
1612 2341 2149 2403 remunerandum
2176 2358 2189 2401 :
2216 2359 2291 2402 ex

799 2457 927 2519 qua
977 2438 1484 2503 consideratione
1525 2440 1727 2503 oritur
1766 2440 2071 2521 gaudium
2106 2457 2293 2519 gran-

798 2537 900 2600 de.
934 2536 1111 2599 Unde
1154 2538 1565 2619 subjungitur
1601 2555 1616 2599 τ

883 2640 1374 2698 Eoesultabimus
1405 2648 1465 2699 et
1507 2638 1873 2699 laetabimur
1903 2639 1972 2697 in
2020 2646 2077 2696 te
2107 2657 2130 2697 .·
2164 2653 2290 2699 non

804 2735 867 2797 iu
913 2733 1118 2811 nobis,
1150 2736 1259 2797 sed
1304 2736 1368 2797 in
1399 2744 1462 2798 te
1493 2735 1935 2799 universorum
1978 2736 2291 2798 bonorum

802 2836 1040 2897 datore.
1064 2834 1512 2911 Gloriabimur,
1535 2843 1658 2898 tuae
1690 2833 1968 2897 infinitae
1999 2833 2291 2896 felicitati

802 2933 1300 3013 congratulando
1336 2952 1350 2996 :
1385 2942 1448 2997 et
1477 2953 1606 3015 quo
1634 2934 1780 3015 quis
1814 2933 2016 3013 magis
2051 2942 2110 2995 te
2149 2932 2294 2994 dili-

2400 1949 2641 2013 ctitudo
2685 1957 2965 2012 meretur
3007 1948 3288 2012 exaudiri
3332 1969 3369 2010 a
3412 1949 3697 2025 Domine,
3712 1948 3893 2029 juxta

2402 2048 2561 2110 illud
2588 2047 2703 2110 Job
2738 2067 2751 2112 ε
2789 2046 2851 2110 Si
2883 2048 3159 2109 mundus
3195 2056 3255 2110 et
3287 2055 3498 2110 rec-tus
3528 2047 3885 2122 incesseriS,
3938 2064 4033 2107 ,τοι
4052 2068 4213 2115 was.

2401 2146 2614 2208 statim
2658 2145 2988 2225 evigilabit
3030 2146 3107 2207 ad
3152 2153 3235 2207 te.

2484 2247 2698 2322 Nigyra
2740 2265 2912 2315 sum,
2942 2248 3052 2303 sed
3094 2246 3397 2323 formosa,
3432 2245 3593 2323 filice
3634 2248 3894 2305 Jerusa-
4048 2246 4089 2302 4

2404 2348 2549 2404 lem.
2583 2341 2829 2415 Quanto
2860 2342 3074 2404 anima
3116 2340 3364 2405 fervida
3402 2342 3797 2405 sanctitatem
3828 2350 3895 2405 et

2400 2439 2942 2523 pulchritudinem
2998 2441 3106 2503 Dei
3150 2460 3225 2503 ac
3270 2440 3487 2522 sponsi
3537 2440 3636 2503 sui
3684 2440 3897 2523 limpi—

2400 2539 2546 2602 dius
2590 2539 3079 2620 contemplatur,
3118 2546 3291 2602 tanto
3324 2539 3645 2621 propriam
3685 2538 3896 2621 parvi-

2400 2646 2617 2714 tatem,
2636 2636 3210 2719 imperfectionem,
3232 2636 3896 2718 insufficientiamque

2402 2736 2635 2800 clarius
2687 2736 2991 2813 intuetur,
3027 2736 3463 2817 humiliusque
3512 2734 3767 2798 fatetur.
3800 2735 3895 2798 Id-

2402 2836 2572 2899 circo
2614 2856 2651 2899 a
2690 2836 3229 2917 contemplatione
3268 2834 3652 2898 sanctissimi
3694 2844 3756 2897 et
3796 2855 3894 2897 su-

2403 2934 2936 3018 perpulcherrimi
2977 2935 3194 3017 sponsi
3226 2934 3325 2997 sui
3365 2934 3618 2997 rediens
3655 2954 3728 2997 ac
3756 2954 3895 2997 sus-

800 3033 916 3112 git‚
951 3050 1025 3095 eo
1072 3032 1296 3113 utique
1337 3032 1511 3096 omni
1555 3031 1938 3114 perfectioni
1984 3039 2045 3094 et
2091 3031 2293 3093 excel·
2330 3032 2373 3097 C
2403 3055 2622 3118 pensa,
2657 3034 2901 3112 nigram
2934 3053 3001 3096 se
3032 3033 3281 3109 clamat,
3308 3032 3516 3096 sciens
3547 3033 3716 3113 quod
3746 3032 3893 3095 coeli
3971 3042 4112 3085 Ibid.
4138 3058 4208 3092 xv.

803 3130 1017 3194 lentiae
1048 3140 1171 3193 tuae
1201 3131 1545 3194 cordialius
1589 3130 2118 3212 frequentiusque
2149 3148 2295 3193 con-

805 3230 1060 3309 gaudet.
1115 3230 1190 3291 Et
1235 3230 1371 3293 haec
1418 3237 1516 3292 est
1559 3228 1854 3309 gloriatio
1903 3229 2165 3311 optima,
2218 3248 2293 3290 ex

805 3346 967 3410 puro
1019 3318 1293 3391 Deitatis
1325 3348 1539 3391 amore
1585 3329 1958 3410 procedens.
2002 3326 2292 3389 Exsulta·

805 3426 1017 3488 bimus
1056 3445 1334 3508 quoquc,
1371 3426 1524 3507 quia
1554 3435 1642 3503 tu,
1677 3446 1783 3489 rex
1815 3426 2296 3501 coelorum,cre-

528 3540 775 3593 mamm.
805 3534 943 3589 ator
994 3526 1458 3601 universorum,
1495 3524 1667 3606 prior
1713 3524 1992 3587 dilexisti
2038 3542 2190 3604 nos3
2232 3532 2296 3585 et

513 3606 576 3656 ¹⁰⁹
604 3607 668 3652 ¹⁹·
803 3624 958 3706 quia
992 3633 1081 3701 tu,
1117 3632 1332 3687 noster
1361 3632 1607 3687 creator
1635 3643 1706 3685 ac
1737 3623 1952 3704 judeX,
1992 3622 2195 3685 factus
2226 3641 2295 3684 es

807 3731 1020 3785 noster
1066 3722 1340 3785 salvator
1380 3730 1442 3784 et
1486 3722 1866 3801 advocatus;
1899 3730 1961 3784 et
2003 3720 2158 3801 quia
2202 3730 2290 3798 tu,

806 3820 1412 3884 munificentissime
1451 3838 1704 3901 sponse,
1742 3827 1832 3880 tot
1871 3828 1934 3883 et
1971 3826 2144 3881 tanta
2185 3838 2295 3881 no-

807 3920 906 3983 bis
940 3918 1258 3983 beneficia
1287 3917 1637 3995 contulisti,
1665 3919 2033 3998 majoraque
2062 3918 2296 3999 promi-

809 4019 972 4096 sisti,
1031 4036 1304 4100 quorum
1364 4035 1769 4098 nequaquam
1828 4015 2123 4080 oblivisci
2185 4016 2293 4078 de·

808 4118 1055 4181 bcmuS.
1090 4117 1350 4199 Propter
1389 4116 1558 4198 quod
1613 4115 1904 4177 subditur
1937 4135 1950 4180 ε
1988 4119 2297 4177 Memores

2405 3154 2531 3197 non
2576 3133 2706 3195 sint
2734 3132 2980 3206 mundi,
3016 3150 3133 3194 nec
3168 3131 3365 3194 stellae
3398 3130 3771 3212 splendeant
3804 3150 3896 3193 rc-
3925 3108 4207 3157 ¹⁵³¹¹‘'‘⁴’⁵·

2405 3240 2625 3314 spectu
2682 3230 2881 3293 illius,
2934 3230 3223 3311 Insuper,
3275 3230 3451 3310 juxta
3510 3228 3711 3292 divini
3761 3229 3895 3292 Dio-

2406 3330 2571 3411 nysii
2620 3330 3003 3393 documenta
3055 3328 3123 3389 in
3170 3326 3463 3410 pluribus
3524 3326 3701 3404 lociS,
3754 3347 3896 3409 per-

2404 3428 2754 3491 fectissima
2795 3427 2949 3489 unio
2987 3434 3181 3507 atque
3210 3426 3513 3506 cognitio,
3548 3445 3677 3507 qua
3714 3445 3895 3488 mens

2403 3528 2530 3590 Deo
2572 3525 2983 3608 conjungitur
3031 3525 3094 3586 in
3145 3524 3261 3587 hac
3302 3524 3455 3603 vita,
3478 3532 3574 3587 est
3615 3543 3728 3607 per
3766 3542 3895 3587 om·

2406 3646 2547 3689 nem
2600 3624 3084 3705 abnegationem
3134 3623 3213 3686 ab
3263 3623 3425 3705 ipso,
3478 3641 3714 3704 acper
3762 3641 3896 3685 om-

2404 3724 2729 3788 nimodam
2780 3722 3200 3803 ignorantiam
3250 3723 3411 3803 ejuS,
3454 3729 3763 3802 quantum
3814 3722 3895 3783 ad

2402 3822 2558 3904 quid
2592 3831 2707 3895 est,
2734 3822 2819 3882 ita
2848 3820 3020 3901 quod
3052 3819 3111 3881 ei
3142 3820 3361 3881 unitur
3391 3827 3694 3901 tanquam
3725 3837 3896 3902 pror-

2403 3940 2512 3983 sus
2560 3921 2797 3999 ignot0.
2839 3918 3101 4000 Propter
3148 3918 3317 3999 quod
3362 3917 3595 3981 dicitur
3637 3917 3706 3979 in
3750 3918 3897 3979 cali·

2402 4019 2551 4099 gine
2588 4035 2770 4081 esse:
2806 4016 2889 4081 ob
2926 4036 3116 4098 quam
3160 4016 3316 4079 dicit
3344 4034 3412 4079 se
3452 4015 3722 4095 nigram,
3746 4016 3896 4097 quia

2404 4118 2609 4197 caligo
2656 4117 2907 4181 videtur
2958 4135 3099 4179 esse
3142 4116 3432 4197 quaedam
3482 4114 3767 4196 nigredo.
3800 4116 3899 4177 Ni-

809 4219 1076 4277 uberum
1109 4224 1393 4286 tuorum,
1425 4214 1488 4275 id
1528 4221 1644 4290 est,
1680 4232 1795 4277 nos
1840 4232 2153 4276 memores
2196 4232 2296 4277 ex·
2325 4218 2375 4280 D
2406 4216 2537 4279 hilo
2570 4216 2783 4278 minus
2814 4214 3039 4277 asserit
3076 4233 3143 4277 se
3176 4213 3543 4289 formosam,
3578 4213 3733 4294 quia
3762 4214 3898 4277 hacc

809 4314 1104 4376 sistentes
1153 4312 1434 4375 caritatis
1479 4312 1862 4393 pietatisque
1903 4320 2029 4374 tuae
2071 4319 2132 4375 et
2179 4312 2297 4374 mi-

808 4412 1198 4475 serationum
1229 4430 1304 4473 ac
1333 4411 1862 4487 consolationum,
1891 4410 2297 4474 illuminatio-

809 4530 963 4575 num
1004 4531 1076 4574 ac
1119 4510 1551 4575 visitationum
1591 4519 1866 4587 tuarum,
1900 4509 2135 4590 quibus
2180 4529 2295 4573 nos

807 4610 1042 4692 jugiter
1076 4607 1314 4686 reficiS,
1351 4607 1808 4671 exsultabimus
1844 4615 1907 4671 et
1941 4608 2297 4671 laetabimur

809 4709 872 4771 in
919 4717 978 4771 te
1013 4728 1026 4772 :
1059 4710 1235 4790 juxta
1277 4708 1436 4770 illud
1477 4708 1728 4785 Psalmi,
1756 4708 1986 4770 Memor
2026 4706 2119 4769 fui
2160 4707 2291 4783 Dei,

811 4818 874 4871 et
918 4808 1266 4871 delectatus
1311 4827 1473 4869 sum.
1499 4806 1830 4870 Gratitudo
1876 4806 2009 4869 haec
2047 4826 2298 4888 semper

809 4916 1090 4970 meretur
1129 4906 1389 4987 majora,
1411 4906 1590 4988 juxta
1619 4907 1788 4986 quod
1830 4923 2101 4987 sponsus
2143 4904 2299 4968 fate—

515 5019 780 5071 Mamuxv.
814 5014 914 5068 tur
948 5026 961 5070 ε
999 5005 1269 5068 Habenti
1313 5004 1589 5081 dabitur,
1627 5013 1689 5066 et
1730 5003 2105 5068 abundabit.

516 5088 583 5129 ²⁹·
876 5105 1153 5186 Insuper,
1172 5103 1472 5184 quoniam
1502 5102 1807 5165 memoria
1832 5100 2297 5164 beneficiorum

517 5264 561 5309 P
811 5203 1101 5266 accendit
1125 5220 1431 5279 amorem,
1465 5202 1812 5265 secundum
1846 5200 2004 5262 illud
2042 5200 2297 5278 Psalmi,

515 5279 779 5372 snm*
811 5303 877 5365 In
907 5301 1320 5365 meditatione
1347 5318 1489 5363 mea
1517 5300 1882 5364 exardescet
1909 5299 2098 5380 ignis,
2133 5307 2303 5363 recte

2406 4314 2543 4395 ipsa
2589 4323 2716 4376 tam
2760 4312 3024 4374 humilis
3074 4312 3349 4395 propriae
3391 4310 3895 4374 defectuositatis

2406 4412 2746 4489 confessio,
2774 4411 3029 4493 supplet
3060 4412 3196 4491 ejus
3228 4409 3572 4485 defectum,
3598 4418 3662 4473 et
3691 4409 3895 4492 ipsam

2406 4518 2726 4595 perornat.
2760 4511 2837 4572 Et
2884 4509 3178 4591 quamvis
3222 4516 3512 4590 respectu
3554 4508 3770 4589 sponsi
3814 4509 3898 4571 sit

2408 4610 2609 4689 nigra,
2643 4618 2856 4672 tamen
2896 4608 2963 4670 in
3004 4627 3119 4671 suo
3156 4625 3389 4688 genere
3426 4614 3523 4670 est
3564 4605 3840 4670 formosa
3878 4624 3893 4667 ε

2406 4708 2711 4790 quoniam
2756 4726 3029 4789 sponsus
3069 4724 3195 4770 non
3239 4704 3510 4787 requirit
3554 4705 3635 4768 ab
3670 4723 3746 4768 ea
3783 4724 3901 4787 pu-

2408 4806 2662 4869 ritatem
2692 4814 2755 4868 et
2785 4803 3243 4887 perfectionem
3276 4804 3607 4877 virtutum,
3642 4803 3763 4866 nisi
3806 4823 3902 4866 se-

2409 4905 2690 4969 cundum
2740 4902 3122 4983 exigentiam
3170 4902 3514 4977 facultatiS,
3552 4900 3899 4984 professio-

2411 5006 2533 5082 niS,
2566 5003 2941 5081 vocationiS,
2974 5022 3087 5065 seu
3116 5010 3314 5065 status
3360 5001 3559 5084 ipsius
3600 5021 3848 5084 sponsae
3880 5020 3895 5065 ε

2412 5105 2556 5167 ideo
2611 5104 2911 5166 admonet
2966 5121 3129 5177 eam,
3182 5110 3251 5163 ut
3312 5101 3659 5164 secundum
3721 5120 3899 5163 suam

2412 5202 2810 5267 vocationem
2853 5200 3141 5263 ambulet
3177 5199 3369 5280 digne
3405 5200 3553 5262 Deo.
3590 5199 3707 5262 Sed
3749 5218 3902 5280 quo·
3928 5223 4195 5273 camma

2413 5301 2605 5364 modo
2654 5300 2868 5363 anima
2916 5316 3187 5381 peccans
3236 5296 3525 5379 quotidie
3566 5298 3791 5361 asserit
3831 5316 3899 5385 se
