4284 6267
605 796 714 843 Luc.
734 814 834 852 xxu,

568 862 636 903 44.

580 1094 740 1139 Joann.
746 1110 829 1149 xix,

567 1158 634 1200 34.

677 1977 712 2030 6

583 2091 692 2135 Gen.
712 2107 824 2143 xxiv,

565 2156 824 2206 ¹6;xx1x‚t·1.

595 2216 767 2261 Esther
787 2234 825 2271 n,

561 2282 600 2321 7.

865 500 984 563 428

1420 520 1774 568 munitum
1815 521 1882 567 IN
1924 520 2064 568 GAP.
2099 522 2188 568 vn
2228 521 2467 569 CANTICI
2509 521 2912 570 cAm'lcolum.
2958 544 3038 555 —
3074 524 3215 571 Am.
3261 524 3415 572 xxm

865 689 1178 771 sanguine
1217 692 1585 755 rubricata.
1621 712 1764 774 quae
1803 692 1984 773 quasi
2024 692 2355 755 canalibus
2384 694 2433 755 A
2467 694 2807 775 prehendit
2841 695 3087 759 fructus
3128 696 3266 777 ejus
3302 714 3316 758 ε
3351 697 3502 779 quia
3533 695 3759 759 merita
3796 717 3958 779 prae-

857 787 1081 868 juncta
1128 788 1270 865 fuit,
1305 793 1560 871 quando
1602 799 1795 872 guttae
1841 792 2171 871 sanguinis
2220 800 2355 854 tan-

861 904 1052 965 quam
1087 887 1411 951 stillicidia
1441 899 1786 971 eruperunt
1817 909 1892 952 ex
1924 910 2018 966 ea,
2055 898 2116 952 et
2145 890 2354 953 deflu-

861 992 1090 1046 xerunt
1138 985 1205 1046 in
1259 995 1509 1063 terram,
1565 988 1651 1069 [et
1699 989 1974 1068 quando]
2031 989 2108 1050 de
2158 988 2353 1051 latere

860 1082 998 1162 ejus
1030 1083 1365 1148 benedicto
1396 1086 1614 1149 lancea
1643 1086 1964 1167 perforato
1991 1087 2191 1150 exivit
2220 1107 2355 1149 san-

860 1181 1002 1260 guis
1047 1191 1109 1245 et
1153 1202 1338 1264 aqua.
1383 1184 1692 1257 Quoniam
1731 1202 1880 1265 ergo
1928 1186 2353 1248 sacratissima

858 1278 1068 1357 Mater,
1103 1281 1264 1345 Filio
1297 1301 1410 1345 suo
1451 1282 1515 1343 in
1556 1284 1732 1346 omni
1771 1284 1911 1365 ejus
1941 1284 2353 1347 acerbissima

859 1379 1154 1459 passione
1195 1381 1591 1444 amarissime
1639 1390 1734 1445 est
1772 1401 2123 1464 compassa,
2159 1391 2220 1445 et
2270 1383 2352 1446 si-

857 1478 990 1539 mul
1039 1498 1181 1541 cum
1233 1499 1308 1543 eo
1369 1480 1500 1561 pati
1547 1501 1619 1544 ac
1670 1482 1831 1544 mori
1889 1482 2168 1563 optavit3
2219 1482 2350 1545 imo

855 1576 1171 1656 quidquid
1201 1577 1312 1641 ille
1343 1578 1634 1641 toleravit
1664 1580 1731 1641 in
1761 1598 2047 1661 corpore,
2084 1580 2223 1663 ipsa
2255 1589 2350 1643 tu-

857 1674 932 1736 lit
964 1676 1029 1738 in
1059 1687 1274 1741 mente
1309 1696 1323 1741 :
1359 1679 1588 1742 merito
1618 1680 1934 1743 desideria
1973 1681 2110 1762 ejus
2145 1700 2217 1742 ac
2248 1700 2350 1743 co-

854 1774 1215 1854 gitationeS,
1277 1778 1642 1841 assimilatae
1700 1779 1999 1841 dicuntur
2047 1798 2349 1862 purpurae

855 1872 1040 1951 Regis
1080 1874 1296 1955 hujus.

939 1974 1144 2040 Qua-m
1157 1976 1437 2049 pulchra
1459 1995 1537 2039 es,
1561 1984 1836 2054 ecquam
1855 1978 2122 2035 decora!
2143 1975 2347 2055 magis

855 2069 1044 2150 plane
1075 2090 1266 2151 quam
1297 2072 1576 2136 Rebecca
1606 2082 1714 2135 aut
1735 2073 1986 2149 Rachel,
2012 2082 2076 2136 et
2105 2074 2348 2156 specio-

856 2166 984 2230 sior
1014 2186 1274 2249 prorsus
1303 2189 1493 2251 quam
1519 2171 1765 2234 Esther.
1785 2173 2133 2233 Cat-issima
2157 2174 2226 2233 in
2249 2176 2348 2232 de-

855 2268 1048 2328 liciis.
1099 2266 1640 2340 Quemadmodum
1691 2269 1863 2332 enim
1922 2289 2052 2352 prae
2096 2271 2343 2333 cunetis

851 2382 1184 2446 compassa
1213 2374 1308 2428 est
1333 2367 1492 2430 Filio
1525 2386 1654 2443 suo,
1675 2386 1802 2431 non
1833 2367 2032 2431 solum
2057 2377 2343 2449 tempore

850 2464 1188 2544 passioniS,
1208 2466 1316 2528 sed
1346 2475 1409 2529 et.
1440 2476 1626 2529 antea
1656 2486 1845 2550 saepe,
1873 2469 2024 2530 dum
2059 2466 2341 2530 futuram

846 2563 986 2642 ejus
1016 2563 1376 2645 passionem
1406 2566 1695 2642 attendit,
1731 2574 1792 2627 et
1833 2575 2050 2648 postea
2085 2585 2342 2648 quoque

846 2662 996 2723 dum
1031 2661 1264 2725 factam
1302 2664 1600 2744 recoluit3
1639 2663 1730 2727 sic
1768 2683 1899 2746 prae
1928 2664 2247 2729 universis
2280 2673 2341 2727 et

844 2759 1114 2839 singulis
1144 2762 1361 2823 datum
1393 2770 1488 2825 est
1527 2762 1585 2825 ei
1627 2763 2043 2845 spiritualiter
2079 2763 2341 2849 gloriari

845 2858 909 2919 in
941 2858 1212 2937 Christ0‚
1248 2868 1310 2923 et
1350 2860 1725 2923 suavissime
1764 2862 2048 2924 deliciari
2083 2863 2161 2924 de
2200 2863 2337 2943 ejus

843 2967 1153 3038 conceptu
1181 2966 1244 3021 et
1269 2958 1624 3038 gestatione
1654 2959 1719 3020 in
1752 2968 1953 3037 utero,
1976 2960 2054 3023 de
2084 2960 2227 3041 ejus
2259 2960 2339 3023 la-

2464 792 2834 855 clarissimae
2884 792 3289 874 Virgunculae
3342 804 3464 857 tam
3514 795 3953 877 acceptissima

2463 891 2709 970 habuit,
2745 893 2912 973 quod
2946 893 3239 972 dignatus
3271 903 3367 956 est
3394 894 3539 957 fieri
3574 892 3749 957 filius
3778 897 3941 977 ejus,

2462 990 2722 1072 Propter
2752 993 2925 1072 quod
2959 992 3125 1054 fassa
3152 1002 3247 1056 est
3286 995 3424 1075 ipsa
3459 1011 3473 1054 :
3508 993 3797 1075 Respexit
3826 994 3944 1056 hu-
3986 1010 4119 1052 Lae.
4142 1013 4237 1057 με.

2463 1090 2798 1153 militatem
2847 1091 3095 1155 ancillae
3140 1112 3291 1155 suae.
3338 1093 3416 1155 Et
3460 1094 3623 1156 sicut
3672 1094 3947 1175 respexit

2462 1188 2887 1252 humilitatem
2938 1190 3160 1273 ipsiuS,
3209 1192 3298 1253 ita
3338 1201 3402 1254 et
3448 1190 3666 1267 fidem,
3715 1192 3951 1274 purita-

2461 1296 2612 1364 tem,
2657 1289 3007 1366 caritatem,
3051 1310 3122 1353 ac
3167 1298 3411 1353 ceteros
3454 1290 3949 1354 virtuosissimos

2461 1387 2601 1467 ejus
2657 1396 2857 1449 actus,
2908 1388 3347 1471 Apprehendit
3404 1407 3657 1471 quoque
3704 1387 3949 1452 fructus

2461 1485 2621 1566 ejuS‚
2659 1486 2810 1567 quia
2832 1506 2925 1549 -ex
2963 1487 3327 1569 purissimis
3360 1487 3499 1568 ejus
3532 1487 3949 1567 sanguinibus

2460 1584 2804 1666 assumpsit
2847 1594 2911 1647 et
2953 1584 3251 1648 formavit
3294 1585 3417 1647 sibi
3456 1603 3687 1667 corpus
3732 1585 3951 1648 huma-

2460 1700 2638 1759 num,
2675 1682 2807 1763 qui,
2852 1691 3011 1747 teste
3040 1684 3366 1765 Apostolo,
3408 1704 3717 1766 nusquam
3763 1703 3951 1765 ange·
3982 1700 4247 1745 Beonan.

2460 1780 2577 1857 los,
2613 1783 2721 1845 sed
2766 1801 2981 1845 semen
3010 1783 3279 1846 Abrahae
3317 1783 3755 1865 apprehendit.
3798 1782 3950 1847 San-

2384 1879 2430 1939 B
2458 1881 2601 1960 guis
2650 1887 2859 1943 autem
2906 1890 3001 1945 est
3043 1880 3319 1945 effectus
3364 1891 3427 1945 et
3469 1881 3653 1964 quasi
3702 1880 3949 1945 fructus

2458 1979 2597 2060 ejus
2649 1980 2715 2041 in
2758 1998 2887 2062 quo
2932 1989 3048 2056 est,
3086 1981 3196 2061 qui
3237 2000 3350 2063 per
3391 1981 3739 2044 naturalem
3780 1982 3948 2044 calo-

2458 2097 2590 2141 rem
2624 2078 2875 2159 digerit,
2912 2087 2974 2141 et
3011 2080 3089 2142 ad
3128 2080 3458 2159 sanguinis
3499 2080 3775 2161 speeiem
3803 2099 3947 2163 per-

2455 2176 2633 2238 ducit
2671 2178 3024 2241 materiam.
3058 2212 3140 2223 —
3167 2178 3357 2241 Porro
3406 2178 3459 2240 si
3506 2197 3617 2261 per
3668 2178 3943 2261 palmam

2456 2274 2853 2356 intelligatur
2898 2296 3053 2339 crux
3103 2275 3467 2353 SalvatoriS,
3510 2276 3675 2339 hanc
3719 2277 3945 2359 utique

2454 2374 2694 2455 optima
2725 2373 2915 2436 Mater
2960 2394 3087 2436 una
3124 2392 3269 2436 cum
3306 2374 3467 2437 Filio
3507 2392 3621 2437 suo
3658 2373 3945 2438 ascendit

2429 2470 2715 2549 affectu,
2748 2480 2811 2535 et
2856 2491 2969 2554 per
3013 2472 3433 2535 imitationem
3472 2472 3938 2554 dignissimam,

2452 2570 3089 2652 compassionemque
3118 2570 3501 2633 maximam.
3531 2570 3617 2633 ita
3644 2572 3813 2653 quod
3842 2590 3946 2635 ex-

2451 2668 2905 2731 cellentissime
2934 2668 3146 2732 dicere
3178 2668 3657 2751 potuit,Christo
3686 2668 3945 2733 confixa
3976 2692 4239 2737 catenans.

2452 2785 2589 2827 sum
2621 2766 2829 2846 cruci3
2866 2775 2930 2829 et
2956 2786 3196 2844 rursuS,
3226 2766 3355 2846 Ego
3395 2766 3688 2847 stigmata
3708 2767 3941 2831 Christi
3974 2790 4237 2835 meane.

2452 2864 2517 2925 in
2550 2882 2814 2944 corpore
2845 2882 2986 2927 meo
3018 2872 3223 2945 porto.
3258 2863 3489 2946 Sicque
3520 2864 3943 2946 apprehendit

2451 2961 2698 3024 fructus
2728 2962 2890 3042 ejuS‚
2925 2962 2990 3024 id
3030 2971 3127 3024 est
3156 2962 3383 3026 merita
3423 2962 3739 3044 passionis
3768 2962 3943 3026 Chri-

845 3056 1143 3131 ctatione,
1195 3056 1514 3138 amplexu,
1569 3058 2007 3139 deportatione
2063 3059 2127 3121 in
2191 3060 2336 3122 bra·
2374 3054 2418 3119 C
2450 3061 2552 3122 sti.
2601 3059 2730 3123 Imo
2780 3059 3052 3123 effectus
3096 3062 3467 3125 meritorum
3510 3060 3763 3125 illorum
3810 3062 3941 3125 col-

843 3154 1028 3231 chiis,
1055 3163 1119 3217 et
1145 3155 1224 3218 de
1256 3164 1476 3218 mutua
1504 3156 1986 3219 conversatione
2017 3176 2161 3220 cum
2196 3157 2337 3239 ipso

843 3261 935 3316 tot
964 3252 1172 3315 annis.
1206 3254 1365 3317 Unio
1397 3254 1566 3317 enim
1599 3263 1660 3317 et.
1698 3255 2035 3336 praesentia
2066 3276 2211 3318 cum
2244 3258 2338 3319 di-

844 3351 1030 3427 lect0‚
1067 3352 1234 3434 parit
1264 3352 1571 3415 laetitiam.
1605 3353 1743 3435 lpsa
1781 3362 1990 3417 autem
2027 3356 2338 3418 ardentis-

846 3450 1006 3512 sime
1038 3450 1298 3512 unicum
1340 3470 1524 3513 suum
1565 3452 1823 3527 amavit,
1857 3461 1919 3515 et
1957 3452 2096 3534 ejus
2129 3454 2337 3535 digni-

847 3556 1034 3611 tatem
1069 3548 1386 3629 cognovit.
1407 3553 1678 3611 Statura
1712 3561 1822 3612 tua
1853 3554 2217 3613 assimilata
2247 3564 2337 3615 est

833 3652 1098 3726 palmoe.
1125 3648 1461 3730 Nunquam
1492 3648 1661 3711 enim
1697 3668 1809 3731 per
1840 3650 2093 3731 culpam
2125 3660 2221 3714 est
2250 3652 2337 3714 in-

840 3755 1122 3822 curvata,
1159 3748 1266 3809 sed
1313 3747 1376 3808 in
1422 3747 1597 3809 omni
1639 3747 1872 3810 virtute
1911 3757 1973 3810 et
2022 3750 2335 3831 sapientia

835 3846 1074 3927 jugiter
1121 3829 1298 3907 stetit
1345 3854 1573 3923 erecta,
1629 3865 1700 3909 ac
1745 3845 2207 3925 gloriosissime
2255 3849 2335 3911 de

839 3944 1278 4007 invisibilibus
1327 3944 1616 4006 host-ibus
1668 3945 2106 4027 triumphavit.
2156 3946 2334 4011 Unde

839 4043 1120 4107 victoriae
1151 4044 1361 4124 palma
1399 4044 1633 4105 meruit
1671 4043 1989 4123 insigniri.
2022 4047 2108 4105 Ec
2138 4049 2331 4107 ubera

843 4150 953 4201 tua
995 4143 1210 4201 botris.
1248 4140 1386 4221 Ipsa
1434 4140 1670 4202 etenim
1719 4141 2179 4205 amabilissima
2220 4145 2333 4207 Do-

2448 3158 2623 3240 legit,
2668 3158 3095 3241 participavit,
3144 3160 3432 3241 reposuit
3469 3168 3593 3222 tam
3637 3159 3935 3240 gratiose,

2448 3258 2620 3337 quod
2678 3257 2977 3321 omnibus
3037 3257 3222 3321 nobis
3281 3258 3429 3321 inde
3484 3259 3933 3323 communicat.

2448 3355 2591 3418 Ideo
2637 3374 2909 3438 sponsus
2954 3355 3170 3418 subdit
3210 3357 3291 3418 ad
3334 3375 3473 3419 eam
3509 3373 3523 3417 :

2534 3456 2614 3515 Ec
2654 3464 2848 3515 erunt
2887 3456 3081 3515 ubera
3136 3464 3249 3515 tua
3285 3456 3452 3516 sicut
3498 3457 3665 3515 botri
3708 3457 3935 3517 vineoe.

2446 3552 2917 3616 Gloriosissima
2946 3572 3225 3634 namque
3256 3552 3540 3616 Genitrix
3570 3552 3935 3630 SalvatoriS‚

2446 3672 2523 3714 ex
2572 3651 3099 3727 consideratione,
3144 3649 3522 3728 imitatione,
3564 3652 3942 3734 compassio-

2447 3770 2527 3813 ne
2575 3750 2893 3832 passionis
2941 3750 3088 3811 Filii
3137 3749 3258 3828 sui,
3314 3758 3553 3813 tantam
3601 3760 3941 3814 consecuta

2446 3857 2543 3911 est
2570 3847 2976 3911 affluentiam
3006 3848 3245 3929 gratiae,
3278 3857 3405 3910 tam
3436 3848 3839 3912 ineffabilem
3874 3849 3937 3911 in

2446 3948 2623 4010 omni
2686 3947 2970 4024 caritate,
3031 3946 3365 4029 sapientia,
3431 3947 3665 4030 pietate
3731 3946 3941 4030 profe-

2445 4054 2639 4122 ctum,
2663 4046 2836 4126 quod
2862 4045 2997 4108 haec
3025 4044 3165 4127 ipsa
3188 4044 3547 4127 spiritualia
3572 4045 3711 4127 ejus
3740 4046 3937 4110 ubera

2444 4143 3033 4206 redundantissima
3058 4142 3319 4205 fuerunt
3354 4163 3427 4207 ac
3470 4152 3619 4205 sunt
3656 4144 3733 4207 ad
3783 4145 3934 4209 refi-

839 4238 1042 4314 mina,
1105 4258 1219 4319 per
1282 4258 1459 4301 suam
1523 4239 1899 4321 sapientiam
1959 4240 2195 4304 multos
2254 4243 2737 4311 deDciendum
2794 4261 2909 4306 nos
2966 4260 3186 4305 omnes
3244 4242 3397 4305 vino
3454 4250 3517 4305 et
3570 4243 3731 4317 oleo,
3788 4264 3932 4325 quae
3974 4263 4223 4310 Laenas.

838 4336 1068 4398 Christi
1105 4336 1402 4399 instruxit
1433 4338 1775 4419 mysteriiS,
1808 4339 2028 4401 multis
2059 4340 2331 4420 praebuit

837 4436 1034 4497 ubera
1065 4433 1518 4498 consolationis
1542 4453 1554 4498 :
1576 4455 1718 4517 quae
1749 4456 1862 4498 sua
1895 4436 2328 4501 inaestimabili

836 4533 1098 4596 caritate
1129 4553 1201 4597 ac
1241 4535 1497 4616 pietate,
1537 4534 1736 4596 instar
1774 4534 2329 4600 affectuosissimae

834 4632 1163 4712 genitricis
1203 4642 1396 4713 atque
1427 4634 1717 4711 nutriciS,
1753 4652 1973 4696 omnes
2013 4635 2093 4697 ad
2133 4654 2201 4698 se
2228 4654 2330 4698 ac-

835 4732 1140 4795 cedentes
1163 4740 1226 4793 et
1264 4730 1712 4811 confugientes
1754 4731 2005 4809 refovit,
2044 4732 2330 4797 laetifica-

835 4830 947 4907 vit,
1000 4839 1062 4893 et
1119 4838 1421 4911 tanquam
1479 4832 1722 4913 optimo
1781 4830 1952 4909 vino,
2007 4832 2327 4914 spirituali

837 4930 1067 5012 poculo
1110 4929 1443 4993 recreavit.

908 5030 1072 5089 Dian·
1093 5049 1115 5087 .·
1141 5032 1502 5089 Asc-endam
1535 5031 1608 5089 in
1629 5033 1951 5105 palmam,
1973 5036 2092 5091 etc.
2120 5029 2184 5092 Si
2216 5049 2329 5112 per

838 5126 1116 5210 palmam
1175 5126 1569 5207 intelligatur
1626 5126 2061 5191 illustrissima
2112 5128 2327 5209 Virg0,

835 5232 1082 5288 constat
1119 5226 1292 5306 quod
1332 5224 1706 5303 Unigenitus
1747 5225 1852 5289 Dei
1894 5245 2007 5309 per
2041 5226 2332 5291 incarna-

835 5323 1031 5386 tionis
1063 5323 1436 5407 mysterium
1469 5324 1799 5387 descendit
1828 5324 1896 5387 in
1932 5344 2095 5403 eam,
2129 5335 2195 5390 et
2222 5346 2333 5409 ap-

2442 4341 2873 4403 Samaritanus
2916 4339 3153 4403 infudit
3182 4340 3556 4405 vulneribus
3587 4362 3621 4403 a
3674 4342 3931 4406 latroni-

2440 4439 2559 4501 bus
2608 4439 2948 4503 vulnerati.

2520 4542 2606 4600 Ec
2654 4542 2810 4599 odor
2847 4541 2981 4598 oris
3025 4540 3124 4599 tui
3170 4540 3337 4599 sicut
3378 4541 3721 4599 malorum.
3768 4538 3931 4602 Odor

2440 4636 2567 4700 oris
2600 4636 2994 4698 admirabilis
3022 4636 3326 4716 VirginiS,
3367 4645 3464 4699 est
3494 4635 3773 4699 suavitas
3805 4656 3929 4699 suae

2438 4734 2768 4812 orationiS,
2804 4734 3075 4798 dulcedo
3107 4734 3510 4798 saluberrimi
3556 4734 3653 4796 sui
3694 4753 3928 4798 sermo-

2439 4834 2560 4911 niS,
2596 4833 3041 4916 exemplaritas
3072 4834 3411 4899 verborum
3445 4833 3670 4916 ipsiuS,
3702 4834 3841 4896 laus
3869 4842 3924 4896 et

2439 4932 2813 5016 psalmodia,
2850 4932 3083 5013 quibus
3115 4932 3311 4995 Deum
3348 4932 3587 5014 jugiter
3614 4931 3929 4995 collauda-

2438 5032 2551 5109 vit,
2577 5031 3084 5095 eminentissime
3114 5031 3388 5113 implens
3418 5031 3591 5113 quod
3621 5031 3925 5114 scriptum

2438 5140 2535 5193 est
2577 5148 2592 5192 t
2646 5130 3015 5193 Benedicam
3067 5131 3405 5193 Dominum
3443 5130 3509 5192 in
3559 5130 3735 5193 omni
3775 5138 3923 5193 tem·
3948 5148 4213 5193 mxuma

2439 5247 2631 5311 pore3
2664 5248 2917 5311 semper
2962 5229 3100 5292 laus
3141 5229 3280 5311 ejus
3329 5228 3396 5290 in
3444 5246 3553 5293 ore
3589 5248 3754 5293 meo.
3790 5229 3923 5291 [deo

2439 5327 2680 5391 dictum
2722 5335 2819 5391 est
2864 5346 3056 5410 supra
3091 5346 3105 5390 :
3144 5327 3337 5392 Sonat
3374 5345 3497 5393 vox
3535 5335 3645 5390 tua
3672 5328 3739 5390 in
3770 5326 3921 5391 auri·
3946 5343 4219 5396 emmau.
