<?xml version="1.0" encoding="UTF-8"?>
<!DOCTYPE html PUBLIC "-//W3C//DTD XHTML 1.0 Transitional//EN"
    "http://www.w3.org/TR/xhtml1/DTD/xhtml1-transitional.dtd">
<html xmlns="http://www.w3.org/1999/xhtml" xml:lang="en" lang="en">
 <head>
  <title>
</title>
<meta http-equiv="Content-Type" content="text/html;charset=utf-8" />
  <meta name='ocr-system' content='tesseract 3.04.00' />
  <meta name='ocr-capabilities' content='ocr_page ocr_carea ocr_par ocr_line ocrx_word'/>
</head>
<body>
  <div class='ocr_page' id='page_1' title='image "./doctorisecstati00denigoog_0067.png"; bbox 0 0 4284 6267; ppageno 0'>
   <div class='ocr_carea' id='block_1_1' title="bbox 489 862 558 904">
    <p class='ocr_par' dir='ltr' id='par_1_1' title="bbox 489 862 558 904">
     <span class='ocr_line' id='line_1_1' title="bbox 489 862 558 904; baseline 0.029 -2"><span class='ocrx_word' id='word_1_1' title='bbox 489 862 558 904; x_wconf 75' lang='lat'><strong>22.</strong></span> 
     </span>
    </p>
   </div>
   <div class='ocr_carea' id='block_1_2' title="bbox 519 1278 752 1329">
    <p class='ocr_par' dir='ltr' id='par_1_2' title="bbox 519 1278 752 1329">
     <span class='ocr_line' id='line_1_2' title="bbox 519 1278 752 1329; baseline -0.013 -6"><span class='ocrx_word' id='word_1_2' title='bbox 519 1278 684 1323; x_wconf 71' lang='lat' dir='ltr'><strong>Mauh.</strong></span> <span class='ocrx_word' id='word_1_3' title='bbox 695 1292 752 1329; x_wconf 77' lang='lat' dir='ltr'><strong>xi,</strong></span> 
     </span>
    </p>
   </div>
   <div class='ocr_carea' id='block_1_3' title="bbox 497 3735 764 3785">
    <p class='ocr_par' dir='ltr' id='par_1_3' title="bbox 497 3735 764 3785">
     <span class='ocr_line' id='line_1_3' title="bbox 497 3735 764 3785; baseline 0 -6"><span class='ocrx_word' id='word_1_4' title='bbox 497 3735 764 3785; x_wconf 45' lang='lat' dir='ltr'><strong>Pausias·</strong></span> 
     </span>
    </p>
   </div>
   <div class='ocr_carea' id='block_1_4' title="bbox 501 3930 762 4037">
    <p class='ocr_par' dir='ltr' id='par_1_4' title="bbox 501 3930 762 4037">
     <span class='ocr_line' id='line_1_4' title="bbox 501 3930 762 4037; baseline -0.008 -62"><span class='ocrx_word' id='word_1_5' title='bbox 501 3930 694 4037; x_wconf 53' lang='lat' dir='ltr'><strong>”Effluet</strong></span> <span class='ocrx_word' id='word_1_6' title='bbox 719 3944 762 3982; x_wconf 75' lang='lat' dir='ltr'><strong>v,</strong></span> 
     </span>
    </p>
   </div>
   <div class='ocr_carea' id='block_1_5' title="bbox 515 1376 752 1455">
    <p class='ocr_par' dir='ltr' id='par_1_5' title="bbox 515 1376 752 1455">
     <span class='ocr_line' id='line_1_5' title="bbox 515 1376 752 1455; baseline -0.013 -8"><span class='ocrx_word' id='word_1_7' title='bbox 515 1376 673 1448; x_wconf 70' lang='lat' dir='ltr'><strong>lfc&#39;or.</strong></span> <span class='ocrx_word' id='word_1_8' title='bbox 697 1418 752 1455; x_wconf 73' lang='lat' dir='ltr'><strong>vi,</strong></span> 
     </span>
    </p>
   </div>
   <div class='ocr_carea' id='block_1_6' title="bbox 592 2260 660 2315">
    <p class='ocr_par' dir='ltr' id='par_1_6' title="bbox 592 2260 660 2315">
     <span class='ocr_line' id='line_1_6' title="bbox 592 2260 660 2315; baseline 0 0"><span class='ocrx_word' id='word_1_9' title='bbox 592 2260 660 2315; x_wconf 81' lang='lat'><strong>13</strong></span> 
     </span>
    </p>
   </div>
   <div class='ocr_carea' id='block_1_7' title="bbox 593 2648 663 2704">
    <p class='ocr_par' dir='ltr' id='par_1_7' title="bbox 593 2648 663 2704">
     <span class='ocr_line' id='line_1_7' title="bbox 593 2648 663 2704; baseline 0.014 -1"><span class='ocrx_word' id='word_1_10' title='bbox 593 2648 663 2704; x_wconf 74' lang='lat' dir='ltr'>ss</span> 
     </span>
    </p>
   </div>
   <div class='ocr_carea' id='block_1_8' title="bbox 603 4216 671 4273">
    <p class='ocr_par' dir='ltr' id='par_1_8' title="bbox 603 4216 671 4273">
     <span class='ocr_line' id='line_1_8' title="bbox 603 4216 671 4273; baseline 0 0"><span class='ocrx_word' id='word_1_11' title='bbox 603 4216 671 4273; x_wconf 80' lang='lat'><strong>15</strong></span> 
     </span>
    </p>
   </div>
   <div class='ocr_carea' id='block_1_9' title="bbox 602 5000 672 5055">
    <p class='ocr_par' dir='ltr' id='par_1_9' title="bbox 602 5000 672 5055">
     <span class='ocr_line' id='line_1_9' title="bbox 602 5000 672 5055; baseline 0 0"><span class='ocrx_word' id='word_1_12' title='bbox 602 5000 672 5055; x_wconf 75' lang='lat'><strong>16</strong></span> 
     </span>
    </p>
   </div>
   <div class='ocr_carea' id='block_1_10' title="bbox 781 490 862 553">
    <p class='ocr_par' dir='ltr' id='par_1_10' title="bbox 781 490 862 553">
     <span class='ocr_line' id='line_1_10' title="bbox 781 490 862 553; baseline 0 0"><span class='ocrx_word' id='word_1_13' title='bbox 781 490 862 553; x_wconf 83' lang='lat'><strong>36</strong></span> 
     </span>
    </p>
   </div>
   <div class='ocr_carea' id='block_1_11' title="bbox 1481 506 3176 555">
    <p class='ocr_par' dir='ltr' id='par_1_11' title="bbox 1481 506 3176 555">
     <span class='ocr_line' id='line_1_11' title="bbox 1481 506 3176 555; baseline -0.002 0"><span class='ocrx_word' id='word_1_14' title='bbox 1481 509 1832 555; x_wconf 68' lang='lat' dir='ltr'><strong>ENARRATIO</strong></span> <span class='ocrx_word' id='word_1_15' title='bbox 1873 508 1938 554; x_wconf 81' lang='lat' dir='ltr'><strong>IN</strong></span> <span class='ocrx_word' id='word_1_16' title='bbox 1979 506 2120 555; x_wconf 79' lang='lat' dir='ltr'><strong>cAP.</strong></span> <span class='ocrx_word' id='word_1_17' title='bbox 2169 506 2232 553; x_wconf 79' lang='lat' dir='ltr'><strong>IV</strong></span> <span class='ocrx_word' id='word_1_18' title='bbox 2272 506 2755 554; x_wconf 68' lang='lat' dir='ltr'><strong>Pnovnnmonmfl.</strong></span> <span class='ocrx_word' id='word_1_19' title='bbox 2805 527 2885 537; x_wconf 90' lang='lat'>—</span> <span class='ocrx_word' id='word_1_20' title='bbox 2924 508 3066 555; x_wconf 71' lang='grc' dir='ltr'><strong>ΛΒΤ.</strong></span> <span class='ocrx_word' id='word_1_21' title='bbox 3114 507 3176 553; x_wconf 94' lang='lat' dir='ltr'><strong>1v</strong></span> 
     </span>
    </p>
   </div>
   <div class='ocr_carea' id='block_1_12' title="bbox 519 677 3873 859">
    <p class='ocr_par' dir='ltr' id='par_1_12' title="bbox 519 677 3873 859">
     <span class='ocr_line' id='line_1_12' title="bbox 781 677 3873 761; baseline -0.001 -21"><span class='ocrx_word' id='word_1_22' title='bbox 781 695 973 741; x_wconf 83' lang='lat' dir='ltr'><strong>omne</strong></span> <span class='ocrx_word' id='word_1_23' title='bbox 1002 678 1240 741; x_wconf 88' lang='lat' dir='ltr'><strong>bonum</strong></span> <span class='ocrx_word' id='word_1_24' title='bbox 1272 677 1588 755; x_wconf 81' lang='lat' dir='ltr'>alacriter,</span> <span class='ocrx_word' id='word_1_25' title='bbox 1613 688 1682 741; x_wconf 93' lang='lat' dir='ltr'><strong>ut</strong></span> <span class='ocrx_word' id='word_1_26' title='bbox 1708 688 1886 759; x_wconf 91' lang='lat' dir='ltr'><strong>grata</strong></span> <span class='ocrx_word' id='word_1_27' title='bbox 1917 688 2129 743; x_wconf 91' lang='lat' dir='ltr'><strong>mente</strong></span> <span class='ocrx_word' id='word_1_28' title='bbox 2158 679 2275 742; x_wconf 88' lang='lat' dir='ltr'><strong>Do-</strong></span> <span class='ocrx_word' id='word_1_29' title='bbox 2305 677 2356 738; x_wconf 84' lang='lat' dir='ltr'><strong>A</strong></span> <span class='ocrx_word' id='word_1_30' title='bbox 2384 677 2547 740; x_wconf 88' lang='lat' dir='ltr'><strong>sima</strong></span> <span class='ocrx_word' id='word_1_31' title='bbox 2570 680 2742 760; x_wconf 83' lang='lat' dir='ltr'><strong>(quae</strong></span> <span class='ocrx_word' id='word_1_32' title='bbox 2781 687 2878 742; x_wconf 89' lang='lat' dir='ltr'><strong>est</strong></span> <span class='ocrx_word' id='word_1_33' title='bbox 2914 679 3113 742; x_wconf 89' lang='lat' dir='ltr'><strong>altera</strong></span> <span class='ocrx_word' id='word_1_34' title='bbox 3144 680 3433 761; x_wconf 82' lang='lat' dir='ltr'><strong>quaedam</strong></span> <span class='ocrx_word' id='word_1_35' title='bbox 3476 686 3702 739; x_wconf 91' lang='lat' dir='ltr'><strong>natura</strong></span> <span class='ocrx_word' id='word_1_36' title='bbox 3741 695 3873 738; x_wconf 90' lang='lat' dir='ltr'><strong>ma-</strong></span> 
     </span>
     <span class='ocr_line' id='line_1_13' title="bbox 519 776 2271 859; baseline -0.001 -19"><span class='ocrx_word' id='word_1_37' title='bbox 519 797 597 842; x_wconf 69' lang='lat'><strong>1²2.</strong></span> <span class='ocrx_word' id='word_1_38' title='bbox 613 810 753 849; x_wconf 73' lang='lat' dir='ltr'><strong>mm,</strong></span> <span class='ocrx_word' id='word_1_39' title='bbox 782 776 958 839; x_wconf 92' lang='lat' dir='ltr'><strong>mino</strong></span> <span class='ocrx_word' id='word_1_40' title='bbox 989 777 1221 859; x_wconf 90' lang='lat' dir='ltr'><strong>psallas</strong></span> <span class='ocrx_word' id='word_1_41' title='bbox 1255 798 1270 841; x_wconf 89' lang='lat'><strong>:</strong></span> <span class='ocrx_word' id='word_1_42' title='bbox 1307 777 1487 840; x_wconf 76' lang='lat' dir='ltr'><strong>Viam</strong></span> <span class='ocrx_word' id='word_1_43' title='bbox 1527 779 1971 842; x_wconf 91' lang='lat' dir='ltr'><strong>mandatorum</strong></span> <span class='ocrx_word' id='word_1_44' title='bbox 2016 788 2271 842; x_wconf 93' lang='lat' dir='ltr'><strong>tuorum</strong></span> 
     </span>
    </p>
   </div>
   <div class='ocr_carea' id='block_1_13' title="bbox 780 875 2277 1845">
    <p class='ocr_par' dir='ltr' id='par_1_13' title="bbox 780 875 2277 1845">
     <span class='ocr_line' id='line_1_14' title="bbox 781 875 2273 959; baseline 0 -22"><span class='ocrx_word' id='word_1_45' title='bbox 781 875 1055 951; x_wconf 90' lang='lat' dir='ltr'><strong>cucurri,</strong></span> <span class='ocrx_word' id='word_1_46' title='bbox 1087 894 1287 956; x_wconf 90' lang='lat' dir='ltr'><strong>quum</strong></span> <span class='ocrx_word' id='word_1_47' title='bbox 1339 875 1642 953; x_wconf 81' lang='lat' dir='ltr'><strong>dilatasti,</strong></span> <span class='ocrx_word' id='word_1_48' title='bbox 1686 877 1752 938; x_wconf 91' lang='lat' dir='ltr'><strong>id</strong></span> <span class='ocrx_word' id='word_1_49' title='bbox 1796 886 1914 955; x_wconf 91' lang='lat' dir='ltr'><strong>est,</strong></span> <span class='ocrx_word' id='word_1_50' title='bbox 1954 896 2067 959; x_wconf 91' lang='lat' dir='ltr'><strong>per</strong></span> <span class='ocrx_word' id='word_1_51' title='bbox 2113 877 2273 939; x_wconf 90' lang='lat' dir='ltr'><strong>cari-</strong></span> 
     </span>
     <span class='ocr_line' id='line_1_15' title="bbox 783 974 2276 1057; baseline 0.002 -22"><span class='ocrx_word' id='word_1_52' title='bbox 783 980 973 1035; x_wconf 90' lang='lat' dir='ltr'><strong>tatem</strong></span> <span class='ocrx_word' id='word_1_53' title='bbox 1023 974 1388 1052; x_wconf 77' lang='lat' dir='ltr'><strong>extendisti,</strong></span> <span class='ocrx_word' id='word_1_54' title='bbox 1433 994 1543 1037; x_wconf 91' lang='lat' dir='ltr'><strong>cor</strong></span> <span class='ocrx_word' id='word_1_55' title='bbox 1590 995 1825 1053; x_wconf 89' lang='lat' dir='ltr'><strong>meum,</strong></span> <span class='ocrx_word' id='word_1_56' title='bbox 1877 977 1956 1038; x_wconf 94' lang='lat' dir='ltr'><strong>ad</strong></span> <span class='ocrx_word' id='word_1_57' title='bbox 2004 976 2276 1057; x_wconf 84' lang='lat' dir='ltr'><strong>diligen-</strong></span> 
     </span>
     <span class='ocr_line' id='line_1_16' title="bbox 780 1071 2275 1155; baseline 0.001 -22"><span class='ocrx_word' id='word_1_58' title='bbox 780 1071 932 1133; x_wconf 90' lang='lat' dir='ltr'><strong>dum</strong></span> <span class='ocrx_word' id='word_1_59' title='bbox 969 1080 1028 1134; x_wconf 92' lang='lat' dir='ltr'><strong>te</strong></span> <span class='ocrx_word' id='word_1_60' title='bbox 1059 1071 1382 1135; x_wconf 80' lang='lat' dir='ltr'><strong>ferventer</strong></span> <span class='ocrx_word' id='word_1_61' title='bbox 1419 1092 1492 1135; x_wconf 94' lang='lat' dir='ltr'><strong>ac</strong></span> <span class='ocrx_word' id='word_1_62' title='bbox 1532 1075 1875 1155; x_wconf 82' lang='lat' dir='ltr'><strong>proximoS‚</strong></span> <span class='ocrx_word' id='word_1_63' title='bbox 1909 1084 1972 1137; x_wconf 92' lang='lat' dir='ltr'><strong>et</strong></span> <span class='ocrx_word' id='word_1_64' title='bbox 2011 1075 2090 1137; x_wconf 91' lang='lat' dir='ltr'><strong>ad</strong></span> <span class='ocrx_word' id='word_1_65' title='bbox 2125 1093 2275 1137; x_wconf 89' lang='lat' dir='ltr'><strong>con-</strong></span> 
     </span>
     <span class='ocr_line' id='line_1_17' title="bbox 781 1170 2275 1253; baseline 0.003 -22"><span class='ocrx_word' id='word_1_66' title='bbox 781 1170 1187 1233; x_wconf 87' lang='lat' dir='ltr'><strong>siderandum</strong></span> <span class='ocrx_word' id='word_1_67' title='bbox 1237 1172 1620 1253; x_wconf 70' lang='lat' dir='ltr'><strong>pertinentia</strong></span> <span class='ocrx_word' id='word_1_68' title='bbox 1664 1174 1742 1235; x_wconf 90' lang='lat' dir='ltr'><strong>ad</strong></span> <span class='ocrx_word' id='word_1_69' title='bbox 1791 1174 2084 1235; x_wconf 88' lang='lat' dir='ltr'><strong>salutem.</strong></span> <span class='ocrx_word' id='word_1_70' title='bbox 2116 1173 2275 1235; x_wconf 88' lang='lat' dir='ltr'><strong>Hinc</strong></span> 
     </span>
     <span class='ocr_line' id='line_1_18' title="bbox 783 1268 2277 1353; baseline 0.003 -24"><span class='ocrx_word' id='word_1_71' title='bbox 783 1268 872 1329; x_wconf 91' lang='lat' dir='ltr'><strong>ait</strong></span> <span class='ocrx_word' id='word_1_72' title='bbox 901 1269 1186 1332; x_wconf 85' lang='lat' dir='ltr'><strong>Salvator</strong></span> <span class='ocrx_word' id='word_1_73' title='bbox 1213 1288 1226 1331; x_wconf 93' lang='lat'>:</span> <span class='ocrx_word' id='word_1_74' title='bbox 1250 1271 1478 1350; x_wconf 79' lang='lat' dir='ltr'><strong>Iugum</strong></span> <span class='ocrx_word' id='word_1_75' title='bbox 1513 1290 1725 1334; x_wconf 89' lang='lat' dir='ltr'><strong>meum</strong></span> <span class='ocrx_word' id='word_1_76' title='bbox 1759 1291 1952 1335; x_wconf 87' lang='lat' dir='ltr'><strong>suave</strong></span> <span class='ocrx_word' id='word_1_77' title='bbox 1982 1280 2092 1335; x_wconf 81' lang='lat' dir='ltr'><strong>est.</strong></span> <span class='ocrx_word' id='word_1_78' title='bbox 2115 1272 2277 1353; x_wconf 87' lang='lat' dir='ltr'><strong>Apo-</strong></span> 
     </span>
     <span class='ocr_line' id='line_1_19' title="bbox 783 1366 2275 1450; baseline 0.001 -23"><span class='ocrx_word' id='word_1_79' title='bbox 783 1366 983 1428; x_wconf 88' lang='lat' dir='ltr'><strong>stolus</strong></span> <span class='ocrx_word' id='word_1_80' title='bbox 1027 1386 1284 1448; x_wconf 91' lang='lat' dir='ltr'><strong>quoque</strong></span> <span class='ocrx_word' id='word_1_81' title='bbox 1326 1367 1711 1430; x_wconf 73' lang='lat' dir='ltr'><strong>:Dilatatum</strong></span> <span class='ocrx_word' id='word_1_82' title='bbox 1748 1377 1864 1445; x_wconf 86' lang='lat' dir='ltr'><strong>est,</strong></span> <span class='ocrx_word' id='word_1_83' title='bbox 1899 1369 2130 1450; x_wconf 89' lang='lat' dir='ltr'><strong>inquit,</strong></span> <span class='ocrx_word' id='word_1_84' title='bbox 2164 1388 2275 1432; x_wconf 91' lang='lat' dir='ltr'><strong>cor</strong></span> 
     </span>
     <span class='ocr_line' id='line_1_20' title="bbox 785 1465 2277 1531; baseline 0.003 -5"><span class='ocrx_word' id='word_1_85' title='bbox 785 1473 1094 1527; x_wconf 91' lang='lat' dir='ltr'><strong>nostrum.</strong></span> <span class='ocrx_word' id='word_1_86' title='bbox 1119 1465 1330 1528; x_wconf 87' lang='lat' dir='ltr'><strong>Nihilo</strong></span> <span class='ocrx_word' id='word_1_87' title='bbox 1368 1466 1582 1529; x_wconf 91' lang='lat' dir='ltr'><strong>minus</strong></span> <span class='ocrx_word' id='word_1_88' title='bbox 1621 1476 1794 1530; x_wconf 89' lang='lat' dir='ltr'><strong>arcta</strong></span> <span class='ocrx_word' id='word_1_89' title='bbox 1832 1476 1928 1530; x_wconf 88' lang='lat' dir='ltr'><strong>est</strong></span> <span class='ocrx_word' id='word_1_90' title='bbox 1965 1468 2070 1531; x_wconf 90' lang='lat' dir='ltr'><strong>via</strong></span> <span class='ocrx_word' id='word_1_91' title='bbox 2108 1468 2277 1530; x_wconf 91' lang='lat' dir='ltr'><strong>salu-</strong></span> 
     </span>
     <span class='ocr_line' id='line_1_21' title="bbox 784 1562 2275 1646; baseline 0.002 -22"><span class='ocrx_word' id='word_1_92' title='bbox 784 1562 888 1639; x_wconf 89' lang='lat' dir='ltr'><strong>tis,</strong></span> <span class='ocrx_word' id='word_1_93' title='bbox 924 1563 1218 1627; x_wconf 89' lang='lat' dir='ltr'><strong>habendo</strong></span> <span class='ocrx_word' id='word_1_94' title='bbox 1249 1573 1607 1646; x_wconf 88' lang='lat' dir='ltr'><strong>respectum</strong></span> <span class='ocrx_word' id='word_1_95' title='bbox 1649 1568 1724 1628; x_wconf 94' lang='lat' dir='ltr'><strong>ad</strong></span> <span class='ocrx_word' id='word_1_96' title='bbox 1756 1567 2052 1629; x_wconf 83' lang='lat' dir='ltr'><strong>humanae</strong></span> <span class='ocrx_word' id='word_1_97' title='bbox 2081 1565 2275 1646; x_wconf 89' lang='lat' dir='ltr'><strong>fragi-</strong></span> 
     </span>
     <span class='ocr_line' id='line_1_22' title="bbox 781 1660 2274 1748; baseline 0.003 -26"><span class='ocrx_word' id='word_1_98' title='bbox 781 1660 977 1723; x_wconf 88' lang='lat' dir='ltr'><strong>litatis</strong></span> <span class='ocrx_word' id='word_1_99' title='bbox 1007 1661 1472 1737; x_wconf 83' lang='lat' dir='ltr'><strong>conditionem;</strong></span> <span class='ocrx_word' id='word_1_100' title='bbox 1499 1673 1778 1727; x_wconf 82' lang='lat' dir='ltr'><strong>attamen</strong></span> <span class='ocrx_word' id='word_1_101' title='bbox 1808 1684 1920 1748; x_wconf 93' lang='lat' dir='ltr'><strong>per</strong></span> <span class='ocrx_word' id='word_1_102' title='bbox 1950 1665 2274 1728; x_wconf 88' lang='lat' dir='ltr'><strong>caritatem</strong></span> 
     </span>
     <span class='ocr_line' id='line_1_23' title="bbox 781 1759 2271 1845; baseline 0.002 -24"><span class='ocrx_word' id='word_1_103' title='bbox 781 1759 1113 1822; x_wconf 82' lang='lat' dir='ltr'><strong>dulcescit.</strong></span> <span class='ocrx_word' id='word_1_104' title='bbox 1149 1764 1235 1822; x_wconf 83' lang='lat' dir='ltr'><strong>E&#39;t</strong></span> <span class='ocrx_word' id='word_1_105' title='bbox 1280 1781 1570 1831; x_wconf 81' lang='lat' dir='ltr'><strong>currens,</strong></span> <span class='ocrx_word' id='word_1_106' title='bbox 1601 1762 1664 1824; x_wconf 93' lang='lat' dir='ltr'><strong>id</strong></span> <span class='ocrx_word' id='word_1_107' title='bbox 1709 1772 1805 1824; x_wconf 90' lang='lat' dir='ltr'><strong>est</strong></span> <span class='ocrx_word' id='word_1_108' title='bbox 1850 1782 1924 1827; x_wconf 89' lang='lat' dir='ltr'><strong>ea</strong></span> <span class='ocrx_word' id='word_1_109' title='bbox 1971 1783 2116 1845; x_wconf 82' lang='lat' dir='ltr'><strong>quae</strong></span> <span class='ocrx_word' id='word_1_110' title='bbox 2164 1763 2271 1825; x_wconf 88' lang='lat' dir='ltr'><strong>Dei</strong></span> 
     </span>
    </p>
   </div>
   <div class='ocr_carea' id='block_1_14' title="bbox 2382 775 4175 1843">
    <p class='ocr_par' dir='ltr' id='par_1_14' title="bbox 2384 775 3873 958">
     <span class='ocr_line' id='line_1_24' title="bbox 2384 775 3871 858; baseline -0.001 -21"><span class='ocrx_word' id='word_1_111' title='bbox 2384 776 2572 858; x_wconf 85' lang='lat' dir='ltr'><strong>ligni)</strong></span> <span class='ocrx_word' id='word_1_112' title='bbox 2613 796 2721 840; x_wconf 91' lang='lat' dir='ltr'><strong>eos</strong></span> <span class='ocrx_word' id='word_1_113' title='bbox 2770 778 3103 839; x_wconf 89' lang='lat' dir='ltr'><strong>inclinant.</strong></span> <span class='ocrx_word' id='word_1_114' title='bbox 3146 778 3295 839; x_wconf 91' lang='lat' dir='ltr'><strong>Nam</strong></span> <span class='ocrx_word' id='word_1_115' title='bbox 3347 786 3411 839; x_wconf 91' lang='lat' dir='ltr'><strong>et</strong></span> <span class='ocrx_word' id='word_1_116' title='bbox 3456 775 3871 857; x_wconf 90' lang='lat' dir='ltr'><strong>Philosophus</strong></span> 
     </span>
     <span class='ocr_line' id='line_1_25' title="bbox 2384 874 3873 958; baseline -0.001 -22"><span class='ocrx_word' id='word_1_117' title='bbox 2384 884 2769 957; x_wconf 82' lang='lat' dir='ltr'><strong>protestatur</strong></span> <span class='ocrx_word' id='word_1_118' title='bbox 2804 894 2819 938; x_wconf 92' lang='lat'><strong>:</strong></span> <span class='ocrx_word' id='word_1_119' title='bbox 2852 875 3067 950; x_wconf 90' lang='lat' dir='ltr'><strong>Qualis</strong></span> <span class='ocrx_word' id='word_1_120' title='bbox 3106 876 3381 958; x_wconf 84' lang='lat' dir='ltr'><strong>quisque</strong></span> <span class='ocrx_word' id='word_1_121' title='bbox 3417 884 3535 949; x_wconf 90' lang='lat' dir='ltr'><strong>est,</strong></span> <span class='ocrx_word' id='word_1_122' title='bbox 3576 874 3727 938; x_wconf 90' lang='lat' dir='ltr'><strong>talia</strong></span> <span class='ocrx_word' id='word_1_123' title='bbox 3766 893 3873 936; x_wconf 93' lang='lat' dir='ltr'><strong>cu-</strong></span> 
     </span>
    </p>

    <p class='ocr_par' dir='ltr' id='par_1_15' title="bbox 2383 972 4175 1253">
     <span class='ocr_line' id='line_1_26' title="bbox 2383 972 3869 1056; baseline -0.001 -21"><span class='ocrx_word' id='word_1_124' title='bbox 2383 974 2499 1055; x_wconf 89' lang='lat' dir='ltr'><strong>pit,</strong></span> <span class='ocrx_word' id='word_1_125' title='bbox 2550 974 2855 1056; x_wconf 91' lang='lat' dir='ltr'><strong>loquitur,</strong></span> <span class='ocrx_word' id='word_1_126' title='bbox 2908 983 3227 1056; x_wconf 82' lang='lat' dir='ltr'><strong>operatur.</strong></span> <span class='ocrx_word' id='word_1_127' title='bbox 3269 975 3427 1037; x_wconf 83' lang='lat' dir='ltr'><strong>Hinc</strong></span> <span class='ocrx_word' id='word_1_128' title='bbox 3466 973 3751 1035; x_wconf 91' lang='lat' dir='ltr'><strong>Christus</strong></span> <span class='ocrx_word' id='word_1_129' title='bbox 3803 972 3869 1034; x_wconf 90' lang='lat' dir='ltr'><strong>in</strong></span> 
     </span>
     <span class='ocr_line' id='line_1_27' title="bbox 2384 1072 4175 1155; baseline -0.001 -21"><span class='ocrx_word' id='word_1_130' title='bbox 2384 1072 2730 1154; x_wconf 87' lang='lat' dir='ltr'><strong>Evangelio</strong></span> <span class='ocrx_word' id='word_1_131' title='bbox 2761 1072 2995 1135; x_wconf 88' lang='lat' dir='ltr'><strong>talibus</strong></span> <span class='ocrx_word' id='word_1_132' title='bbox 3025 1073 3112 1134; x_wconf 89' lang='lat' dir='ltr'><strong>ait</strong></span> <span class='ocrx_word' id='word_1_133' title='bbox 3146 1091 3160 1134; x_wconf 91' lang='lat'>:</span> <span class='ocrx_word' id='word_1_134' title='bbox 3196 1072 3569 1155; x_wconf 80' lang='lat' dir='ltr'><strong>Hypocritae,</strong></span> <span class='ocrx_word' id='word_1_135' title='bbox 3606 1089 3869 1153; x_wconf 89' lang='lat' dir='ltr'><strong>quomo-</strong></span> <span class='ocrx_word' id='word_1_136' title='bbox 3912 1084 4175 1133; x_wconf 55' lang='lat' dir='ltr'><strong>Macram.</strong></span> 
     </span>
     <span class='ocr_line' id='line_1_28' title="bbox 2384 1154 3969 1253; baseline 0 -20"><span class='ocrx_word' id='word_1_137' title='bbox 2384 1172 2465 1233; x_wconf 93' lang='lat' dir='ltr'><strong>do</strong></span> <span class='ocrx_word' id='word_1_138' title='bbox 2508 1172 2774 1253; x_wconf 88' lang='lat' dir='ltr'><strong>potestis</strong></span> <span class='ocrx_word' id='word_1_139' title='bbox 2824 1171 2988 1233; x_wconf 89' lang='lat' dir='ltr'><strong>bona</strong></span> <span class='ocrx_word' id='word_1_140' title='bbox 3029 1170 3205 1253; x_wconf 89' lang='lat' dir='ltr'><strong>loqui</strong></span> <span class='ocrx_word' id='word_1_141' title='bbox 3247 1191 3444 1252; x_wconf 91' lang='lat' dir='ltr'><strong>quum</strong></span> <span class='ocrx_word' id='word_1_142' title='bbox 3486 1171 3625 1232; x_wconf 91' lang='lat' dir='ltr'><strong>sitis</strong></span> <span class='ocrx_word' id='word_1_143' title='bbox 3670 1170 3869 1233; x_wconf 71' lang='lat' dir='ltr'><strong>mali&#39;t</strong></span> <span class='ocrx_word' id='word_1_144' title='bbox 3898 1154 3969 1193; x_wconf 73' lang='lat'><strong>³⁸·</strong></span> 
     </span>
    </p>

    <p class='ocr_par' dir='ltr' id='par_1_16' title="bbox 2382 1268 4174 1547">
     <span class='ocr_line' id='line_1_29' title="bbox 2382 1268 4174 1334; baseline -0.002 -4"><span class='ocrx_word' id='word_1_145' title='bbox 2382 1270 2458 1331; x_wconf 89' lang='lat' dir='ltr'><strong>Et</strong></span> <span class='ocrx_word' id='word_1_146' title='bbox 2503 1271 2569 1332; x_wconf 90' lang='lat' dir='ltr'><strong>in</strong></span> <span class='ocrx_word' id='word_1_147' title='bbox 2606 1268 2877 1331; x_wconf 85' lang='lat' dir='ltr'><strong>Jeremia</strong></span> <span class='ocrx_word' id='word_1_148' title='bbox 2915 1270 3150 1332; x_wconf 89' lang='lat' dir='ltr'><strong>dicitur</strong></span> <span class='ocrx_word' id='word_1_149' title='bbox 3187 1270 3437 1333; x_wconf 86' lang='lat' dir='ltr'><strong>vitiosis</strong></span> <span class='ocrx_word' id='word_1_150' title='bbox 3473 1286 3488 1329; x_wconf 77' lang='grc' dir='ltr'><strong>ε</strong></span> <span class='ocrx_word' id='word_1_151' title='bbox 3522 1268 3585 1332; x_wconf 89' lang='lat' dir='ltr'><strong>Si</strong></span> <span class='ocrx_word' id='word_1_152' title='bbox 3624 1277 3871 1331; x_wconf 87' lang='lat' dir='ltr'><strong>mutare</strong></span> <span class='ocrx_word' id='word_1_153' title='bbox 3900 1286 4174 1334; x_wconf 49' lang='lat' dir='ltr'><strong>mamas.</strong></span> 
     </span>
     <span class='ocr_line' id='line_1_30' title="bbox 2382 1368 3871 1450; baseline -0.001 -20"><span class='ocrx_word' id='word_1_154' title='bbox 2382 1376 2591 1450; x_wconf 91' lang='lat' dir='ltr'><strong>potest</strong></span> <span class='ocrx_word' id='word_1_155' title='bbox 2637 1368 2923 1449; x_wconf 86' lang='lat' dir='ltr'><strong>AEthiops</strong></span> <span class='ocrx_word' id='word_1_156' title='bbox 2973 1368 3205 1450; x_wconf 92' lang='lat' dir='ltr'><strong>pellem</strong></span> <span class='ocrx_word' id='word_1_157' title='bbox 3265 1388 3466 1444; x_wconf 90' lang='lat' dir='ltr'><strong>suam,</strong></span> <span class='ocrx_word' id='word_1_158' title='bbox 3524 1376 3588 1430; x_wconf 86' lang='lat' dir='ltr'><strong>et</strong></span> <span class='ocrx_word' id='word_1_159' title='bbox 3635 1368 3871 1449; x_wconf 88' lang='lat' dir='ltr'><strong>pardus</strong></span> 
     </span>
     <span class='ocr_line' id='line_1_31' title="bbox 2383 1463 3875 1547; baseline -0.002 -18"><span class='ocrx_word' id='word_1_160' title='bbox 2383 1464 2717 1529; x_wconf 89' lang='lat' dir='ltr'><strong>varietates</strong></span> <span class='ocrx_word' id='word_1_161' title='bbox 2756 1484 2925 1539; x_wconf 82' lang='lat' dir='ltr'><strong>suaS,</strong></span> <span class='ocrx_word' id='word_1_162' title='bbox 2960 1473 3023 1527; x_wconf 89' lang='lat' dir='ltr'><strong>et</strong></span> <span class='ocrx_word' id='word_1_163' title='bbox 3061 1484 3173 1529; x_wconf 91' lang='lat' dir='ltr'><strong>vos</strong></span> <span class='ocrx_word' id='word_1_164' title='bbox 3212 1465 3502 1547; x_wconf 88' lang='lat' dir='ltr'><strong>poteritis</strong></span> <span class='ocrx_word' id='word_1_165' title='bbox 3539 1463 3875 1527; x_wconf 89' lang='lat' dir='ltr'><strong>beneface—</strong></span> 
     </span>
    </p>

    <p class='ocr_par' dir='ltr' id='par_1_17' title="bbox 2382 1562 3875 1745">
     <span class='ocr_line' id='line_1_32' title="bbox 2383 1562 3875 1644; baseline -0.001 -20"><span class='ocrx_word' id='word_1_166' title='bbox 2383 1582 2471 1638; x_wconf 92' lang='lat' dir='ltr'><strong>re,</strong></span> <span class='ocrx_word' id='word_1_167' title='bbox 2491 1582 2692 1644; x_wconf 89' lang='lat' dir='ltr'><strong>quum</strong></span> <span class='ocrx_word' id='word_1_168' title='bbox 2723 1563 3075 1625; x_wconf 84' lang='lat' dir='ltr'><strong>didiceritis</strong></span> <span class='ocrx_word' id='word_1_169' title='bbox 3107 1563 3543 1626; x_wconf 86' lang='lat' dir='ltr'><strong>malum.Hinc</strong></span> <span class='ocrx_word' id='word_1_170' title='bbox 3575 1562 3875 1625; x_wconf 88' lang='lat' dir='ltr'><strong>disseruit</strong></span> 
     </span>
     <span class='ocr_line' id='line_1_33' title="bbox 2382 1662 3872 1745; baseline 0 -22"><span class='ocrx_word' id='word_1_171' title='bbox 2382 1663 2775 1742; x_wconf 81' lang='lat' dir='ltr'><strong>Augustinus</strong></span> <span class='ocrx_word' id='word_1_172' title='bbox 2828 1680 2843 1724; x_wconf 89' lang='lat'>:</span> <span class='ocrx_word' id='word_1_173' title='bbox 2894 1662 3083 1725; x_wconf 85' lang='lat' dir='ltr'><strong>Moles</strong></span> <span class='ocrx_word' id='word_1_174' title='bbox 3145 1662 3442 1745; x_wconf 89' lang='lat' dir='ltr'><strong>imposita</strong></span> <span class='ocrx_word' id='word_1_175' title='bbox 3494 1681 3872 1725; x_wconf 90' lang='lat' dir='ltr'><strong>monumen-</strong></span> 
     </span>
    </p>

    <p class='ocr_par' dir='ltr' id='par_1_18' title="bbox 2387 1761 3875 1843">
     <span class='ocr_line' id='line_1_34' title="bbox 2387 1761 3875 1843; baseline -0.001 -20"><span class='ocrx_word' id='word_1_176' title='bbox 2387 1770 2471 1838; x_wconf 87' lang='lat' dir='ltr'><strong>to,</strong></span> <span class='ocrx_word' id='word_1_177' title='bbox 2518 1762 2655 1842; x_wconf 90' lang='lat' dir='ltr'><strong>ipsa</strong></span> <span class='ocrx_word' id='word_1_178' title='bbox 2702 1769 2798 1823; x_wconf 89' lang='lat' dir='ltr'><strong>est</strong></span> <span class='ocrx_word' id='word_1_179' title='bbox 2845 1762 3003 1823; x_wconf 90' lang='lat' dir='ltr'><strong>dura</strong></span> <span class='ocrx_word' id='word_1_180' title='bbox 3052 1761 3149 1825; x_wconf 93' lang='lat' dir='ltr'><strong>vis</strong></span> <span class='ocrx_word' id='word_1_181' title='bbox 3199 1761 3700 1837; x_wconf 84' lang='lat' dir='ltr'><strong>consuetudiniS,</strong></span> <span class='ocrx_word' id='word_1_182' title='bbox 3747 1779 3875 1843; x_wconf 90' lang='lat' dir='ltr'><strong>qua</strong></span> 
     </span>
    </p>
   </div>
   <div class='ocr_carea' id='block_1_15' title="bbox 782 1857 3875 1941">
    <p class='ocr_par' dir='ltr' id='par_1_19' title="bbox 782 1857 3875 1941">
     <span class='ocr_line' id='line_1_35' title="bbox 782 1857 3875 1941; baseline 0.001 -22"><span class='ocrx_word' id='word_1_183' title='bbox 782 1866 952 1935; x_wconf 90' lang='lat' dir='ltr'><strong>sunt,</strong></span> <span class='ocrx_word' id='word_1_184' title='bbox 997 1857 1244 1921; x_wconf 87' lang='lat' dir='ltr'><strong>fervide</strong></span> <span class='ocrx_word' id='word_1_185' title='bbox 1291 1879 1667 1941; x_wconf 79' lang='lat' dir='ltr'><strong>exsequenS,</strong></span> <span class='ocrx_word' id='word_1_186' title='bbox 1703 1882 1830 1922; x_wconf 78' lang='lat' dir='ltr'><strong>non</strong></span> <span class='ocrx_word' id='word_1_187' title='bbox 1875 1865 2130 1923; x_wconf 82' lang='lat' dir='ltr'><strong>habebis</strong></span> <span class='ocrx_word' id='word_1_188' title='bbox 2176 1865 2274 1939; x_wconf 85' lang='lat' dir='ltr'><strong>of-</strong></span> <span class='ocrx_word' id='word_1_189' title='bbox 2312 1864 2358 1924; x_wconf 93' lang='lat' dir='ltr'>B</span> <span class='ocrx_word' id='word_1_190' title='bbox 2389 1860 2696 1941; x_wconf 87' lang='lat' dir='ltr'><strong>premitur</strong></span> <span class='ocrx_word' id='word_1_191' title='bbox 2724 1859 2957 1935; x_wconf 90' lang='lat' dir='ltr'><strong>anima,</strong></span> <span class='ocrx_word' id='word_1_192' title='bbox 2994 1869 3065 1922; x_wconf 88' lang='lat' dir='ltr'><strong>ut</strong></span> <span class='ocrx_word' id='word_1_193' title='bbox 3101 1879 3219 1923; x_wconf 89' lang='lat' dir='ltr'><strong>nec</strong></span> <span class='ocrx_word' id='word_1_194' title='bbox 3252 1878 3582 1941; x_wconf 84' lang='lat' dir='ltr'><strong>resurgere</strong></span> <span class='ocrx_word' id='word_1_195' title='bbox 3622 1878 3737 1921; x_wconf 89' lang='lat' dir='ltr'><strong>nec</strong></span> <span class='ocrx_word' id='word_1_196' title='bbox 3779 1878 3875 1922; x_wconf 84' lang='lat' dir='ltr'><strong>re-</strong></span> 
     </span>
    </p>
   </div>
   <div class='ocr_carea' id='block_1_16' title="bbox 779 1957 2277 3019">
    <p class='ocr_par' dir='ltr' id='par_1_20' title="bbox 779 1957 2274 2217">
     <span class='ocr_line' id='line_1_36' title="bbox 779 1957 2273 2042; baseline 0.005 -27"><span class='ocrx_word' id='word_1_197' title='bbox 779 1957 1213 2033; x_wconf 78' lang='lat' dir='ltr'><strong>fendiculum,</strong></span> <span class='ocrx_word' id='word_1_198' title='bbox 1248 1957 1312 2020; x_wconf 94' lang='lat' dir='ltr'><strong>id</strong></span> <span class='ocrx_word' id='word_1_199' title='bbox 1345 1966 1462 2035; x_wconf 89' lang='lat' dir='ltr'><strong>est,</strong></span> <span class='ocrx_word' id='word_1_200' title='bbox 1483 1977 1610 2022; x_wconf 88' lang='lat' dir='ltr'><strong>non</strong></span> <span class='ocrx_word' id='word_1_201' title='bbox 1641 1958 1958 2042; x_wconf 88' lang='lat' dir='ltr'><strong>impinges</strong></span> <span class='ocrx_word' id='word_1_202' title='bbox 1988 1961 2273 2023; x_wconf 91' lang='lat' dir='ltr'><strong>cadendo</strong></span> 
     </span>
     <span class='ocr_line' id='line_1_37' title="bbox 781 2054 2274 2139; baseline 0.004 -25"><span class='ocrx_word' id='word_1_203' title='bbox 781 2072 897 2135; x_wconf 90' lang='lat' dir='ltr'><strong>per</strong></span> <span class='ocrx_word' id='word_1_204' title='bbox 943 2054 1221 2136; x_wconf 89' lang='lat' dir='ltr'><strong>culpam,</strong></span> <span class='ocrx_word' id='word_1_205' title='bbox 1269 2056 1379 2119; x_wconf 91' lang='lat' dir='ltr'><strong>sed</strong></span> <span class='ocrx_word' id='word_1_206' title='bbox 1429 2065 1599 2119; x_wconf 88' lang='lat' dir='ltr'><strong>recto</strong></span> <span class='ocrx_word' id='word_1_207' title='bbox 1646 2075 1870 2139; x_wconf 85' lang='lat' dir='ltr'><strong>perges</strong></span> <span class='ocrx_word' id='word_1_208' title='bbox 1920 2058 2151 2121; x_wconf 89' lang='lat' dir='ltr'><strong>itinere</strong></span> <span class='ocrx_word' id='word_1_209' title='bbox 2194 2059 2274 2120; x_wconf 94' lang='lat' dir='ltr'><strong>ad</strong></span> 
     </span>
     <span class='ocr_line' id='line_1_38' title="bbox 784 2151 1668 2217; baseline 0.002 -3"><span class='ocrx_word' id='word_1_210' title='bbox 784 2151 1244 2216; x_wconf 87' lang='lat' dir='ltr'><strong>beatitudinem</strong></span> <span class='ocrx_word' id='word_1_211' title='bbox 1283 2154 1668 2217; x_wconf 76' lang='lat' dir='ltr'><strong>aeternalem.</strong></span> 
     </span>
    </p>

    <p class='ocr_par' dir='ltr' id='par_1_21' title="bbox 786 2252 2277 3019">
     <span class='ocr_line' id='line_1_39' title="bbox 873 2252 2269 2335; baseline 0.003 -24"><span class='ocrx_word' id='word_1_212' title='bbox 873 2254 1034 2311; x_wconf 73' lang='lat' dir='ltr'><strong>Tene</strong></span> <span class='ocrx_word' id='word_1_213' title='bbox 1059 2253 1510 2329; x_wconf 77' lang='lat' dir='ltr'><strong>disciplinam,</strong></span> <span class='ocrx_word' id='word_1_214' title='bbox 1541 2252 1604 2315; x_wconf 90' lang='lat' dir='ltr'><strong>id</strong></span> <span class='ocrx_word' id='word_1_215' title='bbox 1645 2260 1744 2315; x_wconf 81' lang='lat' dir='ltr'><strong>est</strong></span> <span class='ocrx_word' id='word_1_216' title='bbox 1780 2254 2269 2335; x_wconf 81' lang='lat' dir='ltr'><strong>eorreptionem,</strong></span> 
     </span>
     <span class='ocr_line' id='line_1_40' title="bbox 786 2347 2275 2431; baseline 0.002 -21"><span class='ocrx_word' id='word_1_217' title='bbox 786 2347 1243 2411; x_wconf 89' lang='lat' dir='ltr'><strong>correctionem</strong></span> <span class='ocrx_word' id='word_1_218' title='bbox 1271 2356 1334 2411; x_wconf 89' lang='lat' dir='ltr'><strong>et</strong></span> <span class='ocrx_word' id='word_1_219' title='bbox 1363 2349 1702 2413; x_wconf 86' lang='lat' dir='ltr'><strong>salutarem</strong></span> <span class='ocrx_word' id='word_1_220' title='bbox 1732 2352 2275 2431; x_wconf 78' lang='lat' dir='ltr'><strong>doctrinam,quia</strong></span> 
     </span>
     <span class='ocr_line' id='line_1_41' title="bbox 787 2448 2275 2532; baseline 0.005 -26"><span class='ocrx_word' id='word_1_221' title='bbox 787 2449 931 2524; x_wconf 83' lang='lat' dir='ltr'><strong>ipsa</strong></span> <span class='ocrx_word' id='word_1_222' title='bbox 959 2457 1048 2508; x_wconf 81' lang='lat' dir='ltr'><strong>est</strong></span> <span class='ocrx_word' id='word_1_223' title='bbox 1077 2449 1214 2509; x_wconf 84' lang='lat' dir='ltr'><strong>vita</strong></span> <span class='ocrx_word' id='word_1_224' title='bbox 1251 2458 1360 2508; x_wconf 79' lang='lat' dir='ltr'><strong>tua</strong></span> <span class='ocrx_word' id='word_1_225' title='bbox 1383 2470 1405 2507; x_wconf 93' lang='lat'><strong>.·</strong></span> <span class='ocrx_word' id='word_1_226' title='bbox 1438 2448 1500 2511; x_wconf 88' lang='lat' dir='ltr'><strong>id</strong></span> <span class='ocrx_word' id='word_1_227' title='bbox 1533 2458 1651 2526; x_wconf 88' lang='lat' dir='ltr'><strong>est,</strong></span> <span class='ocrx_word' id='word_1_228' title='bbox 1677 2469 1791 2532; x_wconf 85' lang='lat' dir='ltr'><strong>per</strong></span> <span class='ocrx_word' id='word_1_229' title='bbox 1819 2469 1958 2513; x_wconf 83' lang='lat' dir='ltr'><strong>eam</strong></span> <span class='ocrx_word' id='word_1_230' title='bbox 1989 2452 2167 2515; x_wconf 78' lang='lat' dir='ltr'><strong>vives</strong></span> <span class='ocrx_word' id='word_1_231' title='bbox 2208 2452 2275 2513; x_wconf 91' lang='lat' dir='ltr'><strong>in</strong></span> 
     </span>
     <span class='ocr_line' id='line_1_42' title="bbox 786 2545 2271 2628; baseline 0.004 -23"><span class='ocrx_word' id='word_1_232' title='bbox 786 2545 1010 2624; x_wconf 82' lang='lat' dir='ltr'><strong>gratia,</strong></span> <span class='ocrx_word' id='word_1_233' title='bbox 1045 2553 1109 2607; x_wconf 93' lang='lat' dir='ltr'><strong>et</strong></span> <span class='ocrx_word' id='word_1_234' title='bbox 1155 2545 1457 2627; x_wconf 90' lang='lat' dir='ltr'><strong>deinceps</strong></span> <span class='ocrx_word' id='word_1_235' title='bbox 1499 2545 1722 2609; x_wconf 88' lang='lat' dir='ltr'><strong>beatus</strong></span> <span class='ocrx_word' id='word_1_236' title='bbox 1764 2548 1890 2610; x_wconf 87' lang='lat' dir='ltr'><strong>eris</strong></span> <span class='ocrx_word' id='word_1_237' title='bbox 1939 2549 2006 2609; x_wconf 89' lang='lat' dir='ltr'><strong>in</strong></span> <span class='ocrx_word' id='word_1_238' title='bbox 2047 2548 2271 2628; x_wconf 87' lang='lat' dir='ltr'><strong>gloria.</strong></span> 
     </span>
     <span class='ocr_line' id='line_1_43' title="bbox 789 2644 2273 2723; baseline 0.003 -18"><span class='ocrx_word' id='word_1_239' title='bbox 789 2644 890 2705; x_wconf 87' lang='lat' dir='ltr'><strong>Ne</strong></span> <span class='ocrx_word' id='word_1_240' title='bbox 913 2646 1244 2704; x_wconf 82' lang='lat' dir='ltr'><strong>delecteris</strong></span> <span class='ocrx_word' id='word_1_241' title='bbox 1273 2646 1346 2704; x_wconf 83' lang='lat' dir='ltr'><strong>in</strong></span> <span class='ocrx_word' id='word_1_242' title='bbox 1375 2646 1620 2705; x_wconf 81' lang='lat' dir='ltr'><strong>semitis</strong></span> <span class='ocrx_word' id='word_1_243' title='bbox 1651 2648 2032 2723; x_wconf 82' lang='lat' dir='ltr'><strong>impiorum,</strong></span> <span class='ocrx_word' id='word_1_244' title='bbox 2064 2648 2125 2709; x_wconf 91' lang='lat' dir='ltr'><strong>id</strong></span> <span class='ocrx_word' id='word_1_245' title='bbox 2157 2656 2273 2723; x_wconf 90' lang='lat' dir='ltr'><strong>est,</strong></span> 
     </span>
     <span class='ocr_line' id='line_1_44' title="bbox 789 2739 2277 2825; baseline 0.005 -24"><span class='ocrx_word' id='word_1_246' title='bbox 789 2739 857 2801; x_wconf 91' lang='lat' dir='ltr'><strong>in</strong></span> <span class='ocrx_word' id='word_1_247' title='bbox 888 2739 1137 2803; x_wconf 88' lang='lat' dir='ltr'><strong>actibus</strong></span> <span class='ocrx_word' id='word_1_248' title='bbox 1169 2741 1416 2805; x_wconf 90' lang='lat' dir='ltr'><strong>vitiosis</strong></span> <span class='ocrx_word' id='word_1_249' title='bbox 1439 2742 1801 2806; x_wconf 88' lang='lat' dir='ltr'><strong>nullatenus</strong></span> <span class='ocrx_word' id='word_1_250' title='bbox 1831 2744 2143 2825; x_wconf 83' lang='lat' dir='ltr'><strong>glorieriS,</strong></span> <span class='ocrx_word' id='word_1_251' title='bbox 2162 2764 2277 2808; x_wconf 90' lang='lat' dir='ltr'><strong>nec</strong></span> 
     </span>
     <span class='ocr_line' id='line_1_45' title="bbox 788 2838 2273 2922; baseline 0.003 -22"><span class='ocrx_word' id='word_1_252' title='bbox 788 2838 1056 2901; x_wconf 91' lang='lat' dir='ltr'><strong>aliorum</strong></span> <span class='ocrx_word' id='word_1_253' title='bbox 1099 2838 1414 2922; x_wconf 89' lang='lat' dir='ltr'><strong>impietati</strong></span> <span class='ocrx_word' id='word_1_254' title='bbox 1443 2848 1552 2903; x_wconf 91' lang='lat' dir='ltr'><strong>aut</strong></span> <span class='ocrx_word' id='word_1_255' title='bbox 1585 2842 1850 2904; x_wconf 87' lang='lat' dir='ltr'><strong>vanitati</strong></span> <span class='ocrx_word' id='word_1_256' title='bbox 1889 2845 2273 2906; x_wconf 78' lang='lat' dir='ltr'><strong>consentias,</strong></span> 
     </span>
     <span class='ocr_line' id='line_1_46' title="bbox 789 2938 2273 3019; baseline 0.003 -19"><span class='ocrx_word' id='word_1_257' title='bbox 789 2938 856 3000; x_wconf 88' lang='lat' dir='ltr'><strong>ln</strong></span> <span class='ocrx_word' id='word_1_258' title='bbox 904 2938 1308 3019; x_wconf 82' lang='lat' dir='ltr'><strong>spectaculiS,</strong></span> <span class='ocrx_word' id='word_1_259' title='bbox 1359 2940 1836 3016; x_wconf 85' lang='lat' dir='ltr'><strong>torneamentis,</strong></span> <span class='ocrx_word' id='word_1_260' title='bbox 1887 2942 2273 3018; x_wconf 88' lang='lat' dir='ltr'><strong>hastiludiis,</strong></span> 
     </span>
    </p>
   </div>
   <div class='ocr_carea' id='block_1_17' title="bbox 2382 1957 3878 3027">
    <p class='ocr_par' dir='ltr' id='par_1_22' title="bbox 2382 1957 3878 3027">
     <span class='ocr_line' id='line_1_47' title="bbox 2384 1957 3872 2039; baseline 0.001 -21"><span class='ocrx_word' id='word_1_261' title='bbox 2384 1957 2627 2039; x_wconf 88' lang='lat' dir='ltr'><strong>spirare</strong></span> <span class='ocrx_word' id='word_1_262' title='bbox 2660 1957 3082 2038; x_wconf 90' lang='lat' dir='ltr'><strong>permittatur.</strong></span> <span class='ocrx_word' id='word_1_263' title='bbox 3100 1958 3572 2035; x_wconf 84' lang='lat' dir='ltr'><strong>Verumtamen,</strong></span> <span class='ocrx_word' id='word_1_264' title='bbox 3597 1958 3762 2020; x_wconf 87' lang='lat' dir='ltr'><strong>sicut</strong></span> <span class='ocrx_word' id='word_1_265' title='bbox 3793 1957 3872 2019; x_wconf 91' lang='lat' dir='ltr'><strong>ad</strong></span> 
     </span>
     <span class='ocr_line' id='line_1_48' title="bbox 2382 2056 3873 2140; baseline -0.001 -22"><span class='ocrx_word' id='word_1_266' title='bbox 2382 2056 2911 2119; x_wconf 88' lang='lat' dir='ltr'><strong>consuetudinem</strong></span> <span class='ocrx_word' id='word_1_267' title='bbox 2958 2056 3264 2138; x_wconf 90' lang='lat' dir='ltr'><strong>paulatim</strong></span> <span class='ocrx_word' id='word_1_268' title='bbox 3323 2057 3729 2140; x_wconf 85' lang='lat' dir='ltr'><strong>pertingitur,</strong></span> <span class='ocrx_word' id='word_1_269' title='bbox 3780 2056 3873 2117; x_wconf 91' lang='lat' dir='ltr'><strong>sic</strong></span> 
     </span>
     <span class='ocr_line' id='line_1_49' title="bbox 2384 2154 3866 2236; baseline 0 -21"><span class='ocrx_word' id='word_1_270' title='bbox 2384 2154 2525 2236; x_wconf 90' lang='lat' dir='ltr'><strong>ipsa</strong></span> <span class='ocrx_word' id='word_1_271' title='bbox 2569 2154 2875 2235; x_wconf 90' lang='lat' dir='ltr'><strong>paulatim</strong></span> <span class='ocrx_word' id='word_1_272' title='bbox 2919 2155 3045 2217; x_wconf 91' lang='lat' dir='ltr'><strong>Deo</strong></span> <span class='ocrx_word' id='word_1_273' title='bbox 3092 2155 3439 2218; x_wconf 86' lang='lat' dir='ltr'><strong>auxiliante</strong></span> <span class='ocrx_word' id='word_1_274' title='bbox 3488 2155 3866 2229; x_wconf 88' lang='lat' dir='ltr'><strong>eradicatur,</strong></span> 
     </span>
     <span class='ocr_line' id='line_1_50' title="bbox 2386 2251 3874 2337; baseline 0.001 -22"><span class='ocrx_word' id='word_1_275' title='bbox 2386 2253 2677 2333; x_wconf 91' lang='lat' dir='ltr'><strong>quamvis</strong></span> <span class='ocrx_word' id='word_1_276' title='bbox 2720 2251 3080 2316; x_wconf 75' lang='lat' dir='ltr'><strong>difficulter</strong></span> <span class='ocrx_word' id='word_1_277' title='bbox 3122 2253 3185 2316; x_wconf 94' lang='lat' dir='ltr'><strong>id</strong></span> <span class='ocrx_word' id='word_1_278' title='bbox 3230 2254 3366 2317; x_wconf 91' lang='lat' dir='ltr'><strong>fiat.</strong></span> <span class='ocrx_word' id='word_1_279' title='bbox 3400 2255 3691 2318; x_wconf 83' lang='lat' dir='ltr'><strong>Attamen</strong></span> <span class='ocrx_word' id='word_1_280' title='bbox 3734 2256 3874 2337; x_wconf 89' lang='lat' dir='ltr'><strong>qui·</strong></span> 
     </span>
     <span class='ocr_line' id='line_1_51' title="bbox 2384 2352 3873 2435; baseline 0.003 -22"><span class='ocrx_word' id='word_1_281' title='bbox 2384 2352 2649 2413; x_wconf 90' lang='lat' dir='ltr'><strong>busdam</strong></span> <span class='ocrx_word' id='word_1_282' title='bbox 2702 2360 2963 2433; x_wconf 91' lang='lat' dir='ltr'><strong>repente</strong></span> <span class='ocrx_word' id='word_1_283' title='bbox 3020 2361 3194 2415; x_wconf 90' lang='lat' dir='ltr'><strong>tanta</strong></span> <span class='ocrx_word' id='word_1_284' title='bbox 3242 2352 3607 2415; x_wconf 85' lang='lat' dir='ltr'><strong>infunditur</strong></span> <span class='ocrx_word' id='word_1_285' title='bbox 3654 2353 3873 2435; x_wconf 81' lang='lat' dir='ltr'><strong>gratiae</strong></span> 
     </span>
     <span class='ocr_line' id='line_1_52' title="bbox 2385 2450 3868 2532; baseline 0.001 -20"><span class='ocrx_word' id='word_1_286' title='bbox 2385 2451 2590 2531; x_wconf 90' lang='lat' dir='ltr'><strong>copia,</strong></span> <span class='ocrx_word' id='word_1_287' title='bbox 2627 2458 2696 2511; x_wconf 92' lang='lat' dir='ltr'><strong>ut</strong></span> <span class='ocrx_word' id='word_1_288' title='bbox 2724 2450 3017 2513; x_wconf 88' lang='lat' dir='ltr'><strong>celeriter</strong></span> <span class='ocrx_word' id='word_1_289' title='bbox 3055 2459 3247 2532; x_wconf 89' lang='lat' dir='ltr'><strong>atque</strong></span> <span class='ocrx_word' id='word_1_290' title='bbox 3284 2450 3559 2515; x_wconf 77' lang='lat' dir='ltr'><strong>faciliter</strong></span> <span class='ocrx_word' id='word_1_291' title='bbox 3588 2453 3868 2529; x_wconf 89' lang='lat' dir='ltr'><strong>vincant,</strong></span> 
     </span>
     <span class='ocr_line' id='line_1_53' title="bbox 2384 2548 3875 2632; baseline 0.001 -22"><span class='ocrx_word' id='word_1_292' title='bbox 2384 2548 2791 2626; x_wconf 90' lang='lat' dir='ltr'><strong>abhorreant,</strong></span> <span class='ocrx_word' id='word_1_293' title='bbox 2817 2548 3022 2611; x_wconf 90' lang='lat' dir='ltr'><strong>vitent</strong></span> <span class='ocrx_word' id='word_1_294' title='bbox 3049 2550 3365 2631; x_wconf 88' lang='lat' dir='ltr'><strong>quidquid</strong></span> <span class='ocrx_word' id='word_1_295' title='bbox 3397 2550 3585 2632; x_wconf 86' lang='lat' dir='ltr'><strong>paulo</strong></span> <span class='ocrx_word' id='word_1_296' title='bbox 3618 2559 3767 2614; x_wconf 88' lang='lat' dir='ltr'><strong>ante</strong></span> <span class='ocrx_word' id='word_1_297' title='bbox 3798 2570 3875 2613; x_wconf 88' lang='lat' dir='ltr'><strong>ex</strong></span> 
     </span>
     <span class='ocr_line' id='line_1_54' title="bbox 2387 2648 3874 2731; baseline 0.003 -23"><span class='ocrx_word' id='word_1_298' title='bbox 2387 2666 2581 2729; x_wconf 85' lang='lat' dir='ltr'><strong>prava</strong></span> <span class='ocrx_word' id='word_1_299' title='bbox 2619 2648 3077 2710; x_wconf 89' lang='lat' dir='ltr'><strong>consuetudine</strong></span> <span class='ocrx_word' id='word_1_300' title='bbox 3106 2648 3369 2730; x_wconf 89' lang='lat' dir='ltr'><strong>placuit,</strong></span> <span class='ocrx_word' id='word_1_301' title='bbox 3394 2658 3584 2731; x_wconf 91' lang='lat' dir='ltr'><strong>prout</strong></span> <span class='ocrx_word' id='word_1_302' title='bbox 3612 2651 3677 2712; x_wconf 90' lang='lat' dir='ltr'><strong>in</strong></span> <span class='ocrx_word' id='word_1_303' title='bbox 3710 2650 3874 2713; x_wconf 90' lang='lat' dir='ltr'><strong>libro</strong></span> 
     </span>
     <span class='ocr_line' id='line_1_55' title="bbox 2384 2745 3875 2828; baseline 0.002 -21"><span class='ocrx_word' id='word_1_304' title='bbox 2384 2745 2871 2809; x_wconf 81' lang='lat' dir='ltr'><strong>Confessionum</strong></span> <span class='ocrx_word' id='word_1_305' title='bbox 2903 2746 3326 2809; x_wconf 82' lang='lat' dir='ltr'><strong>electissimus</strong></span> <span class='ocrx_word' id='word_1_306' title='bbox 3356 2748 3747 2828; x_wconf 81' lang='lat' dir='ltr'><strong>Augustinus</strong></span> <span class='ocrx_word' id='word_1_307' title='bbox 3788 2748 3875 2810; x_wconf 91' lang='lat' dir='ltr'><strong>si-</strong></span> 
     </span>
     <span class='ocr_line' id='line_1_56' title="bbox 2387 2844 3876 2925; baseline 0.001 -19"><span class='ocrx_word' id='word_1_308' title='bbox 2387 2844 2453 2906; x_wconf 94' lang='lat' dir='ltr'><strong>bi</strong></span> <span class='ocrx_word' id='word_1_309' title='bbox 2500 2844 2847 2924; x_wconf 86' lang='lat' dir='ltr'><strong>contigisse</strong></span> <span class='ocrx_word' id='word_1_310' title='bbox 2884 2844 3139 2907; x_wconf 85' lang='lat' dir='ltr'><strong>fatetur.</strong></span> <span class='ocrx_word' id='word_1_311' title='bbox 3176 2849 3307 2906; x_wconf 86' lang='lat' dir='ltr'><strong>Nec</strong></span> <span class='ocrx_word' id='word_1_312' title='bbox 3328 2849 3589 2925; x_wconf 84' lang='lat' dir='ltr'><strong>capitur</strong></span> <span class='ocrx_word' id='word_1_313' title='bbox 3614 2867 3876 2908; x_wconf 82' lang='lat' dir='ltr'><strong>somnus</strong></span> 
     </span>
     <span class='ocr_line' id='line_1_57' title="bbox 2387 2943 3878 3027; baseline 0.001 -24"><span class='ocrx_word' id='word_1_314' title='bbox 2387 2946 2467 3003; x_wconf 85' lang='lat' dir='ltr'><strong>ab</strong></span> <span class='ocrx_word' id='word_1_315' title='bbox 2494 2946 2612 3013; x_wconf 83' lang='lat' dir='ltr'><strong>eis,</strong></span> <span class='ocrx_word' id='word_1_316' title='bbox 2640 2943 2703 3005; x_wconf 93' lang='lat' dir='ltr'><strong>id</strong></span> <span class='ocrx_word' id='word_1_317' title='bbox 2746 2951 2864 3019; x_wconf 89' lang='lat' dir='ltr'><strong>est,</strong></span> <span class='ocrx_word' id='word_1_318' title='bbox 2910 2961 3203 3006; x_wconf 89' lang='lat' dir='ltr'><strong>somnum</strong></span> <span class='ocrx_word' id='word_1_319' title='bbox 3254 2962 3381 3007; x_wconf 90' lang='lat' dir='ltr'><strong>non</strong></span> <span class='ocrx_word' id='word_1_320' title='bbox 3425 2945 3707 3027; x_wconf 90' lang='lat' dir='ltr'><strong>capiunt,</strong></span> <span class='ocrx_word' id='word_1_321' title='bbox 3744 2947 3878 3005; x_wconf 82' lang='lat' dir='ltr'><strong>nisi</strong></span> 
     </span>
    </p>
   </div>
   <div class='ocr_carea' id='block_1_18' title="bbox 788 3035 3870 3125">
    <p class='ocr_par' dir='ltr' id='par_1_23' title="bbox 788 3035 3870 3125">
     <span class='ocr_line' id='line_1_58' title="bbox 788 3035 3870 3125; baseline 0.002 -27"><span class='ocrx_word' id='word_1_322' title='bbox 788 3035 1036 3099; x_wconf 90' lang='lat' dir='ltr'><strong>choreis</strong></span> <span class='ocrx_word' id='word_1_323' title='bbox 1091 3045 1153 3099; x_wconf 90' lang='lat' dir='ltr'><strong>et</strong></span> <span class='ocrx_word' id='word_1_324' title='bbox 1211 3037 1656 3101; x_wconf 90' lang='lat' dir='ltr'><strong>consimilibus</strong></span> <span class='ocrx_word' id='word_1_325' title='bbox 1705 3039 2090 3103; x_wconf 90' lang='lat' dir='ltr'><strong>vanitatibus</strong></span> <span class='ocrx_word' id='word_1_326' title='bbox 2150 3060 2276 3104; x_wconf 90' lang='lat' dir='ltr'><strong>non</strong></span> <span class='ocrx_word' id='word_1_327' title='bbox 2313 3041 2356 3103; x_wconf 90' lang='lat' dir='ltr'>C</span> <span class='ocrx_word' id='word_1_328' title='bbox 2386 3043 2956 3119; x_wconf 78' lang='lat' dir='ltr'><strong>supplantaverint</strong></span> <span class='ocrx_word' id='word_1_329' title='bbox 2986 3040 3376 3104; x_wconf 80' lang='lat' dir='ltr'><strong>infirmiores</strong></span> <span class='ocrx_word' id='word_1_330' title='bbox 3414 3062 3487 3105; x_wconf 91' lang='lat' dir='ltr'><strong>ac</strong></span> <span class='ocrx_word' id='word_1_331' title='bbox 3526 3044 3870 3125; x_wconf 80' lang='lat' dir='ltr'><strong>simpliceS.</strong></span> 
     </span>
    </p>
   </div>
   <div class='ocr_carea' id='block_1_19' title="bbox 787 3133 2283 4197">
    <p class='ocr_par' dir='ltr' id='par_1_24' title="bbox 787 3133 2283 4197">
     <span class='ocr_line' id='line_1_59' title="bbox 787 3133 2279 3217; baseline 0.005 -21"><span class='ocrx_word' id='word_1_332' title='bbox 787 3133 1023 3197; x_wconf 88' lang='lat' dir='ltr'><strong>habeas</strong></span> <span class='ocrx_word' id='word_1_333' title='bbox 1052 3134 1575 3217; x_wconf 86' lang='lat' dir='ltr'><strong>complacentiam</strong></span> <span class='ocrx_word' id='word_1_334' title='bbox 1609 3146 1718 3200; x_wconf 89' lang='lat' dir='ltr'><strong>aut</strong></span> <span class='ocrx_word' id='word_1_335' title='bbox 1748 3157 2144 3215; x_wconf 91' lang='lat' dir='ltr'><strong>consensum,</strong></span> <span class='ocrx_word' id='word_1_336' title='bbox 2162 3158 2279 3203; x_wconf 90' lang='lat' dir='ltr'><strong>nec</strong></span> 
     </span>
     <span class='ocr_line' id='line_1_60' title="bbox 787 3234 2278 3323; baseline 0.003 -28"><span class='ocrx_word' id='word_1_337' title='bbox 787 3234 1017 3323; x_wconf 79' lang='lat' dir='ltr'><strong>alienis</strong></span> <span class='ocrx_word' id='word_1_338' title='bbox 1047 3235 1326 3317; x_wconf 90' lang='lat' dir='ltr'><strong>peccatis</strong></span> <span class='ocrx_word' id='word_1_339' title='bbox 1365 3235 1798 3300; x_wconf 90' lang='lat' dir='ltr'><strong>communices</strong></span> <span class='ocrx_word' id='word_1_340' title='bbox 1833 3258 1848 3302; x_wconf 92' lang='lat'>:</span> <span class='ocrx_word' id='word_1_341' title='bbox 1877 3238 2112 3320; x_wconf 88' lang='lat' dir='ltr'><strong>quibus</strong></span> <span class='ocrx_word' id='word_1_342' title='bbox 2144 3240 2278 3320; x_wconf 90' lang='lat' dir='ltr'><strong>pla-</strong></span> 
     </span>
     <span class='ocr_line' id='line_1_61' title="bbox 791 3324 2280 3418; baseline 0.003 -24"><span class='ocrx_word' id='word_1_343' title='bbox 791 3350 872 3394; x_wconf 87' lang='lat' dir='ltr'><strong>ne</strong></span> <span class='ocrx_word' id='word_1_344' title='bbox 917 3324 1381 3411; x_wconf 45' lang='lat' dir='ltr'><strong>communica&amp;</strong></span> <span class='ocrx_word' id='word_1_345' title='bbox 1433 3334 1486 3395; x_wconf 91' lang='lat' dir='ltr'><strong>si</strong></span> <span class='ocrx_word' id='word_1_346' title='bbox 1534 3352 1752 3397; x_wconf 89' lang='lat' dir='ltr'><strong>eorum</strong></span> <span class='ocrx_word' id='word_1_347' title='bbox 1809 3337 2121 3418; x_wconf 89' lang='lat' dir='ltr'><strong>impietati</strong></span> <span class='ocrx_word' id='word_1_348' title='bbox 2170 3346 2280 3399; x_wconf 89' lang='lat' dir='ltr'><strong>aut</strong></span> 
     </span>
     <span class='ocr_line' id='line_1_62' title="bbox 791 3431 2283 3499; baseline 0.003 -5"><span class='ocrx_word' id='word_1_349' title='bbox 791 3431 1056 3494; x_wconf 89' lang='lat' dir='ltr'><strong>vanitati</strong></span> <span class='ocrx_word' id='word_1_350' title='bbox 1093 3432 1452 3495; x_wconf 87' lang='lat' dir='ltr'><strong>consentias</strong></span> <span class='ocrx_word' id='word_1_351' title='bbox 1487 3441 1597 3495; x_wconf 91' lang='lat' dir='ltr'><strong>aut</strong></span> <span class='ocrx_word' id='word_1_352' title='bbox 1633 3432 1888 3497; x_wconf 82' lang='lat' dir='ltr'><strong>laeteris.</strong></span> <span class='ocrx_word' id='word_1_353' title='bbox 1929 3437 2283 3499; x_wconf 89' lang='lat' dir='ltr'><strong>Condolen-</strong></span> 
     </span>
     <span class='ocr_line' id='line_1_63' title="bbox 791 3528 2280 3617; baseline 0.005 -27"><span class='ocrx_word' id='word_1_354' title='bbox 791 3528 946 3590; x_wconf 92' lang='lat' dir='ltr'><strong>dum</strong></span> <span class='ocrx_word' id='word_1_355' title='bbox 977 3528 1170 3608; x_wconf 88' lang='lat' dir='ltr'><strong>igitur</strong></span> <span class='ocrx_word' id='word_1_356' title='bbox 1197 3529 1365 3606; x_wconf 78' lang='lat' dir='ltr'><strong>aliis,</strong></span> <span class='ocrx_word' id='word_1_357' title='bbox 1397 3530 1548 3592; x_wconf 89' lang='lat' dir='ltr'><strong>dum</strong></span> <span class='ocrx_word' id='word_1_358' title='bbox 1580 3550 1687 3594; x_wconf 87' lang='lat' dir='ltr'><strong>eos</strong></span> <span class='ocrx_word' id='word_1_359' title='bbox 1720 3531 1952 3595; x_wconf 88' lang='lat' dir='ltr'><strong>talibus</strong></span> <span class='ocrx_word' id='word_1_360' title='bbox 1982 3535 2280 3617; x_wconf 86' lang='lat' dir='ltr'><strong>occupari</strong></span> 
     </span>
     <span class='ocr_line' id='line_1_64' title="bbox 793 3626 2283 3697; baseline 0.005 -7"><span class='ocrx_word' id='word_1_361' title='bbox 793 3635 857 3690; x_wconf 88' lang='lat' dir='ltr'><strong>et</strong></span> <span class='ocrx_word' id='word_1_362' title='bbox 894 3626 1194 3690; x_wconf 88' lang='lat' dir='ltr'><strong>delectari</strong></span> <span class='ocrx_word' id='word_1_363' title='bbox 1223 3626 1514 3691; x_wconf 89' lang='lat' dir='ltr'><strong>videmus</strong></span> <span class='ocrx_word' id='word_1_364' title='bbox 1552 3639 1659 3692; x_wconf 91' lang='lat' dir='ltr'><strong>aut</strong></span> <span class='ocrx_word' id='word_1_365' title='bbox 1699 3630 1956 3694; x_wconf 81' lang='lat' dir='ltr'><strong>scimuS.</strong></span> <span class='ocrx_word' id='word_1_366' title='bbox 1990 3633 2115 3696; x_wconf 88' lang='lat' dir='ltr'><strong>Nec</strong></span> <span class='ocrx_word' id='word_1_367' title='bbox 2149 3653 2283 3697; x_wconf 92' lang='lat' dir='ltr'><strong>cor-</strong></span> 
     </span>
     <span class='ocr_line' id='line_1_65' title="bbox 794 3725 2281 3795; baseline 0.005 -9"><span class='ocrx_word' id='word_1_368' title='bbox 794 3726 1115 3788; x_wconf 85' lang='lat' dir='ltr'><strong>rideamus</strong></span> <span class='ocrx_word' id='word_1_369' title='bbox 1173 3725 1264 3788; x_wconf 92' lang='lat' dir='ltr'><strong>eis</strong></span> <span class='ocrx_word' id='word_1_370' title='bbox 1322 3726 1389 3788; x_wconf 90' lang='lat' dir='ltr'><strong>in</strong></span> <span class='ocrx_word' id='word_1_371' title='bbox 1449 3728 1836 3791; x_wconf 90' lang='lat' dir='ltr'><strong>vanitatibus</strong></span> <span class='ocrx_word' id='word_1_372' title='bbox 1893 3739 1956 3793; x_wconf 91' lang='lat' dir='ltr'><strong>et</strong></span> <span class='ocrx_word' id='word_1_373' title='bbox 2010 3731 2281 3795; x_wconf 88' lang='lat' dir='ltr'><strong>insaniis</strong></span> 
     </span>
     <span class='ocr_line' id='line_1_66' title="bbox 796 3822 2276 3911; baseline 0.009 -27"><span class='ocrx_word' id='word_1_374' title='bbox 796 3822 999 3885; x_wconf 87' lang='lat' dir='ltr'><strong>falsis.</strong></span> <span class='ocrx_word' id='word_1_375' title='bbox 1052 3824 1194 3886; x_wconf 87' lang='lat' dir='ltr'><strong>Ideo</strong></span> <span class='ocrx_word' id='word_1_376' title='bbox 1243 3824 1484 3906; x_wconf 90' lang='lat' dir='ltr'><strong>quippe</strong></span> <span class='ocrx_word' id='word_1_377' title='bbox 1539 3826 1824 3890; x_wconf 89' lang='lat' dir='ltr'><strong>hortatur</strong></span> <span class='ocrx_word' id='word_1_378' title='bbox 1876 3828 2211 3911; x_wconf 83' lang='lat' dir='ltr'><strong>Apostolus</strong></span> <span class='ocrx_word' id='word_1_379' title='bbox 2262 3852 2276 3897; x_wconf 74' lang='grc' dir='ltr'><strong>ε</strong></span> 
     </span>
     <span class='ocr_line' id='line_1_67' title="bbox 793 3921 2282 4011; baseline 0.006 -27"><span class='ocrx_word' id='word_1_380' title='bbox 793 3921 1000 3985; x_wconf 87' lang='lat' dir='ltr'><strong>Nolite</strong></span> <span class='ocrx_word' id='word_1_381' title='bbox 1036 3923 1508 3986; x_wconf 88' lang='lat' dir='ltr'><strong>communicare</strong></span> <span class='ocrx_word' id='word_1_382' title='bbox 1537 3924 1952 3991; x_wconf 87' lang='lat' dir='ltr'><strong>infructuosis</strong></span> <span class='ocrx_word' id='word_1_383' title='bbox 1979 3930 2282 4011; x_wconf 87' lang='lat' dir='ltr'><strong>operibus</strong></span> 
     </span>
     <span class='ocr_line' id='line_1_68' title="bbox 796 4018 2283 4105; baseline 0.007 -24"><span class='ocrx_word' id='word_1_384' title='bbox 796 4018 1224 4096; x_wconf 87' lang='lat' dir='ltr'><strong>tenebrarum,</strong></span> <span class='ocrx_word' id='word_1_385' title='bbox 1247 4019 1448 4100; x_wconf 89' lang='lat' dir='ltr'><strong>magis</strong></span> <span class='ocrx_word' id='word_1_386' title='bbox 1485 4029 1694 4084; x_wconf 88' lang='lat' dir='ltr'><strong>autem</strong></span> <span class='ocrx_word' id='word_1_387' title='bbox 1729 4025 2100 4105; x_wconf 89' lang='lat' dir='ltr'><strong>redarguite.</strong></span> <span class='ocrx_word' id='word_1_388' title='bbox 2123 4026 2283 4091; x_wconf 88' lang='lat' dir='ltr'><strong>Hinc</strong></span> 
     </span>
     <span class='ocr_line' id='line_1_69' title="bbox 795 4117 2283 4197; baseline 0.006 -18"><span class='ocrx_word' id='word_1_389' title='bbox 795 4117 1091 4180; x_wconf 86' lang='lat' dir='ltr'><strong>subditur</strong></span> <span class='ocrx_word' id='word_1_390' title='bbox 1115 4135 1130 4180; x_wconf 89' lang='lat'>:</span> <span class='ocrx_word' id='word_1_391' title='bbox 1151 4138 1263 4177; x_wconf 79' lang='lat' dir='ltr'><strong>nec</strong></span> <span class='ocrx_word' id='word_1_392' title='bbox 1294 4120 1412 4177; x_wconf 83' lang='lat' dir='ltr'><strong>tibi</strong></span> <span class='ocrx_word' id='word_1_393' title='bbox 1429 4123 1686 4197; x_wconf 81' lang='lat' dir='ltr'><strong>placeat</strong></span> <span class='ocrx_word' id='word_1_394' title='bbox 1715 4124 1825 4182; x_wconf 82' lang='lat' dir='ltr'><strong>via</strong></span> <span class='ocrx_word' id='word_1_395' title='bbox 1857 4128 2200 4193; x_wconf 77' lang='lat' dir='ltr'><strong>malorum,</strong></span> <span class='ocrx_word' id='word_1_396' title='bbox 2218 4125 2283 4188; x_wconf 90' lang='lat' dir='ltr'><strong>id</strong></span> 
     </span>
    </p>
   </div>
   <div class='ocr_carea' id='block_1_20' title="bbox 2388 3142 4072 4204">
    <p class='ocr_par' dir='ltr' id='par_1_25' title="bbox 2388 3142 4072 3613">
     <span class='ocr_line' id='line_1_70' title="bbox 2392 3142 4072 3217; baseline 0.001 -17"><span class='ocrx_word' id='word_1_397' title='bbox 2392 3142 2739 3200; x_wconf 82' lang='lat' dir='ltr'><strong>Comedunt</strong></span> <span class='ocrx_word' id='word_1_398' title='bbox 2759 3160 3000 3217; x_wconf 80' lang='lat' dir='ltr'><strong>panem</strong></span> <span class='ocrx_word' id='word_1_399' title='bbox 3022 3142 3404 3216; x_wconf 80' lang='lat' dir='ltr'><strong>impietatis,</strong></span> <span class='ocrx_word' id='word_1_400' title='bbox 3422 3151 3482 3202; x_wconf 79' lang='lat' dir='ltr'><strong>et</strong></span> <span class='ocrx_word' id='word_1_401' title='bbox 3504 3144 3733 3203; x_wconf 78' lang='lat' dir='ltr'><strong>vinum</strong></span> <span class='ocrx_word' id='word_1_402' title='bbox 3753 3144 3877 3203; x_wconf 82' lang='lat' dir='ltr'><strong>ini·</strong></span> <span class='ocrx_word' id='word_1_403' title='bbox 4004 3160 4072 3216; x_wconf 69' lang='grc' dir='ltr'><em>ῃ</em></span> 
     </span>
     <span class='ocr_line' id='line_1_71' title="bbox 2388 3237 3871 3322; baseline 0.003 -23"><span class='ocrx_word' id='word_1_404' title='bbox 2388 3241 2661 3317; x_wconf 77' lang='lat' dir='ltr'><strong>quitatis</strong></span> <span class='ocrx_word' id='word_1_405' title='bbox 2708 3240 2955 3307; x_wconf 80' lang='lat' dir='ltr'><strong>bibunt,</strong></span> <span class='ocrx_word' id='word_1_406' title='bbox 3003 3237 3067 3299; x_wconf 93' lang='lat' dir='ltr'><strong>id</strong></span> <span class='ocrx_word' id='word_1_407' title='bbox 3115 3246 3232 3315; x_wconf 87' lang='lat' dir='ltr'><strong>est,</strong></span> <span class='ocrx_word' id='word_1_408' title='bbox 3285 3240 3449 3302; x_wconf 89' lang='lat' dir='ltr'><strong>cibis</strong></span> <span class='ocrx_word' id='word_1_409' title='bbox 3496 3259 3569 3303; x_wconf 91' lang='lat' dir='ltr'><strong>ac</strong></span> <span class='ocrx_word' id='word_1_410' title='bbox 3615 3240 3871 3322; x_wconf 87' lang='lat' dir='ltr'><strong>potibus</strong></span> 
     </span>
     <span class='ocr_line' id='line_1_72' title="bbox 2388 3335 3875 3420; baseline 0.003 -23"><span class='ocrx_word' id='word_1_411' title='bbox 2388 3336 2627 3416; x_wconf 90' lang='lat' dir='ltr'><strong>injuste</strong></span> <span class='ocrx_word' id='word_1_412' title='bbox 2657 3335 2987 3418; x_wconf 88' lang='lat' dir='ltr'><strong>acquisitis</strong></span> <span class='ocrx_word' id='word_1_413' title='bbox 3016 3335 3418 3414; x_wconf 88' lang='lat' dir='ltr'><strong>reficiuntur,</strong></span> <span class='ocrx_word' id='word_1_414' title='bbox 3439 3338 3505 3399; x_wconf 92' lang='lat' dir='ltr'><strong>in</strong></span> <span class='ocrx_word' id='word_1_415' title='bbox 3537 3339 3875 3420; x_wconf 90' lang='lat' dir='ltr'><strong>pravisque</strong></span> 
     </span>
     <span class='ocr_line' id='line_1_73' title="bbox 2388 3432 3875 3515; baseline 0.002 -20"><span class='ocrx_word' id='word_1_416' title='bbox 2388 3433 2636 3496; x_wconf 90' lang='lat' dir='ltr'><strong>actibus</strong></span> <span class='ocrx_word' id='word_1_417' title='bbox 2666 3443 2730 3497; x_wconf 93' lang='lat' dir='ltr'><strong>et</strong></span> <span class='ocrx_word' id='word_1_418' title='bbox 2760 3432 3125 3510; x_wconf 82' lang='lat' dir='ltr'><strong>affectibuS,</strong></span> <span class='ocrx_word' id='word_1_419' title='bbox 3146 3435 3329 3515; x_wconf 91' lang='lat' dir='ltr'><strong>quasi</strong></span> <span class='ocrx_word' id='word_1_420' title='bbox 3361 3436 3426 3497; x_wconf 91' lang='lat' dir='ltr'><strong>in</strong></span> <span class='ocrx_word' id='word_1_421' title='bbox 3460 3436 3784 3500; x_wconf 88' lang='lat' dir='ltr'><strong>esculento</strong></span> <span class='ocrx_word' id='word_1_422' title='bbox 3812 3444 3875 3499; x_wconf 91' lang='lat' dir='ltr'><strong>et</strong></span> 
     </span>
     <span class='ocr_line' id='line_1_74' title="bbox 2390 3530 3204 3613; baseline 0 -20"><span class='ocrx_word' id='word_1_423' title='bbox 2390 3530 2752 3613; x_wconf 88' lang='lat' dir='ltr'><strong>poculent0,</strong></span> <span class='ocrx_word' id='word_1_424' title='bbox 2787 3530 3204 3594; x_wconf 89' lang='lat' dir='ltr'><strong>delectantur.</strong></span> 
     </span>
    </p>

    <p class='ocr_par' dir='ltr' id='par_1_26' title="bbox 2388 3632 4071 4204">
     <span class='ocr_line' id='line_1_75' title="bbox 2467 3632 4071 3710; baseline 0.002 -22"><span class='ocrx_word' id='word_1_425' title='bbox 2467 3632 2796 3689; x_wconf 82' lang='lat' dir='ltr'><strong>Justorum</strong></span> <span class='ocrx_word' id='word_1_426' title='bbox 2828 3640 3045 3690; x_wconf 81' lang='lat' dir='ltr'><strong>autem</strong></span> <span class='ocrx_word' id='word_1_427' title='bbox 3072 3632 3300 3691; x_wconf 87' lang='lat' dir='ltr'><strong>semita</strong></span> <span class='ocrx_word' id='word_1_428' title='bbox 3320 3634 3511 3710; x_wconf 81' lang='lat' dir='ltr'><strong>quasi</strong></span> <span class='ocrx_word' id='word_1_429' title='bbox 3540 3636 3658 3692; x_wconf 77' lang='lat' dir='ltr'><strong>lua·</strong></span> <span class='ocrx_word' id='word_1_430' title='bbox 3674 3636 3876 3709; x_wconf 82' lang='lat' dir='ltr'><strong>splen·</strong></span> <span class='ocrx_word' id='word_1_431' title='bbox 4004 3637 4071 3691; x_wconf 83' lang='lat'><strong>18</strong></span> 
     </span>
     <span class='ocr_line' id='line_1_76' title="bbox 2388 3729 3874 3808; baseline 0.002 -22"><span class='ocrx_word' id='word_1_432' title='bbox 2388 3730 2570 3798; x_wconf 80' lang='lat' dir='ltr'><strong>dens,</strong></span> <span class='ocrx_word' id='word_1_433' title='bbox 2578 3730 2867 3805; x_wconf 78' lang='lat' dir='ltr'><strong>procedit</strong></span> <span class='ocrx_word' id='word_1_434' title='bbox 2886 3737 2947 3788; x_wconf 84' lang='lat' dir='ltr'><strong>et</strong></span> <span class='ocrx_word' id='word_1_435' title='bbox 2966 3729 3187 3788; x_wconf 85' lang='lat' dir='ltr'><strong>crescit</strong></span> <span class='ocrx_word' id='word_1_436' title='bbox 3208 3748 3403 3808; x_wconf 78' lang='lat' dir='ltr'><strong>usque</strong></span> <span class='ocrx_word' id='word_1_437' title='bbox 3422 3732 3510 3791; x_wconf 90' lang='lat' dir='ltr'><strong>ad</strong></span> <span class='ocrx_word' id='word_1_438' title='bbox 3519 3731 3874 3807; x_wconf 78' lang='lat' dir='ltr'><strong>perfectam</strong></span> 
     </span>
     <span class='ocr_line' id='line_1_77' title="bbox 2389 3825 3878 3905; baseline 0.003 -19"><span class='ocrx_word' id='word_1_439' title='bbox 2389 3828 2584 3887; x_wconf 81' lang='lat' dir='ltr'><strong>diem.</strong></span> <span class='ocrx_word' id='word_1_440' title='bbox 2610 3825 2845 3888; x_wconf 88' lang='lat' dir='ltr'><strong>Semita</strong></span> <span class='ocrx_word' id='word_1_441' title='bbox 2872 3826 3187 3905; x_wconf 89' lang='lat' dir='ltr'><strong>justorum</strong></span> <span class='ocrx_word' id='word_1_442' title='bbox 3218 3834 3315 3889; x_wconf 86' lang='lat' dir='ltr'><strong>est</strong></span> <span class='ocrx_word' id='word_1_443' title='bbox 3342 3827 3739 3891; x_wconf 88' lang='lat' dir='ltr'><strong>conversatio</strong></span> <span class='ocrx_word' id='word_1_444' title='bbox 3768 3828 3878 3891; x_wconf 93' lang='lat' dir='ltr'><strong>bo-</strong></span> 
     </span>
     <span class='ocr_line' id='line_1_78' title="bbox 2392 3923 3874 4007; baseline 0.001 -20"><span class='ocrx_word' id='word_1_445' title='bbox 2392 3943 2622 3988; x_wconf 89' lang='lat' dir='ltr'><strong>norum</strong></span> <span class='ocrx_word' id='word_1_446' title='bbox 2670 3932 2734 3987; x_wconf 90' lang='lat' dir='ltr'><strong>et</strong></span> <span class='ocrx_word' id='word_1_447' title='bbox 2781 3923 3228 4007; x_wconf 90' lang='lat' dir='ltr'><strong>contemplatio</strong></span> <span class='ocrx_word' id='word_1_448' title='bbox 3274 3924 3702 3989; x_wconf 87' lang='lat' dir='ltr'><strong>virtuosorum</strong></span> <span class='ocrx_word' id='word_1_449' title='bbox 3748 3946 3761 3990; x_wconf 93' lang='lat'><strong>:</strong></span> <span class='ocrx_word' id='word_1_450' title='bbox 3810 3926 3874 3988; x_wconf 86' lang='lat' dir='ltr'><strong>in</strong></span> 
     </span>
     <span class='ocr_line' id='line_1_79' title="bbox 2391 4022 3877 4106; baseline 0.001 -21"><span class='ocrx_word' id='word_1_451' title='bbox 2391 4042 2519 4105; x_wconf 91' lang='lat' dir='ltr'><strong>qua</strong></span> <span class='ocrx_word' id='word_1_452' title='bbox 2557 4022 2667 4085; x_wconf 82' lang='lat' dir='ltr'><strong>lux</strong></span> <span class='ocrx_word' id='word_1_453' title='bbox 2703 4022 2946 4104; x_wconf 82' lang='lat' dir='ltr'><strong>gratiae,</strong></span> <span class='ocrx_word' id='word_1_454' title='bbox 2978 4023 3280 4104; x_wconf 90' lang='lat' dir='ltr'><strong>splendor</strong></span> <span class='ocrx_word' id='word_1_455' title='bbox 3319 4023 3669 4105; x_wconf 85' lang='lat' dir='ltr'><strong>sapientiae,</strong></span> <span class='ocrx_word' id='word_1_456' title='bbox 3704 4026 3877 4106; x_wconf 91' lang='lat' dir='ltr'><strong>puri-</strong></span> 
     </span>
     <span class='ocr_line' id='line_1_80' title="bbox 2394 4120 3875 4204; baseline 0.001 -21"><span class='ocrx_word' id='word_1_457' title='bbox 2394 4130 2487 4183; x_wconf 88' lang='lat' dir='ltr'><strong>tas</strong></span> <span class='ocrx_word' id='word_1_458' title='bbox 2517 4122 2726 4185; x_wconf 91' lang='lat' dir='ltr'><strong>cordis</strong></span> <span class='ocrx_word' id='word_1_459' title='bbox 2766 4121 3071 4183; x_wconf 88' lang='lat' dir='ltr'><strong>relucent.</strong></span> <span class='ocrx_word' id='word_1_460' title='bbox 3114 4120 3257 4184; x_wconf 82' lang='lat' dir='ltr'><strong>Haec</strong></span> <span class='ocrx_word' id='word_1_461' title='bbox 3294 4121 3520 4185; x_wconf 91' lang='lat' dir='ltr'><strong>crescit</strong></span> <span class='ocrx_word' id='word_1_462' title='bbox 3558 4122 3875 4204; x_wconf 90' lang='lat' dir='ltr'><strong>spirituali</strong></span> 
     </span>
    </p>
   </div>
   <div class='ocr_carea' id='block_1_21' title="bbox 797 4215 3872 4303">
    <p class='ocr_par' dir='ltr' id='par_1_27' title="bbox 797 4215 3872 4303">
     <span class='ocr_line' id='line_1_81' title="bbox 797 4215 3872 4303; baseline 0.002 -25"><span class='ocrx_word' id='word_1_463' title='bbox 797 4225 894 4278; x_wconf 89' lang='lat' dir='ltr'><strong>est</strong></span> <span class='ocrx_word' id='word_1_464' title='bbox 919 4216 1084 4279; x_wconf 88' lang='lat' dir='ltr'><strong>actio</strong></span> <span class='ocrx_word' id='word_1_465' title='bbox 1116 4215 1701 4298; x_wconf 71' lang='lat' dir='ltr'><strong>iniquorum.Fuye</strong></span> <span class='ocrx_word' id='word_1_466' title='bbox 1718 4222 1796 4279; x_wconf 87' lang='lat' dir='ltr'><strong>ab</strong></span> <span class='ocrx_word' id='word_1_467' title='bbox 1822 4242 2052 4291; x_wconf 67' lang='lat' dir='ltr'><strong>camec</strong></span> <span class='ocrx_word' id='word_1_468' title='bbox 2081 4233 2285 4284; x_wconf 79' lang='lat' dir='ltr'><strong>trans·</strong></span> <span class='ocrx_word' id='word_1_469' title='bbox 2311 4222 2362 4284; x_wconf 92' lang='lat' dir='ltr'>D</span> <span class='ocrx_word' id='word_1_470' title='bbox 2393 4219 2683 4303; x_wconf 85' lang='lat' dir='ltr'><strong>profectu</strong></span> <span class='ocrx_word' id='word_1_471' title='bbox 2712 4238 2915 4301; x_wconf 93' lang='lat' dir='ltr'><strong>usque</strong></span> <span class='ocrx_word' id='word_1_472' title='bbox 2942 4221 3020 4282; x_wconf 90' lang='lat' dir='ltr'><strong>ad</strong></span> <span class='ocrx_word' id='word_1_473' title='bbox 3049 4219 3394 4302; x_wconf 85' lang='lat' dir='ltr'><strong>perfectam</strong></span> <span class='ocrx_word' id='word_1_474' title='bbox 3429 4220 3620 4297; x_wconf 93' lang='lat' dir='ltr'><strong>diem,</strong></span> <span class='ocrx_word' id='word_1_475' title='bbox 3652 4220 3717 4283; x_wconf 93' lang='lat' dir='ltr'><strong>id</strong></span> <span class='ocrx_word' id='word_1_476' title='bbox 3755 4230 3872 4299; x_wconf 91' lang='lat' dir='ltr'><strong>est,</strong></span> 
     </span>
    </p>
   </div>
   <div class='ocr_carea' id='block_1_22' title="bbox 793 4316 2286 5385">
    <p class='ocr_par' dir='ltr' id='par_1_28' title="bbox 793 4316 2285 4981">
     <span class='ocr_line' id='line_1_82' title="bbox 795 4316 2282 4394; baseline 0.007 -21"><span class='ocrx_word' id='word_1_477' title='bbox 795 4335 904 4376; x_wconf 88' lang='lat' dir='ltr'><strong>eas</strong></span> <span class='ocrx_word' id='word_1_478' title='bbox 934 4334 1055 4392; x_wconf 83' lang='lat' dir='ltr'><strong>per</strong></span> <span class='ocrx_word' id='word_1_479' title='bbox 1085 4316 1270 4375; x_wconf 82' lang='lat' dir='ltr'><strong>illam</strong></span> <span class='ocrx_word' id='word_1_480' title='bbox 1292 4338 1321 4386; x_wconf 88' lang='lat'><strong>,·</strong></span> <span class='ocrx_word' id='word_1_481' title='bbox 1365 4319 1647 4385; x_wconf 82' lang='lat' dir='ltr'><strong>declina,</strong></span> <span class='ocrx_word' id='word_1_482' title='bbox 1677 4328 1736 4378; x_wconf 78' lang='lat' dir='ltr'><strong>et</strong></span> <span class='ocrx_word' id='word_1_483' title='bbox 1767 4321 1981 4379; x_wconf 80' lang='lat' dir='ltr'><strong>desere</strong></span> <span class='ocrx_word' id='word_1_484' title='bbox 2016 4342 2183 4394; x_wconf 87' lang='lat' dir='ltr'><strong>eam,</strong></span> <span class='ocrx_word' id='word_1_485' title='bbox 2219 4322 2282 4383; x_wconf 86' lang='lat' dir='ltr'><strong>id</strong></span> 
     </span>
     <span class='ocr_line' id='line_1_83' title="bbox 795 4412 2284 4502; baseline 0.005 -27"><span class='ocrx_word' id='word_1_486' title='bbox 795 4420 993 4489; x_wconf 86' lang='lat' dir='ltr'><strong>est,ut</strong></span> <span class='ocrx_word' id='word_1_487' title='bbox 1019 4413 1208 4477; x_wconf 90' lang='lat' dir='ltr'><strong>etiam</strong></span> <span class='ocrx_word' id='word_1_488' title='bbox 1241 4412 1401 4477; x_wconf 91' lang='lat' dir='ltr'><strong>vites</strong></span> <span class='ocrx_word' id='word_1_489' title='bbox 1432 4415 1830 4479; x_wconf 90' lang='lat' dir='ltr'><strong>occasionem</strong></span> <span class='ocrx_word' id='word_1_490' title='bbox 1861 4435 2114 4481; x_wconf 90' lang='lat' dir='ltr'><strong>omnem</strong></span> <span class='ocrx_word' id='word_1_491' title='bbox 2145 4439 2284 4502; x_wconf 86' lang='lat' dir='ltr'><strong>pec-</strong></span> 
     </span>
     <span class='ocr_line' id='line_1_84' title="bbox 793 4510 2275 4595; baseline 0.005 -22"><span class='ocrx_word' id='word_1_492' title='bbox 793 4510 1002 4587; x_wconf 89' lang='lat' dir='ltr'><strong>candi,</strong></span> <span class='ocrx_word' id='word_1_493' title='bbox 1060 4510 1388 4573; x_wconf 86' lang='lat' dir='ltr'><strong>incautum</strong></span> <span class='ocrx_word' id='word_1_494' title='bbox 1443 4514 1835 4595; x_wconf 87' lang='lat' dir='ltr'><strong>adspectum,</strong></span> <span class='ocrx_word' id='word_1_495' title='bbox 1894 4525 2275 4593; x_wconf 90' lang='lat' dir='ltr'><strong>contactum,</strong></span> 
     </span>
     <span class='ocr_line' id='line_1_85' title="bbox 793 4609 2283 4691; baseline 0.005 -20"><span class='ocrx_word' id='word_1_496' title='bbox 793 4609 1154 4691; x_wconf 89' lang='lat' dir='ltr'><strong>amplexum</strong></span> <span class='ocrx_word' id='word_1_497' title='bbox 1190 4619 1251 4673; x_wconf 89' lang='lat' dir='ltr'><strong>et</strong></span> <span class='ocrx_word' id='word_1_498' title='bbox 1282 4612 1520 4688; x_wconf 88' lang='lat' dir='ltr'><strong>oscula,</strong></span> <span class='ocrx_word' id='word_1_499' title='bbox 1556 4612 2106 4678; x_wconf 87' lang='lat' dir='ltr'><strong>confabulationes</strong></span> <span class='ocrx_word' id='word_1_500' title='bbox 2149 4616 2177 4678; x_wconf 90' lang='lat' dir='ltr'><strong>f</strong></span> <span class='ocrx_word' id='word_1_501' title='bbox 2183 4636 2283 4679; x_wconf 93' lang='lat' dir='ltr'><strong>ur-</strong></span> 
     </span>
     <span class='ocr_line' id='line_1_86' title="bbox 796 4706 2285 4785; baseline 0.006 -15"><span class='ocrx_word' id='word_1_502' title='bbox 796 4708 980 4785; x_wconf 80' lang='lat' dir='ltr'><strong>tivaS‚</strong></span> <span class='ocrx_word' id='word_1_503' title='bbox 1015 4708 1412 4772; x_wconf 91' lang='lat' dir='ltr'><strong>munuscula.</strong></span> <span class='ocrx_word' id='word_1_504' title='bbox 1446 4706 1562 4783; x_wconf 85' lang='lat' dir='ltr'><strong>Qui</strong></span> <span class='ocrx_word' id='word_1_505' title='bbox 1601 4711 1773 4774; x_wconf 90' lang='lat' dir='ltr'><strong>enim</strong></span> <span class='ocrx_word' id='word_1_506' title='bbox 1818 4731 1944 4775; x_wconf 90' lang='lat' dir='ltr'><strong>non</strong></span> <span class='ocrx_word' id='word_1_507' title='bbox 1982 4714 2140 4777; x_wconf 89' lang='lat' dir='ltr'><strong>vitat</strong></span> <span class='ocrx_word' id='word_1_508' title='bbox 2183 4734 2285 4779; x_wconf 90' lang='lat' dir='ltr'><strong>oc-</strong></span> 
     </span>
     <span class='ocr_line' id='line_1_87' title="bbox 794 4806 2282 4893; baseline 0.005 -24"><span class='ocrx_word' id='word_1_509' title='bbox 794 4806 1080 4870; x_wconf 89' lang='lat' dir='ltr'><strong>casiones</strong></span> <span class='ocrx_word' id='word_1_510' title='bbox 1114 4806 1440 4887; x_wconf 90' lang='lat' dir='ltr'><strong>peccandi,</strong></span> <span class='ocrx_word' id='word_1_511' title='bbox 1473 4808 1599 4872; x_wconf 90' lang='lat' dir='ltr'><strong>cito</strong></span> <span class='ocrx_word' id='word_1_512' title='bbox 1629 4808 1859 4873; x_wconf 90' lang='lat' dir='ltr'><strong>incidit</strong></span> <span class='ocrx_word' id='word_1_513' title='bbox 1885 4810 1950 4873; x_wconf 91' lang='lat' dir='ltr'><strong>in</strong></span> <span class='ocrx_word' id='word_1_514' title='bbox 1983 4811 2282 4893; x_wconf 91' lang='lat' dir='ltr'><strong>laqueum</strong></span> 
     </span>
     <span class='ocr_line' id='line_1_88' title="bbox 797 4903 1674 4981; baseline 0.002 -14"><span class='ocrx_word' id='word_1_515' title='bbox 797 4903 1066 4981; x_wconf 91' lang='lat' dir='ltr'><strong>inimici,</strong></span> <span class='ocrx_word' id='word_1_516' title='bbox 1098 4912 1163 4967; x_wconf 88' lang='lat' dir='ltr'><strong>et</strong></span> <span class='ocrx_word' id='word_1_517' title='bbox 1191 4904 1299 4967; x_wconf 88' lang='lat' dir='ltr'><strong>Dei</strong></span> <span class='ocrx_word' id='word_1_518' title='bbox 1332 4904 1674 4969; x_wconf 87' lang='lat' dir='ltr'><strong>offensam.</strong></span> 
     </span>
    </p>

    <p class='ocr_par' dir='ltr' id='par_1_29' title="bbox 795 5005 2286 5385">
     <span class='ocr_line' id='line_1_89' title="bbox 877 5005 2285 5088; baseline 0.002 -22"><span class='ocrx_word' id='word_1_519' title='bbox 877 5006 1025 5067; x_wconf 81' lang='lat' dir='ltr'><strong>Non</strong></span> <span class='ocrx_word' id='word_1_520' title='bbox 1053 5005 1230 5064; x_wconf 82' lang='lat' dir='ltr'><strong>enim</strong></span> <span class='ocrx_word' id='word_1_521' title='bbox 1264 5006 1602 5065; x_wconf 83' lang='lat' dir='ltr'><strong>dormiunt</strong></span> <span class='ocrx_word' id='word_1_522' title='bbox 1645 5007 1780 5065; x_wconf 80' lang='lat' dir='ltr'><strong>nisi</strong></span> <span class='ocrx_word' id='word_1_523' title='bbox 1815 5010 2285 5088; x_wconf 79' lang='lat' dir='ltr'><strong>malefecerint,</strong></span> 
     </span>
     <span class='ocr_line' id='line_1_90' title="bbox 795 5100 2286 5187; baseline 0.003 -22"><span class='ocrx_word' id='word_1_524' title='bbox 795 5102 862 5165; x_wconf 92' lang='lat' dir='ltr'><strong>id</strong></span> <span class='ocrx_word' id='word_1_525' title='bbox 911 5111 1027 5181; x_wconf 87' lang='lat' dir='ltr'><strong>est,</strong></span> <span class='ocrx_word' id='word_1_526' title='bbox 1065 5101 1273 5184; x_wconf 90' lang='lat' dir='ltr'><strong>iniqui</strong></span> <span class='ocrx_word' id='word_1_527' title='bbox 1320 5100 1386 5163; x_wconf 90' lang='lat' dir='ltr'><strong>in</strong></span> <span class='ocrx_word' id='word_1_528' title='bbox 1430 5101 1603 5165; x_wconf 92' lang='lat' dir='ltr'><strong>vitiis</strong></span> <span class='ocrx_word' id='word_1_529' title='bbox 1643 5104 1900 5181; x_wconf 90' lang='lat' dir='ltr'><strong>assueti,</strong></span> <span class='ocrx_word' id='word_1_530' title='bbox 1937 5123 2064 5168; x_wconf 89' lang='lat' dir='ltr'><strong>non</strong></span> <span class='ocrx_word' id='word_1_531' title='bbox 2105 5107 2286 5187; x_wconf 91' lang='lat' dir='ltr'><strong>quie-</strong></span> 
     </span>
     <span class='ocr_line' id='line_1_91' title="bbox 795 5200 2285 5283; baseline 0.003 -19"><span class='ocrx_word' id='word_1_532' title='bbox 795 5210 981 5264; x_wconf 86' lang='lat' dir='ltr'><strong>scunt</strong></span> <span class='ocrx_word' id='word_1_533' title='bbox 1013 5200 1137 5263; x_wconf 90' lang='lat' dir='ltr'><strong>nisi</strong></span> <span class='ocrx_word' id='word_1_534' title='bbox 1177 5200 1524 5283; x_wconf 90' lang='lat' dir='ltr'><strong>procedant</strong></span> <span class='ocrx_word' id='word_1_535' title='bbox 1566 5200 1631 5262; x_wconf 94' lang='lat' dir='ltr'><strong>in</strong></span> <span class='ocrx_word' id='word_1_536' title='bbox 1671 5210 1846 5265; x_wconf 90' lang='lat' dir='ltr'><strong>actus</strong></span> <span class='ocrx_word' id='word_1_537' title='bbox 1889 5203 2171 5280; x_wconf 84' lang='lat' dir='ltr'><strong>illicitos,</strong></span> <span class='ocrx_word' id='word_1_538' title='bbox 2205 5206 2285 5268; x_wconf 90' lang='lat' dir='ltr'><strong>ad</strong></span> 
     </span>
     <span class='ocr_line' id='line_1_92' title="bbox 795 5298 2286 5385; baseline 0.004 -25"><span class='ocrx_word' id='word_1_539' title='bbox 795 5316 955 5380; x_wconf 91' lang='lat' dir='ltr'><strong>quos</strong></span> <span class='ocrx_word' id='word_1_540' title='bbox 995 5298 1250 5361; x_wconf 90' lang='lat' dir='ltr'><strong>habitus</strong></span> <span class='ocrx_word' id='word_1_541' title='bbox 1290 5316 1549 5380; x_wconf 78' lang='lat' dir='ltr'><strong>pravuS,</strong></span> <span class='ocrx_word' id='word_1_542' title='bbox 1581 5301 2106 5383; x_wconf 90' lang='lat' dir='ltr'><strong>consuetudoque</strong></span> <span class='ocrx_word' id='word_1_543' title='bbox 2148 5322 2286 5385; x_wconf 88' lang='lat' dir='ltr'><strong>pes·</strong></span> 
     </span>
    </p>
   </div>
   <div class='ocr_carea' id='block_1_23' title="bbox 2390 4318 4173 5382">
    <p class='ocr_par' dir='ltr' id='par_1_30' title="bbox 2390 4318 3876 4497">
     <span class='ocr_line' id='line_1_93' title="bbox 2390 4318 3876 4400; baseline 0 -18"><span class='ocrx_word' id='word_1_544' title='bbox 2390 4320 2469 4382; x_wconf 87' lang='lat' dir='ltr'><strong>ad</strong></span> <span class='ocrx_word' id='word_1_545' title='bbox 2519 4338 2839 4381; x_wconf 91' lang='lat' dir='ltr'><strong>summum</strong></span> <span class='ocrx_word' id='word_1_546' title='bbox 2896 4318 3163 4397; x_wconf 88' lang='lat' dir='ltr'><strong>gradum</strong></span> <span class='ocrx_word' id='word_1_547' title='bbox 3210 4318 3363 4381; x_wconf 89' lang='lat' dir='ltr'><strong>doni</strong></span> <span class='ocrx_word' id='word_1_548' title='bbox 3422 4318 3749 4400; x_wconf 74' lang='lat' dir='ltr'><strong>sapientiae</strong></span> <span class='ocrx_word' id='word_1_549' title='bbox 3804 4339 3876 4383; x_wconf 89' lang='lat' dir='ltr'><strong>ac</strong></span> 
     </span>
     <span class='ocr_line' id='line_1_94' title="bbox 2390 4416 3875 4497; baseline 0 -17"><span class='ocrx_word' id='word_1_550' title='bbox 2390 4417 2723 4494; x_wconf 81' lang='lat' dir='ltr'><strong>virtutum,</strong></span> <span class='ocrx_word' id='word_1_551' title='bbox 2744 4425 2805 4479; x_wconf 92' lang='lat' dir='ltr'><strong>et</strong></span> <span class='ocrx_word' id='word_1_552' title='bbox 2835 4435 3039 4497; x_wconf 90' lang='lat' dir='ltr'><strong>usque</strong></span> <span class='ocrx_word' id='word_1_553' title='bbox 3070 4417 3145 4479; x_wconf 93' lang='lat' dir='ltr'><strong>ad</strong></span> <span class='ocrx_word' id='word_1_554' title='bbox 3178 4416 3347 4479; x_wconf 91' lang='lat' dir='ltr'><strong>diem</strong></span> <span class='ocrx_word' id='word_1_555' title='bbox 3377 4417 3772 4494; x_wconf 74' lang='lat' dir='ltr'><strong>aeternitatis,</strong></span> <span class='ocrx_word' id='word_1_556' title='bbox 3798 4418 3875 4480; x_wconf 89' lang='lat' dir='ltr'><strong>de</strong></span> 
     </span>
    </p>

    <p class='ocr_par' dir='ltr' id='par_1_31' title="bbox 2390 4514 4173 4886">
     <span class='ocr_line' id='line_1_95' title="bbox 2390 4514 4173 4597; baseline 0 -20"><span class='ocrx_word' id='word_1_557' title='bbox 2390 4535 2517 4597; x_wconf 92' lang='lat' dir='ltr'><strong>qua</strong></span> <span class='ocrx_word' id='word_1_558' title='bbox 2548 4524 2899 4589; x_wconf 81' lang='lat' dir='ltr'><strong>cantamuS,</strong></span> <span class='ocrx_word' id='word_1_559' title='bbox 2924 4514 3080 4589; x_wconf 90' lang='lat' dir='ltr'><strong>Quia</strong></span> <span class='ocrx_word' id='word_1_560' title='bbox 3107 4514 3333 4578; x_wconf 89' lang='lat' dir='ltr'><strong>melior</strong></span> <span class='ocrx_word' id='word_1_561' title='bbox 3362 4522 3455 4577; x_wconf 87' lang='lat' dir='ltr'><strong>est</strong></span> <span class='ocrx_word' id='word_1_562' title='bbox 3485 4515 3619 4577; x_wconf 90' lang='lat' dir='ltr'><strong>dies</strong></span> <span class='ocrx_word' id='word_1_563' title='bbox 3652 4535 3778 4578; x_wconf 91' lang='lat' dir='ltr'><strong>una</strong></span> <span class='ocrx_word' id='word_1_564' title='bbox 3809 4515 3874 4577; x_wconf 92' lang='lat' dir='ltr'><strong>in</strong></span> <span class='ocrx_word' id='word_1_565' title='bbox 3922 4535 4173 4586; x_wconf 55' lang='lat' dir='ltr'><strong>Panum,</strong></span> 
     </span>
     <span class='ocr_line' id='line_1_96' title="bbox 2390 4601 3972 4695; baseline 0.001 -19"><span class='ocrx_word' id='word_1_566' title='bbox 2390 4614 2568 4676; x_wconf 87' lang='lat' dir='ltr'><strong>atriis</strong></span> <span class='ocrx_word' id='word_1_567' title='bbox 2611 4613 2736 4675; x_wconf 90' lang='lat' dir='ltr'><strong>tuis</strong></span> <span class='ocrx_word' id='word_1_568' title='bbox 2782 4632 2974 4695; x_wconf 90' lang='lat' dir='ltr'><strong>super</strong></span> <span class='ocrx_word' id='word_1_569' title='bbox 3014 4612 3214 4674; x_wconf 91' lang='lat' dir='ltr'><strong>millia</strong></span> <span class='ocrx_word' id='word_1_570' title='bbox 3250 4632 3264 4677; x_wconf 74' lang='grc' dir='ltr'><strong>ε</strong></span> <span class='ocrx_word' id='word_1_571' title='bbox 3302 4612 3422 4676; x_wconf 93' lang='lat' dir='ltr'><strong>hoc</strong></span> <span class='ocrx_word' id='word_1_572' title='bbox 3461 4621 3579 4688; x_wconf 88' lang='lat' dir='ltr'><strong>est,</strong></span> <span class='ocrx_word' id='word_1_573' title='bbox 3622 4613 3699 4677; x_wconf 95' lang='lat' dir='ltr'><strong>de</strong></span> <span class='ocrx_word' id='word_1_574' title='bbox 3744 4612 3875 4677; x_wconf 86' lang='lat' dir='ltr'><strong>fide</strong></span> <span class='ocrx_word' id='word_1_575' title='bbox 3907 4601 3972 4640; x_wconf 88' lang='lat'><strong>¹¹·</strong></span> 
     </span>
     <span class='ocr_line' id='line_1_97' title="bbox 2393 4711 3877 4794; baseline -0.001 -19"><span class='ocrx_word' id='word_1_576' title='bbox 2393 4711 2620 4775; x_wconf 87' lang='lat' dir='ltr'><strong>transit</strong></span> <span class='ocrx_word' id='word_1_577' title='bbox 2646 4713 2726 4774; x_wconf 90' lang='lat' dir='ltr'><strong>ad</strong></span> <span class='ocrx_word' id='word_1_578' title='bbox 2767 4712 3065 4793; x_wconf 88' lang='lat' dir='ltr'><strong>speciem,</strong></span> <span class='ocrx_word' id='word_1_579' title='bbox 3099 4712 3177 4773; x_wconf 90' lang='lat' dir='ltr'><strong>de</strong></span> <span class='ocrx_word' id='word_1_580' title='bbox 3208 4730 3319 4793; x_wconf 87' lang='lat' dir='ltr'><strong>spe</strong></span> <span class='ocrx_word' id='word_1_581' title='bbox 3356 4712 3435 4774; x_wconf 90' lang='lat' dir='ltr'><strong>ad</strong></span> <span class='ocrx_word' id='word_1_582' title='bbox 3464 4712 3877 4794; x_wconf 89' lang='lat' dir='ltr'><strong>comprehen-</strong></span> 
     </span>
     <span class='ocr_line' id='line_1_98' title="bbox 2392 4809 3877 4886; baseline 0.001 -13"><span class='ocrx_word' id='word_1_583' title='bbox 2392 4810 2660 4886; x_wconf 90' lang='lat' dir='ltr'><strong>sionem,</strong></span> <span class='ocrx_word' id='word_1_584' title='bbox 2694 4809 2773 4873; x_wconf 91' lang='lat' dir='ltr'><strong>de</strong></span> <span class='ocrx_word' id='word_1_585' title='bbox 2802 4810 3065 4873; x_wconf 90' lang='lat' dir='ltr'><strong>caritate</strong></span> <span class='ocrx_word' id='word_1_586' title='bbox 3104 4811 3182 4872; x_wconf 90' lang='lat' dir='ltr'><strong>ad</strong></span> <span class='ocrx_word' id='word_1_587' title='bbox 3224 4809 3591 4873; x_wconf 85' lang='lat' dir='ltr'><strong>beatificam</strong></span> <span class='ocrx_word' id='word_1_588' title='bbox 3628 4809 3877 4874; x_wconf 89' lang='lat' dir='ltr'><strong>fruitio-</strong></span> 
     </span>
    </p>

    <p class='ocr_par' dir='ltr' id='par_1_32' title="bbox 2392 4907 4169 5081">
     <span class='ocr_line' id='line_1_99' title="bbox 2393 4907 4169 4989; baseline 0.002 -19"><span class='ocrx_word' id='word_1_589' title='bbox 2393 4927 2561 4971; x_wconf 88' lang='lat' dir='ltr'><strong>nem.</strong></span> <span class='ocrx_word' id='word_1_590' title='bbox 2596 4908 2680 4970; x_wconf 90' lang='lat' dir='ltr'><strong>De</strong></span> <span class='ocrx_word' id='word_1_591' title='bbox 2720 4926 2845 4989; x_wconf 91' lang='lat' dir='ltr'><strong>qua</strong></span> <span class='ocrx_word' id='word_1_592' title='bbox 2874 4909 2977 4971; x_wconf 89' lang='lat' dir='ltr'><strong>via</strong></span> <span class='ocrx_word' id='word_1_593' title='bbox 3009 4907 3293 4989; x_wconf 90' lang='lat' dir='ltr'><strong>loquitur</strong></span> <span class='ocrx_word' id='word_1_594' title='bbox 3322 4908 3511 4970; x_wconf 91' lang='lat' dir='ltr'><strong>lsaias</strong></span> <span class='ocrx_word' id='word_1_595' title='bbox 3554 4927 3569 4971; x_wconf 78' lang='lat' dir='ltr'><strong>t</strong></span> <span class='ocrx_word' id='word_1_596' title='bbox 3610 4909 3752 4973; x_wconf 81' lang='lat' dir='ltr'><strong>Haec</strong></span> <span class='ocrx_word' id='word_1_597' title='bbox 3780 4917 3875 4973; x_wconf 79' lang='lat' dir='ltr'><strong>est</strong></span> <span class='ocrx_word' id='word_1_598' title='bbox 3907 4930 4169 4981; x_wconf 68' lang='lat'><strong>11.111‚21.</strong></span> 
     </span>
     <span class='ocr_line' id='line_1_100' title="bbox 2392 5005 3879 5081; baseline 0.001 -11"><span class='ocrx_word' id='word_1_599' title='bbox 2392 5008 2517 5081; x_wconf 89' lang='lat' dir='ltr'><strong>via,</strong></span> <span class='ocrx_word' id='word_1_600' title='bbox 2552 5006 2871 5069; x_wconf 90' lang='lat' dir='ltr'><strong>ambulate</strong></span> <span class='ocrx_word' id='word_1_601' title='bbox 2912 5005 2978 5068; x_wconf 91' lang='lat' dir='ltr'><strong>in</strong></span> <span class='ocrx_word' id='word_1_602' title='bbox 3010 5024 3104 5080; x_wconf 91' lang='lat' dir='ltr'><strong>ea,</strong></span> <span class='ocrx_word' id='word_1_603' title='bbox 3132 5014 3195 5069; x_wconf 90' lang='lat' dir='ltr'><strong>et</strong></span> <span class='ocrx_word' id='word_1_604' title='bbox 3234 5024 3361 5069; x_wconf 89' lang='lat' dir='ltr'><strong>non</strong></span> <span class='ocrx_word' id='word_1_605' title='bbox 3399 5006 3730 5069; x_wconf 90' lang='lat' dir='ltr'><strong>declinetis</strong></span> <span class='ocrx_word' id='word_1_606' title='bbox 3770 5026 3879 5071; x_wconf 88' lang='lat' dir='ltr'><strong>ne·</strong></span> 
     </span>
    </p>

    <p class='ocr_par' dir='ltr' id='par_1_33' title="bbox 2392 5104 3879 5187">
     <span class='ocr_line' id='line_1_101' title="bbox 2392 5104 3879 5187; baseline 0 -20"><span class='ocrx_word' id='word_1_607' title='bbox 2392 5123 2519 5187; x_wconf 91' lang='lat' dir='ltr'><strong>que</strong></span> <span class='ocrx_word' id='word_1_608' title='bbox 2548 5104 2627 5166; x_wconf 91' lang='lat' dir='ltr'><strong>ad</strong></span> <span class='ocrx_word' id='word_1_609' title='bbox 2666 5105 3010 5178; x_wconf 86' lang='lat' dir='ltr'><strong>dexteram,</strong></span> <span class='ocrx_word' id='word_1_610' title='bbox 3048 5122 3256 5185; x_wconf 92' lang='lat' dir='ltr'><strong>neque</strong></span> <span class='ocrx_word' id='word_1_611' title='bbox 3294 5105 3373 5167; x_wconf 90' lang='lat' dir='ltr'><strong>ad</strong></span> <span class='ocrx_word' id='word_1_612' title='bbox 3410 5105 3774 5187; x_wconf 84' lang='lat' dir='ltr'><strong>sinistram3</strong></span> <span class='ocrx_word' id='word_1_613' title='bbox 3816 5113 3879 5169; x_wconf 86' lang='lat' dir='ltr'><strong>et</strong></span> 
     </span>
    </p>

    <p class='ocr_par' dir='ltr' id='par_1_34' title="bbox 2393 5202 4172 5382">
     <span class='ocr_line' id='line_1_102' title="bbox 2393 5202 4172 5283; baseline 0 -18"><span class='ocrx_word' id='word_1_614' title='bbox 2393 5204 2647 5279; x_wconf 90' lang='lat' dir='ltr'><strong>iterum,</strong></span> <span class='ocrx_word' id='word_1_615' title='bbox 2672 5202 2910 5266; x_wconf 91' lang='lat' dir='ltr'><strong>Semita</strong></span> <span class='ocrx_word' id='word_1_616' title='bbox 2949 5202 3104 5283; x_wconf 87' lang='lat' dir='ltr'><strong>justi</strong></span> <span class='ocrx_word' id='word_1_617' title='bbox 3150 5211 3321 5265; x_wconf 86' lang='lat' dir='ltr'><strong>recta</strong></span> <span class='ocrx_word' id='word_1_618' title='bbox 3348 5211 3465 5265; x_wconf 87' lang='lat' dir='ltr'><strong>est.</strong></span> <span class='ocrx_word' id='word_1_619' title='bbox 3505 5204 3578 5265; x_wconf 93' lang='lat' dir='ltr'><strong>Et</strong></span> <span class='ocrx_word' id='word_1_620' title='bbox 3620 5204 3879 5267; x_wconf 88' lang='lat' dir='ltr'><strong>Psalmi·</strong></span> <span class='ocrx_word' id='word_1_621' title='bbox 3906 5224 4172 5275; x_wconf 52' lang='lat' dir='ltr'><strong>mamm.</strong></span> 
     </span>
     <span class='ocr_line' id='line_1_103' title="bbox 2394 5301 4169 5382; baseline -0.001 -17"><span class='ocrx_word' id='word_1_622' title='bbox 2394 5310 2531 5367; x_wconf 85' lang='lat' dir='ltr'><strong>sta:</strong></span> <span class='ocrx_word' id='word_1_623' title='bbox 2564 5301 2833 5365; x_wconf 87' lang='lat' dir='ltr'><strong>Psallam</strong></span> <span class='ocrx_word' id='word_1_624' title='bbox 2860 5310 2924 5366; x_wconf 87' lang='lat' dir='ltr'><strong>et</strong></span> <span class='ocrx_word' id='word_1_625' title='bbox 2955 5301 3306 5382; x_wconf 81' lang='lat' dir='ltr'><strong>intelligam</strong></span> <span class='ocrx_word' id='word_1_626' title='bbox 3339 5302 3407 5364; x_wconf 89' lang='lat' dir='ltr'><strong>in</strong></span> <span class='ocrx_word' id='word_1_627' title='bbox 3438 5302 3543 5367; x_wconf 91' lang='lat' dir='ltr'><strong>via</strong></span> <span class='ocrx_word' id='word_1_628' title='bbox 3571 5303 3879 5367; x_wconf 88' lang='lat' dir='ltr'><strong>immacu·</strong></span> <span class='ocrx_word' id='word_1_629' title='bbox 3918 5324 4169 5375; x_wconf 56' lang='lat' dir='ltr'><strong>paam.</strong></span> 
     </span>
    </p>
   </div>
  </div>
 </body>
</html>
