4284 6267
1056 527 1411 576 mumulo
1452 528 1517 577 m
1556 528 1696 576 m.
1740 528 1809 576 111
1848 528 2007 577 mm
2048 530 2406 581 summm.
2452 550 2534 561 --
2573 530 2718 577 Am.
2763 530 2831 577 111

3367 508 3486 572 473

74 713 345 763 wemma.
376 698 557 774 dere,
590 698 1129 782 quemadmodum
1170 698 1400 763 caritas
1438 718 1564 763 non
1596 698 1887 763 excidere
1914 696 1967 759 A
1996 698 2393 782 probationis
2433 700 2812 764 sententiam
2839 700 3103 764 audient
3129 701 3209 764 ab
3239 702 3481 778 eodem,

378 797 785 880 perhibetur.

170 896 237 951 16
465 898 639 957 Filii
665 906 885 959 autem
915 898 1389 969 adulterorum,
1413 896 1524 978 qui
1551 905 1886 979 parentum

382 994 545 1057 vitia
575 993 933 1072 imitantur,
970 993 1106 1059 sive
1136 995 1577 1076 corporaliter,
1602 996 1738 1061 sive
1768 996 1889 1078 spi-

382 1092 704 1156 ritualiter
742 1093 1015 1157 adulteri
1046 1092 1176 1155 sint
1207 1095 1298 1173 (et
1328 1094 1678 1175 praesertim
1709 1095 1775 1157 in
1808 1094 1887 1157 le·

379 1208 463 1271 ge
516 1191 877 1254 idololatria
936 1191 1297 1273 appellatur
1343 1191 1728 1254 adulterium
1774 1212 1887 1257 seu

382 1289 728 1354 fornic-atio
776 1290 1181 1374 spiritualis),
1226 1293 1301 1351 in
1339 1294 1886 1354 consummatione

132 1303 289 1347 Eme.

78 1434 135 1479 1⁶:
140 1431 275 1475 Le„
308 1401 350 1483 ι’..
381 1400 604 1458 erunt,
656 1390 722 1452 id
762 1398 879 1467 est,
932 1398 1230 1453 extremae
1276 1390 1695 1467 damnationi,
1743 1410 1885 1472 quae

172 1713 201 1741 2-
226 1713 289 1752 v..
338 1732 349 1743 .
382 1683 558 1765 gitur
586 1686 666 1747 ad
709 1684 1003 1748 Hebraeos
1040 1702 1055 1747 ε
1087 1685 1281 1766 Cujus
1320 1684 1784 1749 consummatio
1818 1684 1883 1747 in

380 1783 830 1848 combustione
861 1784 1003 1847 erit.
1030 1786 1115 1847 Et
1143 1786 1223 1845 ab
1252 1786 1479 1864 iniquo
1512 1794 1644 1845 toro
1673 1805 1883 1845 semen

382 1494 481 1550 est
514 1487 817 1550 vitiorum
850 1487 1318 1551 consummatio
1358 1507 1430 1551 ac
1460 1507 1703 1552 merces
1733 1488 1888 1552 fina-

384 1584 487 1663 lis,
512 1585 1068 1668 adjudicabuntur.
1086 1587 1119 1649 J
1124 1596 1273 1649 uxta
1298 1606 1489 1669 quem
1522 1588 1779 1650 modum
1807 1587 1887 1651 le-

1996 818 2123 881 qua
2168 798 2337 863 dicet
2371 821 2384 865 :
2419 799 2667 877 Venite,
2721 798 3038 864 benedicti
3086 800 3286 863 Patris
3331 800 3484 877 mei,
3515 822 3782 876 numu,

1995 897 2306 980 percipite
2349 917 2614 979 regnum
2655 900 2826 981 quod
2861 898 3042 964 vobis
3071 908 3361 981 paratum
3393 907 3490 962 est
3517 887 3584 928 ³⁴·

1997 996 2079 1059 ab
2108 997 2356 1077 origine
2388 998 2636 1061 mundi.
2672 1000 2984 1059 Nationes
3010 1000 3186 1059 enim
3215 1000 3484 1079 iniquae,
3616 1012 3684 1068 19

1993 1097 2164 1158 diroe
2208 1105 2363 1157 sunt
2411 1098 3003 1170 consummationis,
3055 1095 3119 1158 id
3175 1104 3291 1172 est,
3353 1115 3490 1159 cru-

1994 1194 2202 1257 delem
2256 1194 2586 1257 habebunt
2635 1192 2856 1270 finem,
2905 1202 2966 1257 et
3014 1194 3488 1259 damnationem

1994 1292 2438 1376 asperrimam.
2473 1292 2716 1367 Quibus
2759 1293 3007 1357 dicetur
3041 1311 3056 1355 ι
3089 1293 3197 1368 Ite,
3231 1292 3490 1356 maledi·
3544 1311 3663 1356 ma.
3684 1315 3754 1356 u.

1994 1391 2103 1468 cti,
2144 1391 2210 1453 in
2261 1391 2474 1471 ignem
2519 1399 2846 1455 aeternum.

2074 1486 2398 1563 Praeterea,
2441 1487 2522 1551 ab
2565 1485 2678 1550 illo
2720 1487 2882 1565 loco,
2930 1485 3220 1551 Mulieres
3267 1504 3487 1551 eorum
3539 1564 3550 1571 .

1996 1582 2334 1648 insensatas
2372 1593 2543 1663 sunt,
2577 1594 2845 1667 possunt
2889 1586 3023 1649 haec
3071 1585 3490 1668 spiritualiter

1994 1680 2397 1765 interpretari
2455 1701 2469 1746 :
2521 1684 2611 1746 ita
2670 1684 2841 1765 quod
2889 1686 3187 1745 mulieres
3237 1683 3489 1765 iniquo·
3618 1690 3684 1745 12

1995 1800 2160 1858 rum,
2196 1781 2260 1844 id
2301 1790 2396 1845 est
2436 1782 2902 1860 sensualitateS,
2937 1784 3278 1845 insensatoe
3307 1791 3487 1852 sunt,

380 1884 945 1956 eat-terminabitur,
976 1882 1041 1945 id
1070 1890 1189 1958 est,
1223 1882 1473 1946 soboles
1506 1892 1653 1945 nata
1680 1902 1717 1946 a
1746 1892 1883 1948 toro
1918 1881 1967 1945 B
1993 1879 2145 1961 quia
2191 1880 2421 1944 rationi
2464 1880 2768 1961 rebelles;
2801 1882 3184 1961 nequissimi
3230 1898 3488 1963 quoque

386 1998 497 2043 seu
530 1980 919 2062 conjugibus
960 1980 1232 2057 vitiosiS,
1265 1982 1345 2044 de
1381 1982 1727 2046 electorum
1769 2002 1885 2046 nu-

374 2097 563 2142 mero
591 2077 936 2156 auferetur,
956 2079 1009 2141 si
1041 2088 1378 2161 parentum
1400 2080 1559 2145 vitia
1579 2080 1881 2144 imitetur.

382 2176 498 2240 Vel
532 2196 760 2240 sensus
790 2185 906 2254 est,
931 2178 1104 2260 quod
1134 2178 1459 2260 conjugati
1489 2178 1717 2261 iniqui,
1747 2197 1883 2261 pro-

384 2283 529 2357 pter
570 2295 688 2339 sua
724 2276 1035 2341 demerita
1083 2276 1509 2359 privabuntur
1550 2277 1749 2359 prolis
1794 2276 1883 2340 fe-

382 2374 733 2439 cunditate.
788 2374 1329 2450 Quemadmodum
1385 2375 1558 2440 enim
1619 2376 1685 2439 in
1744 2376 1883 2457 lege

383 2474 876 2557 promittebatur
892 2474 1081 2556 justis
1115 2472 1498 2550 fecunditas,
1516 2476 1695 2557 juxta
1724 2474 1883 2538 illud

385 2572 883 2651 Deuteronomii,
954 2573 1331 2637 Benedictus
1402 2573 1646 2637 fructus
1716 2573 1879 2637 uteri

88 2713 355 2765 &cnm
388 2672 515 2751 tui;
567 2680 632 2735 et
690 2671 757 2733 in
814 2671 1083 2749 Psalmo,
1132 2672 1301 2737 Uxor
1356 2682 1464 2736 tua
1522 2672 1689 2737 sicut
1732 2673 1881 2738 vitis

74 2777 115 2819 ³·
383 2771 719 2833 abundans
782 2768 845 2832 in
905 2769 1212 2833 lateribus
1270 2772 1521 2835 domus·
1553 2779 1678 2835 tuae
1723 2789 1738 2835 z
1790 2772 1882 2835 sic

154 2587 293 2631 Dent.

1989 1981 2148 2058 filii,
2183 1978 2246 2043 id
2291 1988 2386 2043 est
2429 1988 2608 2043 actus
2651 2000 2872 2041 eorum
2903 1980 3108 2062 :quia
3147 1999 3224 2043 ex
3266 1978 3488 2042 habitu

1992 2080 2308 2159 prodeunt
2353 2078 2606 2143 vitioso·
2651 2081 3003 2142 Maledicta
3049 2088 3349 2141 creatura
3397 2100 3490 2139 eo·
3619 2092 3685 2149 13

1991 2196 2169 2246 rum,
2193 2177 2256 2238 id
2286 2184 2381 2239 est
2411 2178 2809 2242 conversatio
2839 2177 2920 2240 ab
2949 2177 3108 2260 ipsis
3135 2177 3484 2260 egrediens.

1992 2272 2218 2336 Creare
2261 2274 2458 2351 enim,
2505 2272 2872 2357 frequenter
2899 2274 3214 2357 accipitur
3248 2294 3364 2359 pro
3404 2274 3491 2337 fa-

1992 2391 2136 2436 cere
2168 2392 2280 2436 seu
2312 2372 2600 2437 formare.
2628 2376 2948 2444 Quoniam
2967 2376 3136 2452 selim
3161 2376 3403 2435 sterilis
3431 2385 3490 2436 et

1992 2473 2518 2552 incoinquinata,
2549 2493 2692 2553 quae
2721 2474 2990 2533 nescivit
3033 2482 3244 2534 torum
3284 2475 3354 2534 in
3384 2476 3492 2533 de-

1994 2572 2164 2633 licto.
2199 2570 2326 2634 Hoc
2365 2572 2443 2633 de
2484 2570 2840 2650 virginibus
2881 2569 3245 2653 specialiter
3285 2570 3488 2653 accipi

1995 2677 2220 2751 potest,
2241 2678 2303 2732 et
2331 2670 2410 2733 dc
2439 2668 2727 2752 qualibet
2754 2669 2968 2732 anima
2997 2676 3172 2732 casta
3200 2688 3344 2752 quae
3371 2688 3488 2732 nec

1993 2768 2060 2830 in
2091 2768 2406 2843 haeresim‚
2442 2787 2559 2832 nec
2591 2767 2657 2830 in
2691 2767 3139 2845 idololatriam,
3178 2787 3386 2849 neque
3420 2768 3487 2830 in

386 2869 799 2933 fecunditatis
828 2868 1103 2951 privatio
1133 2870 1521 2950 quandoque
1552 2889 1665 2952 pro
1692 2870 1882 2954 culpa
1990 2866 2280 2930 mortalis
2317 2867 2556 2949 peccati
2596 2867 3070 2951 corruptionem
3116 2874 3215 2931 est
3256 2866 3434 2949 lapsa
3465 2888 3480 2932 :

383 2966 809 3049 irrogabatur.
894 2962 903 2971 ’
1828 2990 1835 2997 ·
1991 2984 2133 3047 quae
2177 2965 2245 3027 in
2289 2964 2504 3029 futuro
2545 2976 2848 3048 sequetur
2886 2966 3134 3048 Agnum
3181 2984 3488 3048 quocum·
3515 2987 3778 3043 ameum

174 3072 245 3128 17
463 3070 550 3129 Et
590 3068 653 3128 si
700 3068 961 3147 quidem
1001 3071 1206 3144 lonyae
1247 3068 1396 3128 vitoe
1422 3076 1634 3137 erunt,
1665 3066 1729 3129 id
1758 3074 1875 3143 est,
1915 3065 1961 3130 C
1989 3082 2116 3147 que
2147 3063 2515 3146 perrexerit.
2539 3066 2624 3127 Et
2652 3068 2849 3143 spado
2879 3068 2997 3145 qui
3025 3086 3156 3127 non
3185 3075 3484 3144 operatus
3613 3077 3682 3133 14

381 3168 531 3230 dato
560 3166 735 3247 quod
768 3164 927 3227 tales
957 3164 1165 3246 iniqui
1191 3166 1303 3228 diu
1325 3165 1545 3230 vivant
1575 3164 1641 3227 in
1671 3184 1878 3243 carne,

380 3268 455 3326 in
484 3266 781 3326 nihilum
808 3266 1379 3341 computabuntur,
1402 3263 1468 3327 id
1496 3272 1613 3337 est,
1639 3263 1881 3328 nullius

381 3362 802 3427 virtuositatis
833 3369 943 3424 aut
974 3362 1275 3445 ponderis
1307 3370 1493 3425 erunt
1528 3381 1542 3425 ε
1578 3363 1729 3440 imo,
1753 3382 1883 3446 quo

378 3462 627 3524 diutius
668 3459 963 3535 vixerint,
996 3478 1073 3523 eo
1110 3459 1370 3524 viliores
1406 3460 1883 3543 deterioresque

376 3558 817 3643 apparebunt3
852 3569 911 3619 et
938 3560 1079 3620 sine
1106 3561 1343 3619 honore
1375 3561 1501 3620 erit
1529 3561 1880 3622 novissima

376 3668 663 3720 senectus
711 3658 1002 3718 illorum.
1037 3657 1250 3720 Honor
1295 3658 1537 3740 quippe
1578 3666 1675 3721 est
1711 3659 1883 3722 exhi-

378 3756 539 3821 bitio
586 3754 965 3820 reverentiae
1010 3754 1078 3817 in
1126 3754 1381 3838 signum
1424 3756 1884 3822 testimonium-

376 3874 501 3939 que
550 3853 809 3917 virtutis
846 3871 861 3916 ε
910 3852 1077 3930 ideo,
1112 3853 1279 3917 sicut
1331 3852 1636 3917 carebunt
1683 3855 1883 3920 virtu-

378 3961 461 4031 te,
498 3952 592 4016 sic
640 3959 704 4015 et
742 3952 987 4016 honore
1026 3952 1092 4014 in
1132 3953 1333 4017 senio.
1368 3952 1665 4027 Quamvis
1704 3955 1878 4018 enim

375 4060 673 4117 senectus
702 4070 779 4115 ex
810 4071 879 4116 se
901 4052 987 4114 sit
1011 4052 1230 4134 aliquo
1256 4053 1447 4116 modo
1470 4053 1874 4132 venerabiliS,

62 4172 345 4223 tamna.
372 4152 555 4233 juxta
595 4150 757 4213 illud
790 4150 1083 4227 Levitici,
1119 4150 1368 4213 Honora
1406 4169 1741 4233 personam
1784 4170 1881 4214 se-

1988 3172 2079 3223 est
2108 3164 2548 3243 iniquitatem.
2580 3162 2882 3237 Quocirca
2914 3163 3197 3246 loquitur
3223 3163 3478 3228 Glossa:

1991 3260 2200 3324 Potest
2231 3261 2298 3323 in
2330 3261 2531 3325 sterili
2563 3270 2625 3325 et
2655 3263 2935 3345 spadone
2975 3263 3130 3327 ordo
3161 3262 3482 3345 virginum

1991 3360 2313 3439 designari
2346 3378 2360 3423 :
2395 3362 2474 3424 de
2504 3379 2630 3442 quo
2662 3360 2866 3424 fertur
2895 3362 2963 3424 in
2991 3362 3146 3425 Isaia
3176 3380 3192 3424 :
3222 3362 3359 3425 Non
3391 3362 3485 3425 di-
3533 3383 3594 3427 ι..
3615 3386 3753 3435 ψῃ.

1993 3466 2097 3521 cat
2122 3458 2478 3537 eunuchus,
2511 3459 2670 3523 Ecce
2698 3478 2815 3540 ego
2844 3459 3086 3541 lignum
3119 3460 3390 3523 aridum.
3410 3462 3487 3524 Et

1992 3556 2185 3619 talem
2230 3554 2429 3619 fuisse
2473 3558 2840 3620 eunuchum
2880 3558 3182 3623 Joannem
3237 3568 3487 3643 aposto-

1992 3656 2151 3733 lum,
2187 3655 2634 3720 ecclesiasticae
2682 3657 2943 3721 tradunt
2989 3657 3272 3723 historiae
3314 3677 3328 3721 :
3372 3661 3484 3741 qui

1990 3774 2184 3818 ausus
2231 3762 2329 3818 est
2367 3753 2579 3817 dicere
2621 3754 2789 3837 quod
2831 3755 3061 3819 saecula
3095 3756 3479 3835 nescierunt,

1990 3855 2057 3918 In
2093 3852 2412 3938 principio
2444 3862 2579 3917 erat
2608 3853 2910 3918 Verbum.
2945 3854 3174 3919 Deficit
3210 3874 3359 3937 ergo
3391 3876 3486 3921 ca·
3510 3870 3773 3921 ‘oenand-

1989 3954 2238 4018 villatio
2291 3951 2674 4031 Judaeorum,
2725 3972 2868 4035 quae
2916 3954 3233 4018 semiviris
3280 3955 3486 4039 aperit

1988 4071 2256 4134 regnum
2303 4052 2633 4129 coelorum,
2677 4070 2878 4135 quum
2929 4052 3236 4135 pudicitia
3289 4055 3372 4118 sit
3417 4056 3483 4119 in

1987 4151 2312 4214 voluntate
2340 4151 2696 4229 animi,non
2728 4150 2796 4214 in
2822 4152 3107 4235 corporis
3135 4152 3478 4219 debilitate.

372 4250 515 4331 nis;
548 4257 763 4312 tamen
812 4257 1075 4332 propter
1117 4248 1275 4312 vitia
1314 4248 1720 4331 puerilitatis,
1765 4270 1876 4313 seu
1906 4254 1958 4318 D
1986 4250 2268 4309 Dabitur
2311 4253 2490 4312 enim
2537 4253 2649 4311 illi
2692 4254 2854 4329 fidei
2898 4255 3140 4314 donum
3187 4258 3476 4316 electum.

374 4347 814 4432 perversitatis
852 4346 912 4411 ei
952 4347 1275 4429 adjuncta,
1312 4346 1392 4409 fit
1420 4348 1871 4430 aspernabilis.

58 4470 241 4521 nm.
266 4474 342 4513 ιο.
370 4448 635 4531 Propter
670 4447 841 4529 quod
888 4446 1080 4510 Isaias
1111 4446 1201 4509 ait
1234 4464 1248 4509 :
1282 4446 1442 4509 Puer
1470 4454 1728 4510 centum
1766 4466 1877 4510 an-

372 4564 603 4610 norum
634 4546 963 4621 morietur,
983 4552 1045 4608 et
1078 4552 1372 4627 peccator
1395 4553 1652 4609 centum
1683 4564 1877 4610 anno·

159 4659 233 4715 18
368 4664 514 4708 rum
548 4643 931 4707 maledictus
960 4643 1102 4707 erit.
1135 4647 1224 4706 Et
1249 4646 1311 4703 si
1337 4645 1606 4705 celerius
1638 4647 1875 4724 defun-

364 4746 457 4805 cti
483 4744 767 4821 fuerint,
801 4763 933 4804 non
964 4744 1283 4803 habebunt
1320 4762 1495 4819 spem
1532 4741 1871 4806 formatam

364 4840 699 4906 felicitatis
730 4840 985 4917 futurae,
1013 4859 1131 4903 nec
1160 4840 1364 4922 ipsam
1396 4840 1531 4924 spei
1564 4859 1700 4903 rem
1729 4860 1873 4905 con-

362 4947 737 5023 sequentur,
762 4960 879 5001 nec
909 4941 983 4999 in
1010 4942 1121 5000 die
1149 4940 1507 5016 aqnitionis
1541 4943 1873 5001 allocutio-

362 5059 513 5100 nem
544 5058 569 5099 .·
600 5037 666 5100 id
697 5045 815 5115 est,
852 5036 919 5099 in
950 5036 1056 5099 die
1080 5036 1309 5118 judicii
1345 5035 1726 5100 universalis
1756 5057 1869 5101 seu

362 5134 789 5220 particularia
808 5136 1067 5218 quando
1098 5143 1329 5198 cuncta
1356 5153 1578 5198 eorum
1610 5144 1869 5218 peccata

364 5237 754 5319 pandentur,
789 5252 918 5297 non
966 5242 1272 5316 poterunt
1317 5253 1434 5316 pro
1484 5253 1553 5297 se
1604 5235 1867 5298 reddere

366 5332 706 5410 rationem,
741 5351 859 5397 nec
901 5331 1109 5396 Judici
1152 5332 1569 5415 respondere3
1600 5351 1721 5396 nec
1760 5352 1867 5416 ap-

1984 4347 2162 4410 Unde
2193 4347 2258 4409 in
2289 4347 2634 4428 Evangelio
2663 4349 2952 4413 Christus
2987 4369 3002 4413 :
3035 4350 3215 4431 Sunt,
3241 4353 3476 4436 inquit,
3509 4369 3773 4421 mama.

1986 4445 2265 4509 eunuchi
2298 4445 2412 4528 qui
2443 4465 2512 4509 se
2542 4446 2714 4530 ipsos
2750 4456 3189 4513 castraverunt
3218 4460 3480 4534 propter
3510 4437 3575 4483 ¹²·
3599 4438 3665 4478 ¹¹·

1983 4563 2252 4626 regnum
2284 4546 2626 4625 coelorum3
2654 4565 2781 4610 non
2813 4566 3033 4611 omnes
3063 4549 3325 4631 capiunt
3354 4570 3480 4614 ver·

1984 4642 2135 4706 bum
2167 4643 2307 4720 hoc,
2334 4645 2444 4707 sed
2474 4644 2712 4726 quibus
2741 4646 2962 4709 datum
2992 4655 3108 4711 est.
3144 4648 3300 4712 Hinc
3331 4649 3480 4730 legi-

1985 4749 2087 4803 tur
2126 4750 2192 4805 et
2237 4742 2304 4805 in
2331 4742 2492 4805 Isaia
2525 4760 2540 4805 z
2573 4743 2717 4808 Haec
2754 4744 2909 4809 dicit
2939 4745 3244 4810 Dominus
3285 4767 3479 4811 eunu-
3507 4768 3770 4822 1s.m,⁴,s.

1981 4841 2118 4906 chis
2166 4858 2181 4903 :
2228 4839 2345 4914 Qui
2404 4842 2828 4906 custodierint
2885 4844 3148 4908 sabbata
3202 4864 3364 4923 mea,
3415 4856 3480 4909 et

1980 4938 2288 5018 elegerint
2317 4959 2459 5021 quae
2488 4940 2680 5018 volui,
2707 4941 2870 5006 dabo
2900 4942 2992 5005 eis
3026 4942 3090 5005 in
3121 4944 3309 5008 domo
3337 4964 3481 5008 mea

1978 5037 2217 5115 locum,
2253 5047 2316 5101 et
2366 5057 2599 5103 nomen
2642 5039 2873 5103 melius
2917 5061 2954 5104 a
3003 5041 3164 5105 filiis
3202 5050 3266 5105 et
3313 5042 3480 5109 filia-

1979 5137 2121 5200 bus,
2173 5139 2343 5199 Filii
2387 5148 2606 5199 autem
2661 5142 3111 5202 adulterorum
3157 5141 3474 5224 spirituali
3605 5152 3672 5208 ¹6

1976 5235 2308 5313 adulterio,
2360 5245 2513 5317 puta
2560 5236 2860 5320 discipuli
2909 5237 3474 5304 haeresiarcharum

1975 5343 2037 5399 et
2065 5333 2352 5398 omnium
2393 5333 2766 5400 vitiosorum
2809 5336 3182 5416 imitatoreS,
3216 5340 3289 5401 in
3325 5360 3472 5403 con-
