4284 6267
311 1379 616 1431 mcmr'ro
695 1384 794 1435 Ac
859 1382 1296 1433 VENERABILI
1371 1385 1558 1450 VIRO,
1633 1387 1710 1435 M.
1793 1387 2065 1437 THOMAE
2137 1372 2625 1456 CROMWELL¹,
2707 1394 3181 1445 SERENISSIMO
3263 1398 3433 1447 REGI

451 1507 754 1557 ANGLIAE
817 1511 864 1557 A
929 1507 1464 1557 SECRETISSIMIS
1528 1509 1900 1576 CONSILIIS,
1961 1512 2464 1565 THEODORICUS
2526 1515 2709 1564 LOER
2765 1520 2809 1565 A
2876 1518 3193 1581 STRATIS,
3256 1522 3434 1572 CAR-

457 1632 704 1682 TUSIAE
768 1633 1235 1683 COLONIENSIS
1302 1633 1390 1682 ET
1443 1635 1832 1687 MONAGHUS
1903 1636 1992 1685 ΕΤ
2062 1638 2425 1705 VIGARIUS,
2496 1640 2558 1689 S.
2632 1641 2698 1688 P.
2768 1641 2838 1691 D.

545 2016 930 2081 UANTUM
977 2018 1210 2100 patriae
1252 2019 1385 2081 tuae
1433 2018 1668 2083 afferas
1713 2020 1964 2102 gloriae,
2002 2020 2106 2083 vir
2156 2022 2455 2085 omnium
2497 2023 2943 2105 ornatissime,
2983 2028 3309 2108 quantum
3344 2031 3440 2093 sis

589 2124 859 2205 Angliae
905 2125 1149 2202 decori,
1199 2124 1378 2189 haud
1429 2144 1668 2209 parum
1723 2126 1972 2191 celebre
2023 2128 2094 2191 in
2153 2129 2455 2193 omnium
2509 2147 2618 2193 ore
2667 2133 2991 2196 versatur.
3048 2133 3173 2198 Cui
3232 2138 3435 2216 enim,

582 2232 705 2312 qui
737 2232 840 2295 vel
880 2232 1142 2296 modico
1180 2220 1476 2314 tempore
1514 2234 1584 2296 in
1625 2234 1868 2317 Anglia
1903 2236 2004 2298 est
2043 2238 2362 2317 moratuS‚
2404 2254 2548 2301 esse
2587 2237 2859 2319 ignotus
2897 2242 3113 2321 potuit
3150 2242 3441 2308 Thomas

309 2336 664 2404 Cromwell
697 2339 732 2402 ⁴?
787 2339 1054 2421 quando
1111 2340 1198 2403 iis
1248 2357 1515 2422 quoque
1569 2342 1687 2423 qui
1737 2344 1920 2406 extra
1969 2342 2281 2424 Angliam
2330 2344 2536 2407 vitam
2587 2346 2815 2425 agunt,
2875 2348 3142 2412 tametsi
3202 2350 3439 2415 faciem

305 2448 484 2510 tuam
523 2464 880 2528 nunquam
910 2446 1220 2525 viderint,
1255 2448 1370 2511 tua
1407 2449 1622 2512 virtus
1659 2450 1906 2531 ubique
1944 2450 2008 2513 te
2039 2452 2502 2533 conspicuum,
2536 2452 2783 2534 ubique
2821 2454 3051 2518 fecerit
3085 2457 3442 2522 admirabi-

305 2553 452 2618 lem.
503 2554 777 2633 Fateor,
819 2572 1164 2637 nunquam
1209 2555 1582 2649 collocutus
1619 2574 1794 2635 sum,
1827 2574 2176 2639 nunquam
2218 2558 2360 2640 ipse
2396 2560 2461 2622 te
2508 2559 2647 2622 vidi
2684 2582 2697 2622 :
2732 2562 2793 2624 si
2832 2563 3051 2627 tamen
3089 2565 3336 2646 quibus
3374 2566 3437 2629 te

305 2661 616 2725 laudibus
653 2662 958 2743 quotidie
990 2663 1192 2726 audio
1231 2662 1601 2745 praedicari,
1641 2663 1974 2743 referrem,
2017 2681 2245 2729 vereor
2283 2682 2367 2729 ne
2406 2666 2558 2748 plus
2598 2670 2919 2732 assentari
2958 2688 3161 2751 quam
3206 2672 3439 2737 laudes

303 2786 604 2833 enarrare
650 2772 807 2833 tuas
850 2787 956 2833 me
993 2770 1432 2834 existimares.
1473 2771 1678 2834 Porro
1723 2772 1902 2852 quod
1950 2772 2087 2835 tuis
2128 2773 2425 2854 gratulor
2464 2774 2799 2855 laudibuS,
2842 2778 3020 2857 quod
3071 2778 3259 2844 faveo
3309 2781 3437 2845 ho-

307 2878 470 2954 nori,
509 2878 684 2942 adeo
716 2878 820 2941 est
848 2894 1008 2941 sane
1047 2877 1130 2940 ab
1167 2878 1354 2941 omni
1391 2878 1839 2943 assentatione
1877 2880 2198 2958 alienum,
2240 2880 2316 2942 ut
2359 2898 2632 2962 prorsus
2669 2900 2774 2945 me
2812 2885 2931 2947 aut
2961 2883 3432 2968 inhumanum,

306 2985 418 3047 aut
461 2985 848 3066 stupidum,
892 2986 1010 3047 aut
1053 2985 1227 3048 certe
1271 2984 1562 3048 belluam
1613 2987 1937 3067 putarem,
1985 2986 2116 3050 nisi
2160 2987 2375 3051 virtus
2426 2988 2532 3051 vel
2580 2990 2650 3050 in
2695 3008 3119 3073 quocumque
3164 2993 3437 3059 homine

305 3108 405 3155 me
445 3093 833 3170 delectaret,
869 3093 989 3155 aut
1025 3092 1081 3154 si
1128 3110 1262 3155 non
1302 3093 1663 3173 gratularer
1699 3094 1955 3157 virtuti.
1989 3095 2152 3157 Inde
2193 3096 2289 3172 fit,
2323 3097 2397 3157 ut
2439 3096 2624 3159 tanto
2662 3098 2963 3162 securius
3000 3101 3084 3163 ad
3120 3101 3184 3164 te
3226 3119 3436 3184 eoque

303 3199 577 3263 liberius
617 3199 866 3277 scribe,
908 3217 1042 3280 quo
1090 3201 1326 3281 praeter
1366 3200 1928 3282 magnificentiam
1976 3204 2164 3264 tuam
2210 3202 2443 3283 (quam
2482 3202 2793 3267 omnibus
2838 3203 3001 3269 adeo
3044 3207 3431 3289 humanam,

302 3306 458 3371 adeo
498 3308 784 3371 exhibes
823 3306 1278 3389 communem)
1319 3308 1383 3371 et
1419 3307 1710 3390 reliquas
1737 3308 1944 3371 animi
1984 3309 2084 3370 tui
2115 3308 2328 3387 doteS,
2362 3309 2430 3372 in
2475 3311 2538 3374 te
2575 3327 2889 3392 agnosco,
2927 3331 3201 3379 veneror
3236 3317 3435 3399 atque

303 3416 601 3497 suspicio
641 3414 838 3479 nihil.
878 3414 1014 3478 Nec
1054 3415 1130 3477 tu
1163 3431 1433 3496 quoque
1475 3432 1554 3478 ex
1608 3433 1714 3479 me
1756 3416 2097 3497 exspectas
2135 3417 2507 3498 quidquam
2546 3438 2560 3478 :
2603 3419 2851 3501 quippe
2887 3420 2998 3482 cui
3036 3424 3187 3503 post
3222 3423 3435 3488 virtu-

305 3524 462 3601 tem,
503 3540 646 3605 qua
683 3523 852 3586 satis
898 3522 1211 3586 nobiliter
1262 3522 1559 3604 satisque
1604 3522 1996 3587 excellenter
2044 3524 2370 3604 praeditus
2417 3542 2511 3604 eS,
2564 3526 2735 3589 nihil
2783 3527 2968 3591 deest
3008 3546 3237 3593 eorum
3282 3549 3432 3612 quae

306 3632 596 3694 mundus
639 3630 924 3693 miratur
957 3650 971 3691 :
1015 3631 1280 3693 tantum
1321 3630 1528 3709 abest,
1571 3631 1646 3693 ut
1687 3630 1757 3693 in
1805 3632 1867 3693 te
1906 3630 2011 3694 vel
2050 3631 2277 3713 gloriae
2317 3634 2674 3716 appetitus,
2711 3634 2815 3698 vel
2855 3635 2927 3698 in
2970 3654 3075 3700 me
3126 3638 3216 3701 sit
3265 3641 3433 3703 adu-

304 3738 480 3802 latio.
527 3737 762 3811 Quum
803 3738 1010 3819 igitur
1048 3738 1313 3802 abunde
1350 3738 1514 3801 satis
1554 3738 1822 3802 fortuna
1853 3737 1976 3800 tibi
2013 3739 2321 3817 arrideat,
2353 3742 2420 3803 et
2458 3742 2937 3823 propemodum
2988 3761 3068 3807 ex
3105 3748 3437 3811 sententia

303 3847 613 3910 eveniant
646 3846 899 3923 omnia,
932 3846 1180 3927 quippe
1211 3847 1331 3927 qui
1359 3845 1530 3908 nihil
1561 3846 1691 3908 nisi
1729 3846 2088 3926 integrum,
2122 3846 2295 3909 nihil
2333 3847 2467 3910 nisi
2501 3849 2810 3912 sanctum
2843 3850 3200 3931 desideraS,
3240 3870 3430 3918 acce-

303 3954 408 4017 dat
443 3954 657 4016 etiam
699 3951 884 4015 favor
914 3970 1106 4016 meus
1136 3969 1406 4017 necesse
1435 3954 1556 4031 est,
1587 3970 1719 4035 quo
1752 3952 2113 4034 splendori,
2133 3954 2199 4016 et
2227 3955 2360 4016 tuae
2390 3955 2619 4036 (idque
2647 3957 3107 4039 potissimum)
3145 3961 3434 4041 gratuler

303 4060 556 4124 virtuti.
603 4060 800 4123 Hanc
836 4077 877 4123 a
915 4077 1022 4122 me
1064 4060 1411 4141 praedicari
1450 4060 1987 4123 commendarive
2025 4060 2439 4141 superfluum
2488 4063 2685 4141 duco,
2727 4049 3268 4145 quandoquidem
3318 4086 3431 4132 ea-

303 4170 490 4231 tenus
529 4168 946 4247 jamdudum
995 4168 1428 4249 semetipsam
1481 4167 1891 4249 praedicavit,
1939 4167 2273 4248 quatenus
2318 4168 2613 4232 diffudit.
2668 4170 2856 4234 Adde
2890 4169 3057 4251 jam,
3109 4175 3289 4254 quod
3333 4178 3434 4239 est

301 4275 504 4339 nihilo
548 4276 786 4338 minus
827 4274 1174 4337 modestiae
1215 4277 1372 4354 tuae,
1414 4276 1491 4337 ut
1536 4274 1707 4337 nihil
1749 4274 1972 4337 minus
2016 4276 2290 4356 appetas
2326 4293 2527 4357 quam
2569 4278 2845 4355 laudari,
2879 4281 3210 4359 quamviS,
3252 4284 3431 4363 quod

301 4383 455 4463 dixi,
487 4382 549 4445 si
591 4383 906 4445 omnium
949 4398 1064 4444 ora
1105 4383 1422 4459 tacerent,
1463 4382 1629 4445 satis
1676 4381 2069 4462 abundeque
2109 4399 2182 4446 se
2226 4383 2442 4463 ipsam
2486 4384 2785 4449 laudaret
2830 4386 3066 4450 virtus.
3110 4378 3431 4453 Videmus

302 4493 637 4571 praeterea,
689 4489 915 4552 nescio
959 4505 1092 4570 quo
1133 4490 1350 4570 pacto,
1391 4489 1712 4551 virtutem
1754 4488 2020 4569 quando
2059 4489 2511 4569 absconditur,
2546 4492 2687 4555 fieri
2732 4492 3097 4573 clariorem,
3143 4498 3428 4576 quanto-

302 4616 422 4676 que
455 4614 608 4661 esse
635 4596 805 4659 velit
839 4597 1176 4672 secretior,
1213 4596 1398 4659 tanto
1431 4613 1584 4658 mox
1622 4596 1934 4659 omnibus
1973 4596 2498 4661 manifestiorem
2537 4599 2701 4662 fieri.
2736 4600 2919 4663 Solet
2954 4600 3167 4665 nihilo
3207 4604 3431 4666 minus

203 4690 440 4783 {laus
477 4705 630 4787 ipsa
673 4703 1041 4784 fugientem
1081 4703 1298 4784 sequi,
1341 4719 1473 4766 non
1512 4701 1703 4765 aliter
1743 4720 1948 4783 quam
1995 4702 2169 4783 fugit
2208 4703 2633 4767 ambitiosum
2672 4726 2685 4765 :
2730 4706 2894 4771 adeo
2938 4710 3012 4770 ut
3050 4726 3184 4789 quo
3228 4710 3426 4787 noliS,

227 4800 444 4891 &plus
485 4810 876 4891 assequaris
921 4808 1174 4890 gloriae.
1207 4809 1568 4890 Nunquam
1615 4809 1794 4872 enim
1833 4808 1992 4889 fuga
2039 4827 2157 4873 seu
2194 4810 2423 4892 gloriae
2467 4814 2887 4895 contemptus
2928 4814 3177 4896 absque
3220 4816 3431 4896 gloria

195 4853 417 4980 N*est
459 4918 699 4992 Quum
739 4917 988 4997 itaque,
1023 4916 1218 4995 Juxta
1255 4916 1620 4980 Salvatoris
1660 4917 2144 4996 testimonium,
2180 4934 2313 4981 non
2353 4921 2575 4999 posset
2613 4919 2848 4983 civitas
2886 4938 3090 5004 supra
3134 4924 3427 4987 montem

405 5166 418 5201 ⁸
463 5166 595 5229 iste,
641 5167 708 5219 ιιι
747 5168 984 5227 norunt,
1027 5164 1442 5221 insestissimus
1489 5165 1760 5221 Ecclesiae
1801 5168 2133 5237 persecutor
2171 5165 2367 5229 evasit,
2408 5170 2463 5221 et
2504 5168 2563 5220 B.
2606 5168 2887 5223 Joannem
2940 5167 3245 5240 Houghton
3288 5184 3421 5225 cum

311 5244 474 5299 sociis
500 5246 636 5316 ejus
676 5243 965 5315 supplicio
1003 5244 1208 5301 affecit.
1244 5247 1389 5316 Lege
1422 5246 1646 5302 Hister.
1681 5246 1920 5317 ale‘quot
1955 5252 2209 5315 martyr.
2243 5246 2517 5315 Anylor„
2549 5251 2782 5303 auctore
2821 5247 3086 5303 Maur-itio
3127 5250 3420 5324 Chauncy.

311 5324 640 5397 Moguntiae,
679 5324 834 5378 1550.
871 5324 1208 5390 Mousti-olii,
1245 5326 1400 5379 1888.
