4284 6267
828 501 908 564 94
1484 513 1837 562 sumnum
1879 511 1945 558 m
1988 511 2129 558 car.
2175 511 2284 558 xtv
2323 509 2808 558 rnovsumonmt.
2857 529 2938 542 --
2973 511 3116 558 mr.
3162 511 3268 557 xlv

828 689 1213 752 cundantur.
1256 689 1476 750 Amici
1520 706 1666 748 vero
1709 685 2021 752 divitum,
2066 683 2261 744 multi
2299 681 2404 743 :A
2434 690 2583 745 sunt
2604 681 2907 746 moderati
2931 701 3006 746 ac
3022 681 3312 764 parci3et
3344 681 3457 763 qui
3482 681 3693 744 minus
3719 681 3922 745 scien-

828 786 937 868 qui
970 786 1365 869 applaudunt
1396 784 1726 857 divitibus,
1752 801 1914 864 quos
1944 779 2323 844 beatificant
2431 779 2598 844 tirici
2633 790 2800 857 sunt,
2835 781 3039 862 magis
3083 781 3290 844 solent
3329 799 3398 843 se
3435 779 3648 844 verbis
3684 781 3922 860 jactare

828 886 1038 959 corde,
1072 893 1135 948 et
1176 884 1257 946 ab
1295 883 1387 946 eis
1428 881 1829 946 commodum
1869 881 1969 944 vel
2014 879 2322 943 honorem
2431 899 2504 942 ac
2552 879 2953 944 sermonibus
2999 879 3345 942 abundare.
3399 879 3466 942 In
3512 877 3920 960 multiloquio
3961 896 4106 938 Pron
4131 899 4252 942 ως.

628 989 694 1043 21
827 982 1134 1064 consequi
1180 988 1459 1064 sperant.
1505 1016 1582 1025 —
1624 981 1751 1048 Qui
1791 979 2061 1056 despicit
2098 979 2326 1056 proxi-
2432 996 2690 1059 quoque
2719 998 2846 1044 non
2877 980 3054 1041 deest
3080 986 3443 1061 peccatum3
3471 987 3528 1041 et
3559 977 3674 1060 qui
3703 976 3924 1041 multis
3953 995 4254 1041 sectans.

826 1103 1008 1143 mum
1047 1103 1269 1152 suum,
1294 1090 1537 1160 peccat.
1581 1077 1934 1142 Praesertim
1979 1077 2032 1138 si
2078 1075 2326 1158 spernit
2433 1076 2633 1138 utitur
2665 1076 2898 1154 verbis,
2925 1076 3096 1141 laedit
3125 1077 3403 1139 animam
3434 1095 3636 1140 suam.
3659 1076 3802 1140 Ideo
3832 1076 3924 1138 ait

826 1178 1009 1241 illum
1051 1179 1352 1261 quoniam
1400 1195 1641 1260 pauper
1682 1182 1799 1251 est,
1849 1182 1959 1236 aut
2006 1173 2074 1235 in
2125 1191 2324 1254 quan·
2432 1174 2785 1238 Bernardus
2821 1192 2835 1238 :
2871 1173 2979 1238 Vae
3009 1174 3216 1249 nobiS‚
3251 1175 3363 1256 qui
3403 1175 3695 1257 spiritum
3731 1173 3924 1237 habe-

826 1287 959 1340 tum
992 1278 1205 1342 homo.
1242 1277 1305 1340 Si
1336 1285 1545 1339 autem
1580 1273 1823 1358 spernit
1852 1292 1998 1335 eum
2029 1271 2097 1333 in
2127 1289 2324 1352 quan·
2432 1292 2575 1335 mus
2606 1272 2669 1335 in
2703 1273 2985 1350 naribuS‚
3022 1273 3134 1354 qui
3164 1273 3338 1355 pleni
3370 1273 3675 1335 rimarum
3703 1271 3924 1335 efflui-

826 1385 961 1439 tum
1008 1376 1267 1458 iniquus
1308 1383 1424 1451 est,
1459 1383 1521 1436 et
1560 1382 1771 1435 tamen
1812 1387 2149 1454 personam
2181 1370 2322 1450 ejus
2433 1390 2575 1434 mus
2605 1372 2910 1453 undique.
2927 1372 3004 1434 Et
3033 1371 3268 1435 Seneca
3299 1373 3921 1452 testaturtbocutum

826 1473 1247 1557 spiritualiter
1302 1481 1494 1548 amat,
1543 1490 1670 1534 non
1731 1478 1971 1553 peccat.
2023 1467 2180 1530 Hinc
2228 1467 2322 1530 lo·
2434 1489 2536 1534 me
2557 1471 2902 1553 aliquando
2932 1471 3542 1554 poenituit,tacuisse
3565 1491 3916 1553 nunquam.

542 1599 795 1648 1·.1.vm‚⁷.
826 1574 1047 1656 quitur
1082 1573 1273 1635 Isaias
1307 1589 1321 1634 :
1367 1571 1568 1646 Quum
1607 1569 1845 1632 videris
1885 1568 2142 1644 nudum,
2177 1584 2326 1649 ope·
2534 1572 2776 1632 Corona
2804 1573 3222 1648 sapientium,
3253 1573 3508 1632 divitica
3533 1591 3754 1632 eorum
3790 1592 3814 1630 .·
3856 1570 3919 1632 id
4067 1578 4152 1634 24

826 1673 880 1735 ri
928 1692 1097 1749 eum,
1142 1679 1205 1735 et
1260 1689 1517 1734 carnem
1567 1677 1740 1731 tuam
1789 1686 1870 1730 ne
1919 1665 2317 1748 despexeris.
2431 1676 2546 1743 est,
2600 1669 2952 1751 spiritualis
3005 1669 3333 1752 opulentia
3391 1688 3503 1732 seu
3549 1668 3732 1751 copia
3787 1687 3922 1732 me-

536 1786 793 1837 Malacha.
825 1771 1031 1834 Etiam
1063 1769 1397 1833 Malachias
1436 1767 1745 1851 propheta
1783 1766 1872 1829 ait
1907 1781 1921 1826 ε
1965 1765 2185 1827 Nonne
2214 1761 2323 1825 Pa-
2432 1765 2698 1830 ritorum
2739 1768 3071 1831 hominum
3113 1768 3565 1844 virtuosorum,
3595 1776 3691 1831 est
3729 1787 3920 1831 causa

534 1855 595 1898 ¹⁰·
824 1879 919 1933 ter
958 1889 1122 1932 unus
1168 1867 1455 1933 omnium
1502 1873 1789 1929 nostrum
1818 1867 1841 1926 2
1894 1882 2106 1926 nonne
2156 1862 2321 1924 Deus
2357 1861 2404 1922 B
2431 1874 2494 1928 et
2518 1866 2680 1930 ratio
2705 1877 2956 1932 aeternae
2987 1866 3308 1930 felicitatis
3338 1867 3644 1950 ipsorum.
3679 1866 3918 1930 Simili-

824 1988 990 2031 unus
1050 1967 1289 2031 creavit
1344 1983 1461 2028 nos
1493 1968 1517 2026 ‘t
1578 1963 1779 2038 Quare
1836 1981 1986 2043 ergo
2049 1959 2322 2043 despicit
2433 1973 2525 2027 ter
2554 1965 2794 2030 divitiae
2830 1985 2972 2048 quae
3010 1966 3292 2030 virtuose
3325 1967 3791 2046 expenduntur,
3824 1966 3919 2030 eis

823 2066 1269 2148 unusquisque
1328 2063 1583 2126 fratrem
1646 2081 1857 2138 suum,
1904 2059 2155 2124 violans
2211 2078 2320 2141 pa·
2429 2063 2782 2146 proficiunt
2805 2066 2883 2128 ad
2914 2065 3206 2128 salutem.
3237 2068 3915 2137 Fatuicasstultorum,

823 2174 996 2228 ctum
1040 2173 1289 2245 patrum
1330 2164 1731 2226 nostrorum?
1773 2162 1899 2230 Qui
1939 2169 2157 2220 autem
2201 2160 2322 2220 mi·
2431 2165 2878 2241 imprudentia
2925 2185 2947 2225 .·
3007 2165 3158 2246 quia
3217 2183 3344 2228 non
3401 2163 3684 2243 dirigunt
3737 2173 3918 2226 actus

821 2274 1068 2325 seretur
1096 2263 1435 2341 pauperis,
1464 2262 1681 2321 beatus
1716 2260 1889 2320 erit:
1917 2259 2096 2339 juxta
2134 2256 2316 2331 illud,
2429 2281 2576 2324 suos
2626 2271 2795 2326 recte
2835 2265 2914 2326 ad
2964 2264 3262 2326 ultimum
3309 2271 3374 2327 et
3418 2261 3792 2327 beatificum
3837 2263 3919 2324 fi-

528 2383 792 2435 uanma.
828 2362 992 2425 Beati
1040 2360 1503 2434 misericordeS,
1550 2357 1852 2439 quoniam
1903 2355 2027 2438 ipsi
2075 2354 2323 2417 miseri·
2430 2379 2612 2442 nem3
2647 2363 2868 2444 sicque
2902 2372 3118 2426 carent
3147 2382 3297 2426 vera
3336 2363 3696 2445 prudentia,
3731 2363 3916 2444 cujus

821 2460 1095 2525 cordiam
1143 2466 1634 2539 consequentur.
1685 2491 1767 2502 —-
1817 2459 1945 2525 Qui
1988 2457 2197 2516 cred-it
2245 2457 2318 2514 in
2431 2469 2524 2520 est
2568 2461 2772 2522 media
2802 2462 2880 2523 ad
2924 2460 3123 2524 finem
3171 2461 3588 2542 congruentia
3617 2469 3762 2544 apte
3788 2461 3918 2523 dis-

530 2574 789 2622 calceas.
822 2562 1124 2628 Domino,
1158 2556 1288 2619 l'ide
1331 2574 1474 2637 quae
1512 2573 1626 2637 per
1654 2554 2058 2618 dilectionem
2099 2571 2322 2634 opera·
2431 2562 3060 2637 ponere—Liberat
3086 2563 3344 2622 animas
3367 2562 3538 2620 testis
3555 2559 3918 2636 fidelis.Ta·
4067 2567 4148 2620 25

820 2667 943 2734 tur,
964 2658 1475 2720 misericordiam
1497 2656 1723 2732 diliqit
1743 2675 1766 2713 .·
1787 2654 1941 2734 quia
1965 2653 2210 2736 appetit
2242 2652 2318 2714 si·
2428 2656 2508 2719 lis
2540 2657 2709 2720 enim
2743 2659 2808 2720 in
2843 2657 2982 2721 foro
3014 2658 3238 2738 judicii
3273 2659 3440 2722 eruit
3480 2658 3850 2722 innocentes
3878 2677 3917 2720 a

820 2757 885 2820 bi
924 2777 961 2820 a
1000 2759 1125 2820 Deo
1163 2754 1663 2818 misericordiam
1698 2750 1865 2828 sieri,
1900 2760 1961 2815 et
2003 2751 2312 2834 proximis
2425 2758 2828 2834 morte‚sicut
2862 2757 2923 2820 S.
2944 2757 3238 2820 Nicolaus
3267 2767 3395 2820 tres
3421 2759 3690 2838 juvenes
3723 2757 3914 2820 morti

819 2857 953 2919 suis
1002 2855 1365 2918 misericors
1408 2861 1524 2916 est.
1559 2851 1711 2914 Nam
1754 2851 1865 2913 tali
1916 2849 2071 2913 fidei
2113 2851 2316 2932 pietas
2425 2854 2844 2936 adjudicatOS,
2894 2856 3126 2919 deiude
3180 2865 3310 2919 tres
3360 2856 3684 2940 principes
3735 2858 3920 2920 inno-

821 2964 916 3020 cst
962 2956 1328 3036 conjuncta.
2425 2963 2639 3016 centes
2672 2954 2858 3018 morti
2890 2955 3214 3036 addictos3
3248 2954 3464 3018 Daniel
3494 2974 3750 3037 quoque
3777 2975 3920 3038 pro·
3995 2975 4125 3019 οωι.
4154 2991 4238 3028 m,

622 3057 694 3111 22
900 3056 1177 3124 Errant,
1206 3055 1323 3134 qui
1349 3060 1701 3130 operantur
1730 3054 2020 3112 malum:
2043 3049 2195 3132 quia
2225 3068 2318 3111 ra·
2352 3047 2396 3110 C
2428 3054 2639 3135 pheta,
2674 3052 3048 3116 Susannam.
3071 3053 3334 3117 Maxime
3363 3063 3596 3132 autem,
3623 3056 3734 3136 qui
3765 3063 3920 3118 tem·
3949 3041 4112 3082 ⁴⁵⁴²·

822 3153 1016 3217 tionis
1051 3151 1365 3234 judicium
1412 3151 1478 3213 in
1519 3150 1612 3213 eis
1650 3158 1746 3213 est
1788 3149 2221 3225 obscuratum,
2255 3157 2318 3212 et
2427 3170 2580 3234 pore
2627 3152 3090 3233 persecutionis
3131 3141 3582 3234 testimonium
3621 3153 3918 3236 perhibet

823 3274 861 3316 a
890 3251 1267 3316 rectitudine
1294 3249 1609 3332 aequitatis
1648 3250 1973 3312 divertunt
2004 3267 2094 3324 se,
2125 3256 2317 3329 atque
2428 3249 2586 3314 fidei
2613 3251 3000 3327 christianae,
3027 3250 3260 3315 multos
3291 3253 3458 3316 eruit
3485 3272 3522 3314 a
3553 3262 3753 3317 morte
3785 3272 3921 3335 per-

820 3351 903 3414 ab
931 3351 1159 3414 ultimo
1186 3349 1443 3412 deviant
1476 3347 1629 3410 fine.
1652 3349 2107 3410 Misericordia
2134 3357 2196 3407 et
2229 3367 2320 3406 ve-
2429 3348 2601 3413 ridiae
2643 3369 2715 3412 ac
2761 3350 3091 3430 gebennen,
3133 3359 3203 3412 ut
3252 3349 3455 3432 patuit
3499 3352 3578 3414 de
3623 3350 3684 3413 S.
3731 3351 3924 3414 Seba-

822 3453 986 3512 ricas
1004 3458 1386 3528 praeparant
1415 3450 1596 3518 bona,
1633 3447 1696 3509 id
1727 3455 1846 3522 est,
1872 3446 1950 3508 ad
1982 3463 2175 3508 omne
2207 3445 2316 3508 bo-
2427 3449 2634 3512 stiano
2662 3457 2725 3511 et
2753 3448 3332 3511 innumerabilibus
3361 3449 3532 3512 aliis,
3561 3452 3649 3512 Ec
3669 3451 3922 3528 profert

561 3573 791 3626 naboan,
823 3568 976 3611 num
1008 3557 1227 3631 aptum
1261 3546 1503 3610 faciunt
1533 3545 2111 3610 hominem..lustus
2142 3542 2314 3606 enim
2427 3549 2786 3618 mendacia,
2823 3545 2952 3609 imo
2994 3553 3056 3608 et
3095 3544 3254 3608 falsa
3299 3547 3687 3626 testimonia,
3723 3550 3922 3608 versi-

527 3637 733 3742 ssif‘m·
764 3650 793 3686 ¹⁹
826 3647 986 3713 vivit
1033 3666 1110 3709 ex
1160 3644 1315 3708 fidei
1367 3643 1663 3722 veritate3
1698 3651 1761 3705 et
1806 3643 1919 3723 qui
1964 3641 2320 3704 misericor·
2420 3647 2639 3724 pellis,
2669 3644 2731 3707 id
2771 3653 2866 3707 est
2902 3645 3188 3717 dolosus,
3225 3645 3338 3727 qui
3375 3655 3472 3708 est
3511 3646 3694 3727 quasi
3729 3646 3921 3729 pellis

824 3747 993 3810 diam
1026 3743 1281 3808 exhibet
1311 3742 1623 3825 proximo,
1653 3741 2158 3804 misericordiam
2189 3756 2318 3801 sor·
2426 3762 2668 3818 eversa,
2729 3743 3032 3825 quoniam
3097 3743 3272 3806 aliud
3331 3743 3523 3806 habet
3579 3744 3645 3808 in
3704 3747 3917 3822 corde,

546 3863 794 3915 Lucam,
825 3846 979 3908 titur
1020 3864 1057 3905 a
1100 3844 1245 3916 Deo,
1278 3841 1391 3922 qui
1432 3840 1522 3902 ait
1566 3839 1631 3901 in
1678 3838 2020 3918 Evangelio
2055 3856 2069 3900 ε
2103 3838 2318 3900 Estote
2428 3842 2732 3922 aliudque
2759 3841 2825 3903 in
2856 3860 2998 3918 ore;
3031 3849 3094 3905 et
3121 3841 3300 3923 juxta
3331 3841 3602 3906 aliorum
3635 3843 3922 3907 favorem

532 3929 599 3969 ³⁸·
824 3941 1288 4016 misericordeS‚
1307 3939 1469 4001 sicut
1499 3946 1563 3999 et
1590 3937 1769 3999 Pater
1798 3946 2007 4000 vester
2038 3936 2316 4000 coelestis
2427 3959 2500 4001 ac
2529 3940 2861 4002 commoda
2889 3958 3023 4013 sua,
3055 3948 3120 4001 et
3152 3938 3335 4021 juxta
3362 3940 3732 4022 passionum
3775 3961 3922 4004 sua-

824 4040 1186 4104 misericors
1234 4045 1350 4101 est.
1394 4036 1743 4099 Mensuram
1794 4035 2027 4098 bonam
2070 4045 2133 4098 et
2175 4053 2321 4099 con-
2427 4057 2570 4100 rum
2627 4037 3132 4111 alternationem,
3179 4038 3386 4100 variat
3431 4039 3754 4122 propriam
3817 4061 3922 4105 vo-

828 4139 1055 4203 fertam
1098 4147 1159 4202 et
1200 4135 1573 4215 coagitatam
1614 4143 1677 4196 et
1720 4132 2314 4215 supereffluentem,
2428 4136 2834 4200 cem.Contra
2861 4155 3024 4218 quos
3053 4136 3336 4215 loquitur
3364 4136 3923 4204 Senecazperhibe

827 4239 1071 4303 dabunt
1113 4237 1179 4298 in
1220 4236 1428 4298 sinum
1476 4243 1779 4298 vestrum.
1814 4233 2023 4296 Potest
2065 4251 2320 4314 quoque
2349 4235 2401 4298 D
2429 4235 2866 4298 testimonium
2898 4234 3172 4309 veritati,
3207 4253 3335 4296 non
3363 4235 3680 4300 amicitiae.

830 4356 943 4420 per
970 4336 1300 4399 veritatem
1325 4332 1571 4414 justitia
1599 4331 2100 4412 designari‚quae
2130 4331 2321 4394 debet
2509 4338 2591 4395 In
2633 4337 2855 4395 timore
2887 4335 3156 4395 Domini
3191 4333 3484 4396 consistit
3510 4338 3758 4412 fiducia
3785 4339 3922 4415 for·
4062 4351 4142 4406 26

631 4445 702 4499 23
828 4433 1328 4499 misericordiam
1362 4440 1736 4513 temperare.
1761 4465 1841 4476 --
1864 4431 1943 4490 In
1972 4433 2154 4490 omni
2179 4450 2320 4509 ope-
2431 4435 2762 4504 tz‘tudinis,
2779 4433 2842 4495 id
2871 4439 2966 4494 est
2998 4429 3184 4494 sirma
3217 4439 3281 4495 et
3309 4430 3494 4494 sortis
3525 4432 3925 4501 confidentia

830 4555 897 4596 re
924 4537 1081 4595 bono
1122 4533 1245 4592 erit
1275 4532 1712 4599 abundantia,
1744 4528 1808 4591 id
1846 4534 1944 4591 est
1981 4528 2316 4610 praemium
2429 4531 2662 4594 mentis
2695 4531 2760 4593 in
2791 4531 2936 4594 Deo.
2968 4529 3084 4604 Qui
3116 4531 3286 4593 enim
3321 4530 3444 4593 sibi
3485 4534 3780 4597 conscius
3821 4547 3924 4599 est

826 4632 1178 4715 copiosum,
1210 4627 1549 4692 affluentia
1587 4627 1829 4708 gratian,
1862 4634 1925 4690 et
1962 4627 2316 4707 spiritualis
2427 4650 2496 4694 se
2535 4649 2746 4694 coram
2790 4629 2917 4692 Deo
2958 4627 3253 4692 timorate
3295 4629 3554 4707 vixisse,
3593 4638 3658 4696 et
3707 4633 3922 4716 ipsum

822 4730 1169 4816 profectuS,
1188 4728 1533 4792 dummodo
1563 4725 1752 4789 homo
1784 4733 1915 4789 toto
1944 4744 2058 4789 suo
2086 4735 2316 4790 conatu
2428 4729 2716 4792 filialiter
2747 4727 3057 4800 timuisse,
3085 4726 3202 4790 rite
3229 4727 3502 4792 confidit
3529 4729 3592 4791 in
3633 4749 3731 4808 e0,
3756 4732 3924 4814 ejus-

823 4832 1015 4895 faciat
1045 4829 1200 4892 illud
1226 4835 1325 4890 :et
1351 4845 1465 4909 per
1495 4825 1735 4888 bonum
1768 4842 1929 4906 opus
1963 4823 2318 4907 intelligen-
2425 4848 2551 4911 que
2580 4826 2816 4890 auxilio
2855 4835 3068 4908 sperat
3104 4845 3235 4888 suae
3271 4826 3494 4890 salutis
3533 4829 3918 4895 adversariis

820 4932 973 4994 dum
1002 4937 1097 4992 est
1128 4927 1231 4989 hic
1266 4925 1474 4989 omnis
1512 4923 1676 4987 actio
1714 4923 2017 5001 virtuosa,
2052 4924 2317 4989 interior
2427 4927 2790 5010 praevalere.
2827 4923 2994 4987 Talis
3032 4923 3203 4987 enim
3245 4925 3436 4989 timor
3475 4925 3630 4995 facit
3659 4940 3918 5011 peccata

823 5030 959 5092 sive
987 5025 1282 5089 exterior.
1325 5026 1442 5086 Ubi
1468 5033 1686 5084 autem
1716 5025 1905 5082 verba
1933 5033 2085 5084 sunt
2108 5027 2317 5100 pluri-
2426 5025 2674 5088 sincera
2703 5023 3058 5086 intentione
3087 5023 3308 5101 vitare,
3341 5032 3405 5086 et
3431 5023 3664 5088 bonam
3695 5029 3920 5110 utique

828 5149 957 5195 ma,
989 5126 1052 5187 id
1098 5132 1193 5188 est
1238 5121 1587 5204 superflua,
1640 5123 1734 5180 ibi
1776 5122 2145 5201 frequenter
2189 5143 2319 5201 eye·
2426 5121 2880 5186 conscientiam
2911 5121 3097 5203 parit.
3130 5121 3274 5185 Ideo
3310 5123 3648 5186 timoratus
3672 5125 3788 5189 Iob
3818 5127 3917 5191 di-

822 5235 975 5293 stas,
1008 5223 1072 5286 id
1110 5229 1205 5286 est
1234 5219 1520 5284 derectus
1554 5216 1883 5301 sapientiae
1920 5238 1992 5281 ac
2034 5219 2312 5285 virtutis,
2427 5222 2518 5284 xit
2551 5239 2566 5284 ε
2600 5220 2802 5283 Etiam
2835 5218 2890 5282 si
2919 5219 3223 5283 occiderit
3257 5239 3381 5297 me,
3415 5220 3482 5283 iu
3522 5221 3666 5304 ipso
3695 5243 3914 5306 spera-
3947 5248 4041 5294 10⁶
4057 5257 4236 5304 mas.

827 5322 1154 5406 Sapientes
1202 5336 1478 5401 namque
1522 5325 1587 5381 et
1633 5317 1925 5396 virtuosi,
1976 5317 2043 5381 in
2089 5319 2304 5384 verbis
2425 5319 2530 5384 bo.
2561 5319 2640 5382 Et
2675 5319 2926 5396 TobiaS,
2965 5318 3078 5401 qui
3117 5317 3200 5381 ab
3238 5317 3510 5382 infantia
3549 5339 3665 5383 sua
3701 5320 3920 5388 timuit
3969 5349 4236 5406 romans.
