4284 6267
113 896 268 940 Eccle.
289 910 312 939 n

71 960 251 1013 pan-im.

1057 512 1417 563 tuamne
1463 512 1526 559 IN
1567 511 1708 560 GAP.
1753 510 1840 559 xn
1883 510 2323 559 BcumsusrAE.
2368 533 2449 545 --
2488 512 2630 561 Aur.
2678 512 2764 561 111

3342 494 3461 559 287

357 702 460 749 cos
497 702 672 761 suos»,
708 703 782 748 ac
819 684 979 750 alios
1017 686 1096 749 ad
1139 684 1352 769 ipsum
1389 702 1507 768 pro
1547 683 1855 749 informa·
1887 682 1938 745 A
1968 682 2267 766 princeps
2296 689 2647 768 pastorum,
2682 692 2745 747 et
2774 648 2983 749 dixit:
3014 684 3186 747 Unus
3216 691 3313 747 est
3340 700 3462 747 ma·
3542 700 3705 747 uasa.

359 782 526 845 tione
577 784 972 857 accedentcS,
1015 783 1181 847 sicut
1231 785 1515 865 reginam
1569 782 1764 862 Saba3
1797 792 1858 843 et

319 928 328 947 .
355 884 696 943 enarravit
715 904 859 963 quae
888 884 1170 961 fecerat:
1190 891 1260 946 ut
1287 883 1495 966 patuit
1533 902 1725 965 supra
1764 900 1860 943 se-

355 981 565 1045 cundo
607 981 916 1062 capitulo.
961 986 1045 1044 Et
1084 984 1482 1060 investz‘qans
1524 981 1855 1045 veritatem

75 1094 314 1146 manu.
354 1079 432 1142 de
483 1079 784 1160 singulis,
827 1088 1016 1163 prout
1065 1099 1259 1163 supra
1301 1078 1426 1143 fuit
1471 1080 1854 1161 expositum,

77 1351 140 1393 ³-.

173 1482 246 1539 10

354 1181 710 1255 composuit
739 1180 1087 1257 parabolas
1116 1182 1376 1247 multas,
1411 1176 1709 1241 videlicet
1740 1177 1859 1239 tria

101 1284 328 1377 ἱΙΙΒη-π,
357 1274 582 1353 millia,
603 1283 676 1338 ut
706 1276 942 1357 legitur
973 1278 1162 1341 tertio
1191 1275 1618 1357 Regum.Quae
1649 1286 1858 1339 tamen

1968 780 2165 861 gister
2212 791 2441 860 vester,
2493 782 2802 846 Christus.

2052 884 2175 943 His
2221 884 2524 959 amplius,
2572 884 2680 961 fili
2724 883 2842 954 mi,
2886 903 2968 943 ne
3021 884 3343 960 requiras,
3399 880 3458 943 id

1971 988 2066 1042 cst
2099 979 2187 1040 nil
2225 981 2395 1062 quod
2427 999 2553 1044 non
2590 980 2990 1045 contineatur
3020 980 3237 1062 aliquo
3271 979 3462 1043 modo

1971 1077 2036 1139 in
2079 1078 2446 1162 ScripturiS.
2480 1081 2797 1141 Faciendi
2825 1083 3051 1159 plures
3096 1080 3289 1140 libros
3316 1082 3465 1139 nul-

1973 1181 2074 1237 lus
2109 1186 2201 1237 est
2236 1180 2392 1256 finis
2423 1199 2446 1239 .·
2478 1176 2630 1259 quia
2672 1197 2748 1240 ex
2790 1197 2919 1240 una
2954 1176 3463 1241 consideratione

1971 1274 2175 1337 oritur
2202 1276 2344 1353 alia,
2364 1284 2427 1340 et
2453 1276 2689 1358 jugiter
2720 1294 2901 1339 novae
2928 1276 3464 1341 considerationes

357 1393 484 1438 non
527 1384 680 1437 sunt
721 1394 946 1439 omnes
983 1374 1341 1459 descriptas,
1377 1383 1448 1438 ut
1483 1374 1724 1438 dictum
1765 1381 1863 1437 est
1965 1383 2335 1437 occurrunt.
2370 1376 2446 1437 Et
2475 1375 2589 1469 qui
2626 1394 2873 1439 cessare
2912 1374 3241 1458 proposuit
3270 1382 3463 1455 atque

358 1472 422 1536 in
460 1474 864 1557 expositione
901 1474 1050 1537 libri
1079 1474 1588 1539 proverbiorum.
1623 1475 1861 1545 Quaesi-

359 1576 450 1635 vit
483 1576 673 1635 rerba
708 1576 909 1635 utilia
935 1575 1012 1637 ad
1045 1573 1338 1651 salutem,
1371 1584 1432 1635 et
1459 1575 1858 1651 conscripsit,

359 1691 470 1753 per
499 1691 568 1735 se
598 1672 700 1736 vel
743 1691 860 1756 per
893 1672 1076 1750 εἰὶσε,
1110 1693 1425 1733 sermones
1454 1674 1858 1743 rectissimos,

358 1771 420 1833 id
445 1779 543 1833 est
569 1771 652 1835 ab
676 1771 852 1835 omni
881 1771 1160 1834 falsitate
1181 1780 1244 1834 et
1266 1771 1578 1853 injustitia
1599 1771 1856 1841 alienos,

1970 1472 2300 1554 quiescere
2337 1493 2463 1538 uno
2491 1493 2897 1556 quocumque
2927 1473 3092 1537 libro
3121 1472 3459 1555 complet0‚

1971 1580 2312 1653 antequam
2358 1572 2539 1635 illum
2584 1572 3022 1655 compleverit,
3054 1592 3130 1636 ex
3177 1571 3465 1641 conside-

1973 1670 2325 1733 rationibus
2374 1671 2628 1735 interim
2678 1671 2800 1734 sibi
2846 1671 3329 1735 occurrentibus
3371 1670 3466 1733 in-

1971 1768 2205 1831 citatur
2227 1769 2303 1831 ad
2329 1769 2487 1833 alios
2510 1771 3469 1853 componendos.Frequensque

355 1892 430 1931 ac
471 1872 748 1931 veritate
777 1874 1004 1950 plenos
1038 1892 1062 1931 .·
1103 1879 1416 1952 quantum
1466 1871 1544 1933 ad
1595 1889 1672 1933 ea
1717 1888 1861 1952 quae
1898 1870 1944 1932 B
1975 1870 2332 1937 meditatio,
2358 1868 2421 1930 id
2451 1876 2547 1932 est
2576 1868 2853 1949 diligens
2880 1869 3328 1945 consideratio,
3367 1886 3467 1930 as-

355 1962 652 2032 dixit‘ex
713 1968 960 2033 ratione
1015 1976 1080 2032 et
1135 1968 1424 2033 absoluta
1484 1968 1882 2045 assertione,'

359 2087 484 2132 non
534 2076 749 2130 autem
801 2076 1114 2149 quantum
1162 2067 1243 2130 ad
1299 2086 1373 2130 ca
1422 2086 1566 2149 quae
1622 2067 1688 2129 in
1738 2067 1862 2130 isto

361 2166 630 2250 protulit
669 2166 834 2230 libro
875 2166 943 2228 in
987 2183 1262 2248 persona
1303 2165 1656 2229 carnalium
1689 2186 1703 2231 τ
1747 2184 1865 2227 un-

119 2280 332 2333 Sedent,
359 2265 436 2327 de
481 2272 583 2329 est
631 2263 815 2341 illud,
867 2263 1035 2325 Nihil
1092 2262 1288 2326 habet
1341 2263 1532 2327 homo
1586 2262 1863 2346 amplius

89 2346 150 2385 ¹9.

179 2472 238 2527 Η

357 2362 676 2443 jumento,
717 2370 840 2425 etc.

455 2464 658 2524 Verba
684 2462 1105 2539 sapientium,
1141 2460 1252 2542 qui
1283 2458 1478 2523 libros
1507 2477 1700 2522 sacrae
1730 2458 1864 2521 edi·

359 2560 596 2623 derunt
625 2558 992 2641 Scripturae,
1027 2568 1088 2622 et
1125 2558 1396 2622 aliorum
1428 2558 1739 2623 veraciter
1768 2577 1863 2621 sa-

359 2660 704 2741 pientium,
769 2666 922 2720 sunt
974 2660 1141 2719 sieut
1185 2658 1444 2719 stimuli
1489 2679 1512 2718 .·
1558 2656 1859 2738 quoniam

359 2766 658 2843 pungunt
685 2766 751 2821 ct
778 2756 1056 2821 excitant
1086 2756 1320 2833 tardos,
1357 2755 1750 2837 negligentes
1786 2773 1860 2818 ac

359 2857 829 2935 somnolentos3
859 2866 922 2917 et
948 2857 1140 2934 quasi
1175 2857 1350 2916 clavi
1387 2857 1456 2915 in
1498 2860 1709 2917 altum
1754 2858 1862 2917 de-

357 2955 600 3034 fiaei,·id
629 2962 748 3030 est,
783 2953 977 3017 firma
1005 2961 1071 3015 et
1100 2952 1515 3015 immobiliter
1541 2972 1716 3030 vera,
1741 2952 1861 3016 sic-

1973 1965 2155 2030 sidue
2198 1968 2554 2031 necessaria
2595 1968 2672 2030 ad
2719 1967 2915 2031 libros
2964 1968 3461 2051 componendoS‚

1972 2067 2192 2127 carnis
2236 2069 2499 2143 afflictio
2550 2075 2663 2138 est,
2707 2065 2770 2130 id
2822 2075 2939 2143 est,
2990 2084 3223 2149 corpus
3273 2063 3468 2128 mole—

1975 2170 2119 2239 stat,
2181 2173 2371 2247 caput
2428 2164 2745 2240 debilitat,
2806 2173 2868 2229 et
2925 2164 3261 2227 interiores
3318 2182 3467 2227 exa-

1973 2261 2132 2341 gitat
2176 2282 2423 2341 sensus,
2475 2263 2586 2346 qui
2636 2264 2869 2329 rationi
2920 2263 3353 2339 subserviunt,
3404 2271 3467 2326 et

1975 2360 2429 2426 similitudines
2484 2370 2675 2445 atque
2732 2363 3178 2445 phantasmata
3238 2380 3469 2443 reprae-

1975 2467 2227 2522 sentant
2257 2478 2272 2523 ε
2308 2462 2529 2543 sicque
2555 2463 2656 2540 (ut
2692 2461 3163 2525 commentator
3202 2459 3469 2540 fatetur)

1972 2576 2123 2621 vere
2177 2556 2555 2640 fortiterque
2613 2558 2926 2623 laborant.
2980 2559 3148 2622 Talis
3206 2576 3467 2641 quoque

1974 2657 2302 2721 meditatio
2338 2652 2438 2721 est
2473 2677 2641 2741 saepe
2689 2658 3003 2722 laboriosa
3043 2657 3321 2740 spiritui,
3358 2658 3461 2721 cui

1973 2754 2251 2819 difficile
2300 2764 2394 2819 est
2453 2756 2742 2837 quaedam
2795 2755 3101 2819 difficilia
3150 2756 3467 2837 intellige-

1971 2874 2060 2933 re,
2093 2856 2173 2919 de
2203 2853 2439 2937 quibus
2469 2854 2608 2917 vult
2644 2854 2945 2918 scribere.
2982 2854 3101 2918 Sed
3131 2862 3195 2917 et
3231 2872 3463 2937 corpus
3493 2880 3674 2937 sapax.
3696 2884 3756 2925 ιε.

1968 2953 2387 3036 corruptibile
2442 2962 2741 3034 aggravat
2789 2954 3093 3031 animam,
3144 2961 3207 3015 et
3265 2961 3463 3016 terre-

361 3062 430 3118 ut
465 3054 633 3117 clavi
675 3050 996 3135 profunde
1038 3050 1279 3116 incussi
1317 3061 1580 3116 manent
1620 3051 1858 3115 firmis-
1893 3051 1938 3115 C
1969 3072 2051 3116 na
2079 3051 2388 3116 habitatio
2426 3051 2728 3134 deprimit
2760 3069 3019 3115 sensum
3052 3050 3255 3114 multa
3294 3051 3463 3132 cogi-

359 3154 524 3215 sime
555 3170 674 3215 suo
708 3150 776 3213 in
809 3151 972 3227 loco,
1007 3150 1111 3214 vel
1151 3158 1278 3213 tam
1317 3150 1678 3213 sublimiter
1719 3151 1854 3229 fixi,

360 3253 534 3334 quod
575 3257 901 3331 nequeunt
940 3247 1167 3329 attingi
1197 3258 1307 3311 aut
1329 3249 1612 3312 extrahi.
1644 3250 1856 3314 Altum

361 3359 600 3426 autem,
652 3366 770 3431 pro
816 3345 1140 3431 profundo
1197 3347 1569 3429 frequenter
1625 3349 1860 3432 accipi-

89 3471 332 3525 ρωςωρ,
366 3458 468 3513 tur
503 3465 519 3510 ε
553 3447 722 3510 sicut
758 3447 826 3509 in
856 3445 1128 3520 Psalmo,
1154 3445 1314 3508 Veni
1351 3445 1418 3508 in
1454 3446 1859 3511 altitudinem

111 3570 258 3619 Iouna.
277 3588 315 3617 w

321 3547 592 3628 ‚maris;
624 3554 818 3627 atque
858 3544 926 3607 in
961 3544 1223 3618 Joanne,
1265 3543 1495 3607 Puteus
1531 3545 1697 3608 altus
1737 3554 1855 3610 est.

365 3644 526 3711 Sunt
579 3644 773 3708 etiam
836 3640 1021 3724 quasi
1079 3641 1266 3719 clavi,
1328 3642 1481 3723 quia
1538 3650 1724 3706 acuta
1780 3645 1858 3708 ad

363 3743 852 3826 increpandum,
882 3738 1282 3822 penetrativa
1329 3740 1408 3802 ad
1455 3739 1863 3805 inflamman-

362 3843 532 3917 dum,
551 3840 849 3905 efficacia
877 3838 954 3901 ad
985 3837 1477 3901 interimendum
1508 3858 1698 3904 omne
1727 3860 1865 3923 pec-

361 3949 600 4005 catum.
645 3938 826 4001 Unde
873 3936 941 3999 in
986 3936 1260 4000 Jeremia
1304 3937 1609 4001 Dominus
1659 3938 1862 4021 loqui-

118 4056 333 4109 ser.mu.
363 4049 516 4103 tur:
561 4039 784 4102 Nonne
825 4035 1021 4101 verba
1060 4054 1204 4099 mea
1249 4044 1400 4098 sunt
1438 4036 1625 4119 quasi
1666 4036 1856 4119 ignis,

363 4147 428 4203 et
470 4136 659 4219 quasi
709 4134 977 4198 malleus
1024 4143 1360 4197 conterens
1418 4138 1699 4217 petram?
1749 4136 1862 4199 Per

1969 3160 2231 3215 tantem.
2536 3194 2547 3205 -

2049 3255 2281 3315 Finem
2330 3253 2633 3331 loquendi
2675 3252 2925 3328 pariter
2969 3270 3183 3311 omnes
3225 3251 3461 3310 audia-

1971 3372 2138 3421 mus,
2168 3350 2233 3412 id
2278 3358 2375 3413 est
2425 3368 2740 3411 summam
2788 3348 3076 3412 omnium
3121 3348 3465 3430 Scriptura-

1971 3467 2134 3524 rum,
2186 3447 2809 3529 saluberrimumque
2867 3446 3343 3530 compendium,
3395 3446 3463 3508 in

1969 3547 2153 3628 cujus
2185 3545 2639 3629 adimpletione
2679 3553 2810 3609 tota
2848 3546 3080 3627 pendet
3114 3544 3458 3627 Scriptura.

1971 3649 2177 3707 Deum
2210 3648 2359 3706 time
2389 3642 2573 3706 filiali
2606 3642 2855 3720 timore,
2872 3654 2933 3705 et
2962 3646 3273 3706 mandata
3303 3646 3460 3723 ejus.

1971 3751 2097 3807 tam
2159 3742 2471 3824 negativa,
2522 3740 2755 3823 quibus
2804 3741 2959 3806 vitia
3010 3742 3454 3824 prohibentur,

1971 3860 2164 3924 quam
2202 3839 2619 3917 affirmativa,
2656 3840 2891 3921 quibus
2931 3839 3239 3903 virtutum
3278 3849 3459 3905 actus

1973 3937 2455 4022 praecipiuntur,
2488 3947 2549 4001 et
2579 3938 2929 4021 praesertim
2967 3947 3281 4021 praecepta
3307 3939 3462 4003 cari-

1976 4038 2118 4100 tatis
2148 4038 2259 4101 Dei
2291 4057 2363 4100 ac
2391 4035 2850 4120 proximorum,
2872 4039 3153 4109 observa,
3178 4056 3462 4120 perseve-

1971 4138 2169 4200 rando
2200 4154 2403 4217 usque
2433 4135 2499 4197 in
2532 4133 2753 4197 finem.
2775 4138 2911 4197 Hoc
2937 4145 3028 4196 est
3050 4138 3224 4199 enim
3250 4139 3460 4201 omnis

111 4247 330 4302 axum.
359 4236 588 4300 lsaiam
636 4251 896 4316 quoque
942 4232 1230 4296 Christus
1278 4240 1541 4296 testatur
1585 4251 1600 4297 ε
1646 4233 1862 4298 Posuit
1893 4235 1943 4297 D
1971 4238 2154 4297 homo
2176 4257 2199 4295 .·
2223 4234 2286 4297 id
2315 4241 2432 4312 est,
2460 4233 2538 4296 ad
2572 4233 2690 4296 hoc
2718 4232 2959 4297 conditi
2992 4243 3140 4297 sunt
3168 4234 3459 4300 homines

358 4354 464 4401 me
512 4331 701 4417 quasi
749 4330 1041 4411 sagittam
1091 4330 1380 4407 electam,
1425 4340 1489 4393 et
1535 4333 1747 4414 posuit
1789 4352 1860 4397 os

359 4452 578 4499 meum
609 4430 797 4513 quasi
831 4429 1118 4509 gladium
1157 4438 1436 4491 acutum.
1477 4432 1629 4498 Quoe
1666 4431 1859 4495 verba

359 4530 778 4616 sapientium,
826 4548 948 4605 per
997 4530 1459 4605 mayistrorum
1514 4532 1859 4593 consilium

354 4636 520 4695 data
562 4638 720 4690 sunt
764 4648 805 4689 a
849 4636 1104 4705 pastore
1151 4646 1281 4687 uno
1311 4626 1428 4688 :id
1477 4635 1596 4705 est,
1647 4647 1684 4689 a
1731 4628 1859 4693 Deo

358 4730 695 4814 provisore
741 4725 1212 4800 universorum,
1261 4733 1324 4788 et
1371 4724 1662 4789 fidelium
1719 4746 1862 4791 suo-

357 4846 502 4891 rum
535 4842 788 4889 summo
817 4830 1092 4906 pastore,
1115 4823 1260 4885 data
1291 4832 1438 4885 sunt
1468 4842 1580 4907 per
1608 4823 1858 4908 Moysen

357 4935 426 4991 et
468 4923 838 5006 Prophetas,
872 4921 985 5004 qui
1026 4920 1488 4984 consuluerunt
1529 4931 1590 4985 et
1633 4924 1865 4987 docue-

359 5032 514 5089 runt
543 5023 680 5085 haec
719 5020 1070 5085 observari.
1103 5018 1292 5093 Quasi
1331 5019 1500 5083 dicat
1535 5037 1550 5083 :
1583 5022 1718 5085 Non
1750 5042 1864 5105 per

359 5142 468 5186 me
496 5121 703 5185 solum
733 5126 841 5183 aut
868 5118 1311 5201 principaliter
1333 5120 1478 5181 data
1502 5128 1672 5182 sunt.
1692 5120 1867 5183 Dein-

361 5223 447 5285 de
495 5220 564 5283 in
608 5236 774 5283 novo
815 5218 1218 5282 Testamento
1261 5236 1375 5300 per
1421 5217 1755 5301 Apostolos
1803 5228 1868 5284 et

362 5317 876 5401 Evangelistas.a
903 5314 1157 5381 Christo
1181 5317 1414 5381 donata
1445 5324 1608 5395 sunt,
1628 5317 1740 5399 qui
1770 5328 1868 5382 est

1972 4332 2276 4410 universi,
2312 4341 2374 4395 et
2416 4331 2479 4393 in
2527 4331 2647 4394 hoc
2687 4331 2980 4395 consistit
3022 4351 3243 4397 eorum
3287 4334 3459 4397 salus

1970 4441 2161 4514 atque
2202 4428 2515 4514 perfectio
2562 4429 2857 4507 maxima,
2902 4430 2968 4493 in
3013 4431 3203 4513 plena
3244 4432 3459 4496 obser-

1971 4530 2226 4594 vatione
2263 4528 2561 4612 praecepti
2597 4527 2880 4592 caritatis
2916 4528 3171 4593 divinae.
3215 4534 3458 4593 Cuncta

1970 4650 2114 4710 quoe
2139 4634 2329 4708 fiunt,
2358 4630 2633 4689 adducet
2669 4629 2840 4688 Deus
2877 4628 2951 4687 in
2964 4628 3310 4703 judicium
3336 4648 3361 4692 .·
3393 4628 3457 4693 id

1972 4736 2088 4803 est,
2122 4723 2411 4789 omnium
2446 4724 2777 4787 hominum
2819 4733 2993 4787 actus
3034 4723 3367 4790 interiores
3395 4734 3461 4790 et

1971 4824 2314 4891 exteriores
2368 4822 2679 4905 judicabit
2732 4820 3170 4905 omnipotenti,
3224 4824 3354 4888 imo
3395 4832 3461 4890 et

1973 4924 2287 4989 bonorum
2342 4928 2598 4985 actuum
2648 4920 3065 5001 omissiones;
3109 4941 3230 5000 pro
3281 4926 3463 4985 omni

1971 5031 2207 5093 errato,
2242 5021 2307 5084 id
2336 5029 2453 5096 est,
2486 5020 2563 5081 ad
2595 5019 2989 5102 puniendum
3022 5020 3337 5102 quidquid
3368 5041 3462 5086 er·

1975 5138 2167 5185 ronee
2196 5126 2259 5183 et
2284 5118 2503 5199 inique
2532 5127 2624 5181 est
2653 5118 3087 5193 commissum,
3111 5128 3174 5181 et
3204 5137 3461 5183 omnem

1975 5235 2253 5282 errorem
2289 5214 2441 5278 fidei
2474 5225 2707 5279 sanctae
2736 5216 3147 5280 contrarium.
3182 5219 3337 5280 Sive
3364 5220 3465 5280 bo-

1975 5338 2166 5389 num,
2192 5320 2326 5377 sive
2362 5319 2610 5379 malum
2644 5316 2753 5378 sit.
2786 5314 2913 5379 Hoc
2952 5315 3225 5379 refertur
3262 5316 3343 5381 ad
3388 5318 3466 5384 il·
3556 5332 3571 5341 ·

3491 778 3603 815 mn,
3624 768 3663 817 8,
3683 766 3748 807 ¹⁰.

3594 882 3661 937 12

3592 3250 3659 3307 13

3587 4537 3655 4593 ss
