4284 6267
134 704 189 759 {3

918 526 1273 575 manno
1316 526 1379 573 IN
1421 526 1561 575 GAP.
1605 524 1758 571 1111
1800 523 2285 571 Pnovlfflmonun.
2334 541 2415 552 —
2455 524 2597 573 ΛΒΤ.
2642 524 2839 573 xxxm

3305 508 3426 573 205

396 698 721 765 Quaesivit
750 700 972 759 lanam
1003 708 1065 759 et
1092 701 1329 771 linum,
1361 709 1422 760 et
1442 708 1705 777 operata
1732 705 1824 757 est
1852 695 1905 757 A
1933 697 2326 761 excellentiae
2357 697 2738 761 excellenter
2768 695 3032 760 omnino
3061 704 3311 760 onusta.
3347 698 3425 760 Et

307 795 589 854 oonsilio
617 816 934 857 manuum
954 818 1249 859 suarum.
1267 797 1361 859 Ad
1392 797 1669 860 litteram
1703 795 1825 858 cle-

308 892 723 955 mentissima
749 902 943 975 atque
969 894 1336 958 humillima
1358 895 1573 976 Virgo,
1604 914 1824 977 quam-

310 989 415 1050 vis
446 1009 527 1052 ex
557 990 716 1053 satis
745 990 1058 1055 divitibus
1090 992 1464 1075 parentibus
1494 1002 1653 1070 orta,
1672 1011 1824 1074 pau-

314 1096 635 1169 pertatem
685 1097 897 1153 tamen
938 1090 1153 1172 elegit,
1179 1100 1243 1155 et
1282 1112 1397 1155 sua
1434 1091 1824 1175 pauperibus

314 1188 631 1266 erogavit.
664 1188 821 1251 Nam
851 1197 917 1251 et
948 1190 1015 1251 in
1046 1209 1161 1253 sua
1193 1190 1670 1273 purificatione,
1694 1208 1823 1253 non

68 1306 287 1355 mnu.
318 1286 499 1367 quod
546 1286 803 1366 diviteS,
846 1289 957 1351 sed
1005 1290 1175 1370 quod
1228 1310 1540 1373 pauperes
1584 1287 1827 1354 offerre

316 1384 641 1463 solebant,
692 1385 925 1467 legitur
962 1387 1295 1451 obtulisse.
1330 1388 1569 1470 Nempe
1610 1396 1674 1450 et
1716 1406 1827 1449 au-

68 1504 225 1609 Ιῐυιωι
246 1519 289 1555 ιι,
319 1501 465 1544 rum
498 1483 691 1564 paulo
730 1492 880 1547 ante
906 1504 943 1546 a
972 1484 1161 1565 Magis
1204 1485 1510 1562 oblatum,
1546 1486 1827 1549 creditur

320 1580 557 1643 iterum
597 1582 853 1646 dedisse
888 1584 1130 1663 egenis.
1166 1583 1399 1666 Sicque
1434 1584 1823 1648 credendum

320 1679 601 1759 videtur,
625 1680 799 1763 quod
828 1683 1199 1764 operatione
1228 1702 1533 1747 manuum
1567 1702 1825 1745 suarum

320 1778 873 1859 dignissimarum,
928 1790 993 1844 et
1042 1780 1259 1845 forsan
1316 1800 1509 1864 opere
1558 1782 1718 1846 lanae
1763 1788 1827 1844 et

1929 795 2095 859 sicut
2133 796 2314 861 navis
2352 795 2558 860 defert
2603 804 2900 860 contenta
2939 796 3005 857 in
3051 815 3120 859 se
3165 796 3244 860 ad
3284 796 3424 859 loca

1933 904 2180 969 remota,
2198 896 2286 959 sic
2312 895 2712 960 divinissima
2730 895 2916 975 Virgo
2947 895 3422 958 exuberantiam

1931 1014 2190 1058 suorum
2235 994 2686 1057 charismatum
2731 995 3015 1076 undique
3049 994 3426 1075 longissime

1931 1100 2121 1175 atque
2154 1092 2460 1157 latissime
2488 1092 2778 1171 diffudit,
2797 1091 3120 1175 dispersit,
3143 1111 3428 1157 commu-

1934 1192 2192 1269 nicavit,
2219 1190 2308 1254 ita
2335 1192 2504 1273 quod
2536 1192 2615 1255 de
2645 1190 3046 1274 plenitudine
3077 1192 3217 1273 ejus
3248 1209 3428 1255 aece-

1935 1291 2147 1374 pimus
2195 1310 2437 1355 omnes,
2470 1295 2564 1353 De
2598 1302 2776 1354 nocte
2800 1294 3111 1353 surremit.
3144 1291 3278 1355 Non
3312 1292 3426 1353 du-

1934 1390 2112 1452 bium
2163 1389 2320 1472 quin
2369 1390 2860 1472 sapientissima,
2894 1389 3308 1467 sobriissima,
3350 1408 3425 1452 ac

1935 1487 2405 1552 ferventissima
2459 1489 2672 1569 Virgo,
2734 1488 3170 1552 modicissimo
3228 1487 3421 1551 fuerit

1932 1605 2158 1650 somno
2215 1595 2534 1649 contenta.
2585 1586 2816 1668 Sicque
2867 1586 3040 1651 horis
3093 1586 3422 1651 nocturnis

1933 1684 2208 1748 ubertim
2239 1686 2483 1750 vaeavit
2514 1686 2710 1749 sacris
2739 1686 2995 1766 vigiliiS,
3011 1685 3422 1750 devotissime

1933 1785 2272 1862 exorando,
2308 1784 2808 1867 profundissime
2836 1785 3225 1863 meditando,
3253 1783 3428 1848 altis-

326 1875 464 1953 lini,
519 1880 885 1942 necessaria
931 1882 1345 1962 conquisivit.
1394 1880 1499 1943 Ait
1549 1898 1827 1963 namque
1863 1881 1909 1942 B
1936 1883 2096 1946 sime
2124 1883 2636 1965 contemplandO,
2654 1884 2980 1965 Deumque
3000 1902 3146 1947 cum
3177 1903 3427 1947 summa

324 1975 751 2059 Hieronymus
788 1996 802 2041 ε
836 1979 1200 2042 Iudicaturo
1229 1979 1518 2054 Domino,
1558 1980 1827 2060 lugubre

326 2077 605 2139 mundus
655 2076 1012 2159 immugiet,
1064 2086 1129 2140 et
1179 2078 1383 2141 tribus
1441 2079 1522 2141 ad
1583 2077 1825 2140 tribum

326 2183 587 2256 pectora
627 2173 859 2255 feriet;
905 2175 1332 2257 potentissimi
1371 2176 1697 2259 quondam
1740 2194 1827 2238 re-

323 2291 431 2354 ges
463 2274 638 2337 nudo
671 2273 868 2337 latere
897 2274 1319 2358 palpitabunt,
1334 2277 1588 2357 quando
1612 2275 1829 2341 veniet

324 2371 523 2435 Filius
563 2372 743 2436 illius
782 2373 1189 2455 paupercula)
1218 2374 1829 2455 quaestuariae,judi-

326 2479 585 2534 caturus
616 2471 788 2535 fines
818 2479 1024 2535 terrae.
1041 2471 1258 2553 ltaque
1284 2472 1477 2553 Virgo
1506 2471 1825 2536 sanctissi-

328 2589 427 2631 ma
456 2568 711 2633 labores
748 2588 1009 2632 suarum
1038 2590 1346 2633 manuum
1389 2570 1821 2646 manducavit,

327 2668 559 2731 Filium
590 2669 992 2746 sustentavit,
1008 2677 1072 2732 et
1100 2688 1176 2733 ex
1205 2669 1307 2731 his
1330 2669 1828 2734 communicavit

326 2766 741 2850 pauperibus,
782 2768 1019 2830 Tamen
1069 2766 1134 2830 in
1184 2768 1555 2850 provisione
1603 2769 1826 2851 hujus-

327 2866 521 2945 modi,
552 2866 1019 2949 cooperabatur
1046 2874 1112 2929 et
1138 2865 1393 2950 loseph,
1421 2866 1603 2931 faber
1632 2867 1826 2949 ligna-

328 2965 480 3027 rius,
523 2966 603 3027 Et
655 2964 953 3047 quamvis
1000 2964 1068 3027 in
1114 2966 1629 3048 contemplativae
1675 2968 1825 3030 vitae

1934 1982 2257 2045 alacritate
2305 1982 2643 2045 laudando.
2677 1982 2746 2045 ln
2797 1991 2981 2046 nocte
3032 1996 3311 2066 quoque,
3361 1983 3425 2047 id

1932 2089 2029 2143 est
2077 2080 2144 2142 in
2190 2080 2463 2162 caligine
2510 2080 2726 2144 saeculi
2775 2081 2988 2163 hujuS,
3048 2082 3114 2144 in
3163 2082 3424 2163 regione

1932 2179 2176 2242 umbrae
2232 2178 2477 2256 mortis,
2532 2179 2610 2242 ad
2671 2180 2880 2243 lucem
2939 2179 3138 2243 fontis
3196 2179 3420 2245 aeterni

1934 2278 2228 2355 surrexit,
2251 2280 2330 2341 ad
2371 2296 2627 2342 omnem
2670 2298 2738 2343 se
2784 2277 3245 2361 perfectionem
3291 2298 3426 2343 ere—

1932 2376 2043 2452 xit,
2079 2377 2156 2440 ad
2203 2378 2663 2459 deplorandum
2704 2386 2961 2459 peecata
3007 2379 3232 2441 mundi
3285 2397 3427 2461 per·

1935 2475 2115 2539 rexit.
2155 2478 2475 2555 Deditque
2515 2481 2810 2554 proedam
2857 2479 3222 2539 domesticis
3261 2480 3421 2540 suis.
3467 2512 3475 2523 ·

1933 2574 2072 2655 lpsa
2121 2593 2398 2657 namque
2444 2575 2827 2639 electissima
2870 2576 3004 2655 Dei,
3049 2576 3183 2656 suis
3231 2576 3423 2641 meri-

1932 2672 2037 2750 tis,
2089 2672 2506 2752 orationibus,
2549 2681 2614 2737 et
2667 2675 2998 2757 exempliS,
3053 2683 3162 2738 aut
3215 2674 3410 2738 etiam

1932 2772 2370 2850 hortamentiS,
2405 2771 2640 2835 multos
2691 2773 2995 2836 abstraxit
3042 2772 3322 2851 diabolo,
3357 2780 3422 2836 et

1929 2870 2245 2934 convertit
2284 2888 2298 2932 :
2331 2871 2410 2934 de
2453 2890 2720 2953 quorum
2757 2871 3226 2936 lucrificatione
3275 2890 3425 2935 suos

1931 2969 2156 3033 refecit
2205 2968 2575 3047 familiares,
2609 2989 2683 3034 ac
2730 2970 2890 3035 alios
2937 2971 3198 3034 multoS.
3225 2974 3305 3034 E't
3339 2972 3426 3031 ci-

327 3063 646 3127 exercitiis
688 3062 884 3127 fuerit
922 3061 1412 3144 perfectissima,
1449 3083 1575 3128 non
1608 3074 1820 3129 tamen
1857 3070 1903 3134 C
1928 3070 2115 3129 baria
2155 3068 2514 3151 spiritualia
2552 3069 2729 3133 dedit
2767 3072 3030 3131 ancillis
3066 3071 3231 3140 suis,
3263 3087 3422 3152 prae·

326 3162 663 3225 abhorruit
705 3160 917 3224 taliter
959 3160 1262 3244 occupari
1303 3162 1371 3225 in
1410 3163 1543 3228 vita
1590 3164 1820 3228 activa.

328 3260 453 3324 lino
504 3261 575 3323 in
634 3268 906 3342 utraque
955 3259 1087 3324 vita
1132 3262 1292 3324 adeo
1351 3259 1475 3325 fuit
1516 3261 1821 3344 perfecta,

328 3360 494 3441 quod
522 3360 897 3423 exercitatio
926 3358 1133 3422 suain
1163 3379 1308 3438 una,
1327 3379 1455 3424 non
1486 3360 1827 3444 impedivit

327 3458 849 3522 exercitationem
889 3476 1071 3520 suam
1112 3458 1178 3520 in
1216 3458 1361 3522 alia.
1398 3494 1479 3505 —
1523 3460 1827 3543 Spiritua-

330 3554 469 3621 lit'er
503 3576 682 3633 vero,
718 3556 1017 3639 quaesivit
1054 3556 1264 3620 lanam
1305 3566 1368 3622 et
1404 3558 1631 3636 linum,
1665 3578 1825 3642 quo·

330 3657 521 3733 niam,
549 3656 853 3739 quamvis
891 3665 1060 3719 esset
1099 3655 1427 3738 dignitatis
1466 3659 1819 3737 altissimae,

330 3763 551 3837 utputa
585 3773 741 3819 vera
776 3754 1060 3818 Genitrix
1098 3756 1231 3820 veri
1274 3756 1406 3834 Dei,
1452 3775 1824 3840 comparen-

330 3854 601 3937 talisque
631 3854 761 3917 Deo
798 3853 989 3931 Patri,
1022 3862 1083 3917 et
1122 3854 1295 3917 omni
1339 3874 1495 3937 pura
1524 3863 1821 3919 creatura

329 3950 731 4033 praestantior
773 3952 981 4029 valde,
1016 3952 1529 4032 ingeniosissima
1565 3972 1823 4037 quoque

330 4058 388 4113 et
432 4052 745 4133 prudenS,
791 4070 865 4114 ac
910 4049 1299 4132 artificiosa3
1354 4051 1559 4116 nihilo
1609 4053 1821 4116 minus

330 4150 401 4211 ad
426 4168 690 4213 omnem
727 4148 1164 4213 columbinam
1204 4149 1704 4232 simplicitatem,
1743 4152 1821 4214 ad

1930 3168 2150 3229 sertim
2181 3176 2436 3232 centum
2458 3168 2686 3249 viginti
2713 3168 3246 3250 virginibuS‚quae
3277 3175 3427 3252 post

1929 3265 2164 3330 Christi
2211 3266 2650 3330 ascensionem
2700 3267 2998 3348 leguntur
3047 3268 3107 3330 ei
3164 3267 3424 3331 cohabi-

1932 3370 2120 3441 tasse,
2175 3372 2238 3426 et
2279 3364 2419 3446 ejus
2462 3364 2772 3447 obsequio
2823 3364 3174 3429 intendisse
3208 3382 3224 3428 z
3261 3384 3422 3447 quas

1934 3480 2048 3523 sua
2103 3462 2482 3526 suavissima
2539 3462 3210 3547 exemplarissimaque
3260 3480 3419 3548 proe-

1934 3561 2157 3639 sentia,
2193 3562 2682 3646 sapientissimis
2713 3563 2950 3642 verbiS,
2995 3563 3418 3627 sanctissimis

1933 3660 2180 3723 actibus
2211 3661 2755 3725 abundantissime
2786 3681 3045 3745 prorsus
3077 3663 3323 3727 refecit.

2016 3762 2460 3823 Consideravit
2489 3782 2746 3840 ayrum,
2777 3771 2837 3821 et
2873 3764 3027 3824 emit
3064 3782 3236 3825 eum.
3268 3761 3426 3826 Con-

1932 3858 2236 3922 sideravit
2268 3858 2645 3922 suavissima
2666 3858 2854 3939 Virgo
2882 3859 3302 3941 gentilitatem
3334 3878 3428 3923 er-

1930 3966 2189 4031 rantem,
2207 3966 2509 4039 tanquam
2537 3976 2760 4039 agrum
2793 3960 2996 4041 spinis
3023 3958 3412 4043 tribulisque

1930 4056 2265 4138 repletum,
2299 4064 2363 4119 et
2393 4056 2524 4118 suis
2564 4056 2810 4121 meritis
2851 4077 2924 4121 ac
2964 4058 3261 4140 precibus
3309 4059 3420 4124 ob-

1930 4154 2122 4218 tinuit
2152 4154 2213 4217 ei
2245 4173 2360 4237 pro
2391 4172 2622 4235 magna
2652 4163 2831 4238 parte
2859 4157 3131 4237 gratiam
3162 4176 3430 4223 conver-

3555 1303 3622 1358 15

3553 3775 3622 3830 16

330 4250 581 4311 ovinam
631 4245 1089 4325 innocentiam,
1124 4248 1204 4310 ad
1248 4246 1819 4329 profundissimam
1852 4257 1903 4319 D
1932 4260 2168 4317 tentem
2214 4272 2228 4317 :
2282 4253 2579 4317 similiter
2617 4254 2888 4336 patriam
2925 4255 3105 4337 regni
3137 4257 3417 4321 coelestis

328 4345 779 4423 humilitatem,
814 4364 881 4409 se
911 4346 1059 4409 totis
1089 4345 1264 4408 dedit
1296 4348 1685 4427 praecordiiS,
1726 4366 1827 4411 ex·
1928 4352 2352 4416 intentissime
2403 4361 2594 4434 atque
2642 4351 2995 4417 clarissime
3053 4356 3424 4437 speculaba-

328 4446 783 4510 cellentissime
815 4444 1090 4528 implens
1119 4445 1295 4527 quod
1326 4445 1641 4528 scriptum
1672 4456 1769 4510 est
1805 4463 1819 4509 t
1928 4458 2052 4528 tur,
2076 4470 2269 4533 quam
2297 4450 2420 4514 sibi
2453 4460 2518 4514 et
2547 4451 3124 4517 innumerabilibus
3153 4455 3322 4535 aliis,
3359 4476 3428 4519 se

104 4555 303 4613 Rectam,
329 4544 571 4618 Quanto
614 4544 819 4625 major
860 4564 950 4620 eS,
986 4542 1258 4606 humilia
1299 4552 1359 4607 te
1400 4543 1467 4605 in
1498 4544 1820 4608 omnibus·
1930 4550 2133 4633 ipsam
2165 4552 2290 4615 Deo
2321 4549 2600 4613 totaliter
2627 4551 3075 4633 mancipandO,
3111 4553 3416 4619 obtinuit.

72 4619 129 4660 ²⁰·
330 4643 551 4707 Omnia
596 4660 855 4725 quoque
904 4641 1399 4721 consultissime,
1451 4662 1525 4707 ac
1576 4663 1825 4707 summa
1931 4653 2023 4710 De
2048 4650 2275 4726 fructu
2305 4650 2623 4711 manuum
2651 4670 2927 4711 suarum
2945 4655 3286 4728 plantavit
3325 4657 3422 4713 vi-

331 4762 471 4805 cum
508 4741 901 4805 discretione
942 4741 1206 4823 peregit.
1928 4766 2160 4809 neam:
2187 4746 2336 4829 quia
2367 4747 2787 4830 praeclaritate
2825 4756 2890 4811 et
2920 4748 3257 4815 sanctitate
3295 4770 3424 4815 me·

156 4845 214 4899 u
411 4844 611 4903 Facta
639 4850 732 4901 est
760 4840 951 4919 quasi
970 4842 1164 4902 navis
1195 4841 1536 4913 institoris,
1578 4844 1659 4902 de
1688 4845 1825 4902 lon·
1931 4845 2199 4909 ritorum
2241 4865 2501 4910 suorum
2553 4846 2871 4926 fundavit,
2913 4849 3250 4927 convertit,
3302 4850 3422 4913 sal·

324 4959 399 5016 qe
424 4949 705 5019 portam·
731 4959 973 5017 panem
996 4958 1214 5001 suum.
1249 4938 1317 5002 ln
1358 4938 1822 5021 gloriosissima
1928 4944 2103 5009 vavit
2129 4946 2648 5025 congregationes
2679 4946 3245 5011 innumerabilium
3277 4968 3417 5031 per-

329 5057 601 5120 namque
632 5036 895 5117 Virgine
927 5037 1335 5119 congregavit
1365 5038 1639 5120 Spiritus
1675 5038 1823 5101 San·
1929 5061 2254 5106 sonarum.

329 5148 460 5199 ctus
507 5136 803 5201 omnium
860 5135 1293 5217 spiritualium
1352 5136 1600 5219 copiam
1656 5138 1819 5203 divi·
2004 5144 2313 5204 Accium-it
2329 5144 2720 5219 fortitudine
2751 5146 2994 5205 lumbos
3021 5145 3407 5212 suos.'l'antae

331 5236 580 5312 tiarum,
641 5233 895 5315 fuitque
954 5234 1203 5297 cunctis
1269 5235 1638 5316 virtutibuS,
1702 5238 1816 5302 do·
1922 5240 2160 5303 etenim
2199 5239 2588 5304 excellentiae
2625 5238 2751 5301 fuit
2780 5240 2848 5301 in
2886 5241 3063 5304 omni
3093 5244 3403 5323 castitate,

328 5332 445 5411 nis,
466 5332 787 5396 fructibus
814 5339 881 5395 et
906 5331 1407 5397 beatitudinibus
1440 5334 1505 5397 in
1536 5336 1812 5401 termino
1921 5337 2196 5423 puritate
2241 5344 2306 5400 et
2358 5336 2795 5419 temperantia,
2846 5339 3019 5419 quod
3073 5358 3408 5423 nunquam

3545 5158 3613 5214 17
