4284 6267
624 3645 842 3699 Martha,

581 3714 646 3754 17.

616 3844 779 3888 loann.
800 3856 842 3893 v,

576 3910 646 3951 46.

578 4044 685 4087 Luc.
708 4056 753 4093 u,
774 4044 842 4083 42.

591 4242 670 4284 Pa.
692 4254 742 4292 οι,
764 4242 831 4281 28.

591 4340 837 4387 Panxxxix,

577 4406 621 4445 4.

578 4536 686 4580 Luc.
712 4548 754 4585 ιι,
772 4536 840 4577 ⁴6.

879 486 999 549 430

1417 500 1769 548 RNARRA'rlo
1811 500 1875 546 IN
1917 500 2054 547 CAP.
2091 502 2200 547 vm
2242 500 2482 548 CANTICI
2523 499 2925 546 emmor-tm.
2972 518 3052 527 --
3092 498 3235 545 ART.
3281 499 3427 544 xxiv

1924 860 2576 948 ARTICULUS
2652 860 2927 943 XXIV

1099 1109 1458 1155 ELUCIDATIO
1511 1110 1784 1155 CAPITULI
1835 1108 2054 1154 OCTAVI
2107 1108 2183 1151 ΕΤ

2236 1108 2437 1153 ULTIMI
2484 1108 2497 1153 ἶ

2546 1108 2680 1161 QUIS
2732 1106 2867 1151 Mun
2919 1107 3035 1151 DET
3085 1106 3159 1151 ΤΕ
3208 1107 3490 1151 FRATREM
3544 1107 3733 1165 MEUM,

1355 1209 1670 1255 SUGENTEM
1711 1209 1913 1253 UBERA
1954 1207 2182 1252 MATms
2228 1207 2392 1265 MEAE,
2432 1205 2595 1269 ETG.;
2640 1206 2719 1251 DE
2762 1206 3015 1251 cumsm
3060 1206 3132 1250 ΕΤ
3174 1205 3483 1252 ECGLEslA.

995 1461 1160 1524 lCUT
1193 1462 1258 1523 in
1293 1461 1427 1523 sine
1471 1460 1670 1543 patuit
1709 1456 1972 1540 capituli
2007 1456 2367 1538 praeceden-
2398 1454 2447 1515 Α
2573 1460 2647 1517 Ut
2679 1458 3011 1517 inveniam
3044 1466 3099 1516 le
3125 1459 3310 1534 foris,
3347 1457 3410 1519 id
3452 1466 3566 1533 est,
3603 1458 3669 1519 in
3712 1457 3968 1539 gentili-

881 1569 924 1623 k
1024 1561 1125 1636 tis,
1172 1561 1452 1623 Ecclesia
1505 1577 1808 1641 sponsum
1852 1557 2099 1619 hortata
2141 1563 2237 1617 est
2287 1553 2365 1615 ad

869 1657 1230 1721 infidelium
1273 1657 1774 1731 conversionem,
1805 1664 1998 1734 atque
2045 1654 2122 1715 ad
2156 1652 2367 1714 visita-

875 1758 1108 1820 tionem
1162 1767 1223 1821 et
1273 1756 1790 1819 reformationem
1843 1753 2159 1815 fidelium.
2210 1751 2365 1813 Huic

874 1857 1087 1938 itaque
1118 1856 1434 1918 desiderio
1475 1854 1680 1916 adhuc
1722 1851 2066 1913 immorans
2107 1858 2169 1912 et
2208 1849 2367 1911 allu-

874 1955 1050 2029 denS,
1104 1953 1483 2034 subjungit:
1534 1954 1687 2020 Quis
1736 1953 1902 2010 mz'lzt'
1936 1952 2085 2010 det?
2130 1948 2194 2008 id
2246 1954 2360 2022 est,

872 2071 910 2115 0
931 2053 1174 2114 utinam
1195 2050 1429 2131 aliquis
1460 2048 1616 2111 mihi
1642 2056 1894 2131 praestet
1916 2066 1928 2108 :
1954 2047 2121 2128 quod
2150 2053 2363 2108 tamen

870 2171 907 2213 a
956 2150 1091 2212 solo
1139 2151 1265 2211 Deo
1315 2148 1472 2209 mihi
1523 2156 1732 2229 potest
1780 2145 2092 2223 conferri3
2130 2156 2186 2205 te
2226 2145 2368 2219 fra-

872 2260 1031 2311 tre-m
1061 2269 1298 2316 meum,
1326 2256 1648 2323 suyentem
1695 2248 1883 2305 ubera
1921 2246 2147 2304 matris
2188 2264 2366 2311 mere,

870 2348 931 2410 id
962 2356 1078 2423 est,
1117 2356 1176 2409 te
1214 2364 1541 2427 sponsum,
1578 2344 1855 2405 Verbum
1885 2351 2193 2404 aeternum
2228 2359 2367 2424 pro-

869 2456 1008 2529 pter
1041 2464 1141 2508 me
1173 2445 1593 2518 incarnatum,
1630 2450 1692 2504 et
1731 2442 1795 2503 in
1837 2460 2026 2504 carne
2071 2450 2366 2523 suscepta

869 2553 1199 2626 sugentem
1237 2542 1432 2604 ubera
1471 2541 1691 2602 matris
1721 2559 1898 2615 meae,
1935 2540 1998 2600 id
2031 2549 2126 2601 est
2170 2540 2361 2603 ubera

2476 1555 2595 1617 bus
2638 1554 3031 1637 perfidisque
3065 1556 3295 1619 Judaeis
3325 1557 3571 1619 videam
3610 1566 3669 1620 te
3700 1576 3967 1638 regnare

2477 1674 2589 1736 per
2624 1654 2816 1716 fidem
2850 1664 2911 1716 et
2940 1655 3227 1733 gratiam,
3264 1656 3327 1716 in
3360 1655 3597 1737 quibus
3625 1664 3808 1718 antea
3836 1675 3964 1718 non

2478 1753 2751 1833 regnasti
2787 1772 2800 1815 :
2837 1754 2923 1815 ita
2954 1763 3022 1816 ut
3065 1754 3187 1834 ipsi
3228 1758 3482 1835 quoquc
3524 1755 3633 1835 qui
3687 1764 3855 1817 tuam
3891 1754 3969 1815 fi-

2476 1854 2619 1914 dem
2668 1862 2727 1915 et
2770 1852 3021 1934 plebem
3067 1854 3130 1914 in
3176 1862 3233 1916 te
3279 1854 3641 1916 credentem
3674 1853 3784 1915 diu
3817 1864 3967 1915 sunt

2476 1952 2813 2033 persecuti,
2852 1961 2911 2015 te
2954 1962 3016 2013 et
3050 1962 3226 2014 tuum
3258 1951 3672 2029 Evangelium
3717 1952 3967 2034 ample-

2476 2058 2747 2111 ctantur.
2775 2050 2911 2125 Vel,
2954 2050 3278 2113 Inveniam
3320 2058 3379 2112 te
3416 2048 3595 2123 foriS,
3638 2049 3702 2111 id
3740 2058 3833 2111 est
3877 2050 3968 2112 vi-

2476 2148 2749 2210 sibiliter
2780 2148 2945 2211 inter
2981 2149 3269 2212 homines
3310 2156 3810 2224 conversantem,
3852 2149 3962 2230 qui
4010 2166 4220 2207 aarum

2477 2247 2543 2308 in
2598 2247 2850 2309 deitatis
2895 2247 3251 2308 substantia
3298 2246 3961 2327 incomprehensibilis
3994 2232 4062 2271 ³⁸·

2475 2366 2563 2422 eS,
2598 2353 2660 2407 et
2694 2340 3197 2408 inaccessibilem
3240 2346 3445 2409 lucem
3481 2345 3820 2407 inhabitas
3860 2344 3957 2408 Sic
3992 2355 4227 2401 Irim-‹2¹¹³-

2475 2443 2650 2507 locus
2698 2444 2819 2507 iste
2868 2444 3205 2526 exponitur
3254 2442 3319 2506 in
3366 2463 3633 2526 persona
3674 2444 3963 2525 antiquo—

2474 2563 2614 2604 rum
2650 2542 2963 2617 fidelium‚
2998 2543 3108 2623 qui
3142 2543 3261 2605 sub
3294 2543 3431 2623 lege
3467 2552 3707 2604 naturae
3748 2552 3813 2605 et
3846 2542 3959 2603 sub

869 2642 1126 2726 pietatis
1158 2642 1390 2703 divinae
1422 2660 1492 2701 ac
1532 2640 1770 2718 gratita,
1806 2638 2043 2720 quibus
2075 2638 2361 2702 Christus
2391 2642 2436 2702 B
2474 2641 2609 2721 lege
2640 2640 2876 2723 scripta
2900 2642 3240 2703 adventum
3268 2642 3789 2725 desideraverunt
3815 2641 3961 2703 Mes·

869 2750 939 2803 ut
970 2742 1158 2803 homo
1189 2737 1582 2800 refocillatus
1614 2743 1722 2798 est.
1745 2736 1879 2811 Vel,
1905 2734 2109 2797 Ubera
2140 2736 2362 2797 matris

871 2858 1048 2915 meae,
1093 2838 1156 2899 id
1205 2844 1302 2899 est
1350 2836 1504 2914 legis
1557 2854 1667 2915 per
1715 2834 1965 2915 Moysen
2013 2834 2195 2908 datae,
2250 2853 2360 2896 seu

870 2938 1227 3021 Synagogae‚
1247 2956 1283 2997 a
1314 2954 1438 3016 qua
1471 2953 1583 3015 per
1603 2932 2046 3014 Apostolorum
2073 2932 2366 3013 praedica·

868 3039 1108 3100 tionem
1141 3034 1468 3098 exordium
1500 3030 1771 3114 sumpsit
1802 3031 2104 3093 Ecclesia.
2139 3030 2366 3104 Quam-

872 3136 970 3198 vis
1010 3142 1218 3197 autem
1259 3132 1541 3195 Salvator
1581 3148 1709 3192 non
1751 3130 2092 3210 sumpserit
2135 3150 2172 3191 a
2222 3129 2362 3210 lege

870 3234 1138 3297 Mosaica
1165 3239 1273 3294 aut
1300 3230 1626 3312 Synagoga
1656 3228 1938 3309 aliquam
1972 3227 2363 3291 informatio-

874 3353 1041 3408 nem,
1085 3340 1293 3393 tamen
1338 3329 1401 3390 in
1442 3328 1706 3391 veritate
1756 3326 1911 3405 legis
1959 3346 2030 3389 ac
2074 3327 2364 3390 doctrina

871 3432 1214 3514 Synagogae
1256 3446 1371 3510 pro
1423 3436 1705 3507 tempore
1745 3445 1882 3501 suo,
1922 3445 2033 3487 seu
2079 3434 2363 3507 tempore

873 3538 1256 3612 opportuno,
1289 3525 1723 3588 delectabatur
1771 3533 1832 3586 et
1872 3524 2357 3599 exercitabatur,

873 3627 1298 3708 allegavitque
1345 3644 1451 3687 eas
1494 3632 1554 3685 et
1608 3623 2030 3703 adimplevit:
2075 3623 2209 3685 Non
2260 3642 2365 3686 ve-

876 3726 964 3804 ni,
999 3726 1318 3807 inquienS,
1363 3724 1564 3804 legem
1607 3723 1872 3794 solvere,
1909 3721 2016 3783 sed
2060 3710 2359 3802 implere3

2472 2740 2603 2815 siae,
2656 2748 2717 2802 et
2766 2740 2902 2819 ejus
2954 2739 3255 2821 mysteria
3296 2758 3555 2803 cernere
3592 2739 3952 2820 cupiebant,

2472 2847 2542 2899 ut
2572 2838 2809 2900 dictum
2842 2846 2937 2899 est
2970 2837 3035 2898 in
3078 2838 3336 2901 exordio
3372 2838 3561 2919 hujus
3612 2836 3952 2901 voluminis

2472 2955 2661 3017 super
2695 2935 2852 2996 illud
2890 2952 2903 2995 :
2935 2933 3265 2996 Osculetur
3296 2954 3397 2996 me
3427 2934 3643 2997 osculo
3673 2935 3802 2996 oris
3830 2935 3948 2997 sui.
3990 2955 4157 2996 Canai,
4180 2957 4207 2993 ι.

2474 3038 2555 3096 Ec
2584 3037 2931 3099 deosculer,
2976 3033 3038 3094 id
3068 3042 3183 3110 est,
3219 3034 3547 3097 caritative
3582 3033 3946 3114 amplectar,

2473 3142 2659 3214 atque
2703 3151 2816 3216 per
2854 3132 3409 3213 contemplationis
3462 3132 3739 3213 quietem
3792 3132 3953 3194 inter

2471 3231 2730 3294 brachia
2762 3240 2883 3293 tuae
2922 3230 3202 3293 caritatis
3244 3230 3382 3293 sine
3420 3232 3861 3313 persecutione
3896 3240 3957 3293 et

2474 3329 2917 3411 inquictudine
2948 3329 3089 3392 laeta
3119 3347 3470 3410 repausem.
3495 3330 3744 3405 Ecjam
3778 3350 3957 3389 nemo

2472 3450 2569 3490 me
2608 3431 2940 3505 despiciat.
2992 3426 3196 3501 Quum
3250 3427 3421 3490 enim
3479 3428 3773 3490 infideles
3828 3427 3959 3490 fue-

2473 3528 2602 3589 rint
2643 3528 2723 3589 ad
2761 3525 3081 3588 Christum
3126 3526 3440 3602 conversi,
3475 3527 3815 3589 cessabunt
3860 3526 3962 3589 Ec-

2471 3626 2729 3689 clesiam
2759 3624 3084 3706 aspernari
3110 3644 3183 3687 ac
3217 3624 3528 3706 persequi,
3551 3623 3678 3687 imo
3711 3644 3961 3687 venera-

2473 3724 2711 3785 buntur
2750 3724 3036 3785 eamdem
3074 3741 3086 3785 z
3123 3724 3293 3804 quod
3327 3742 3439 3803 per
3482 3724 3957 3787 conversionem

876 3824 1155 3906 itemque
1198 3843 1211 3887 :
1261 3822 1326 3884 Si
1369 3820 1708 3884 crederetis
1758 3819 1971 3901 Moysi,
2020 3819 2363 3882 crederetis
2391 3822 2434 3884 C
2471 3822 2807 3903 gentilium
2848 3842 2919 3883 ac
2949 3822 3212 3884 Romani
3246 3822 3499 3903 imperii
3538 3840 3651 3903 pro
3682 3823 3956 3885 maxima

877 3921 1089 3985 forsan
1131 3930 1193 3983 et
1232 3919 1426 3997 mihi3
1461 3920 1538 3980 de
1573 3938 1673 3979 mc
1713 3917 1884 3979 enim
1927 3916 2037 3978 ille
2081 3917 2357 3999 scripsit.

873 4021 1181 4101 Denique,
1225 4036 1420 4099 quum
1471 4015 1774 4077 Dominus
1811 4016 1988 4077 Jesus
2029 4016 2361 4077 duodecim

873 4127 1008 4183 erat
1045 4136 1352 4180 annorum
1389 4114 1530 4196 (qui
1571 4114 1920 4177 secundum
1959 4114 2213 4175 deitatis
2256 4134 2364 4176 na-

874 4226 1103 4291 turam,
1141 4214 1310 4277 idem
1343 4212 1478 4296 ipse
1503 4221 1620 4289 est,
1655 4221 1718 4273 et
1745 4212 1897 4274 anni
1924 4211 2062 4292 ejus
2096 4230 2222 4275 non
2256 4213 2364 4275 de-

875 4316 1136 4378 fluunt:
1175 4314 1304 4376 imo
1352 4312 1531 4374 mille
1563 4311 1713 4373 anni
1763 4320 1909 4373 ante
1957 4310 2174 4373 oculos
2222 4312 2361 4392 ejus

873 4423 1176 4495 tanquam
1226 4411 1358 4474 dies
1400 4410 1694 4473 hesterna
1725 4417 1895 4486 sunt,
1927 4428 2069 4490 quae
2110 4417 2363 4491 praeter-

873 4513 991 4593 iit),
1046 4512 1343 4574 inventus
1382 4518 1478 4572 est
1536 4508 1598 4569 in
1643 4508 1852 4571 medio
1903 4508 2234 4571 doctorum
2277 4509 2363 4571 le-

868 4611 988 4691 giS,
1007 4628 1240 4691 sugens
1269 4609 1466 4671 ubera
1495 4606 1857 4689 Synagogae,
1878 4606 1940 4668 id
1973 4614 2068 4668 est
2099 4606 2363 4670 veritate

869 4709 1025 4789 legis
1058 4707 1357 4771 reficiens
1405 4726 1492 4779 se,
1529 4706 1926 4785 interrogans
1972 4705 2114 4768 illos
2156 4714 2217 4767 et
2257 4725 2361 4767 au-

866 4807 1071 4871 diens,
1105 4807 1369 4887 Insuper
1417 4806 1494 4867 ad
1536 4805 1813 4867 litteram
1860 4804 2026 4866 suxit
2071 4804 2357 4867 Christus

866 4906 1064 4968 ubera
1110 4905 1389 4984 Virginis
1441 4903 1754 4983 gloriosae,
1810 4922 1950 4983 quae
2001 4912 2096 4965 est
2160 4912 2359 4966 mater

2475 3930 2652 4004 parte
2683 3920 3016 4002 impletum
3050 3929 3166 3996 est,
3201 3930 3263 3982 et
3308 3930 3451 3983 ante
3484 3920 3681 3984 finem
3712 3921 3952 3998 mundi,
4273 3998 4274 4001 Ἴ

2475 4021 2730 4101 quando
2769 4020 2936 4081 Elias
2976 4020 3261 4081 restituet
3292 4020 3529 4095 omnia,
3572 4020 3827 4102 plenius
3865 4029 3955 4083 est
3986 4038 4213 4086 uastam,
4273 4088 4274 4091 Ἴ

2472 4119 2944 4200 complendum.
2971 4117 3297 4201 Synagoga
3327 4137 3761 4200 quoque‚quae
3793 4140 3959 4184 nunc
3984 4106 4041 4144 ¹¹·

2468 4216 2639 4297 juste
2678 4215 3049 4297 despicitur,
3095 4222 3157 4276 et
3202 4215 3487 4296 undique
3534 4223 3631 4277 est
3674 4216 3957 4298 dispersa

2472 4334 2544 4377 ac
2574 4316 2843 4395 captiva,
2878 4315 3132 4394 quando
3176 4314 3253 4375 ad
3294 4312 3614 4376 Christum
3655 4334 3957 4378 conversa

2474 4411 2689 4488 fuerit,
2748 4412 3138 4474 Antichristo
3190 4411 3420 4490 occiso,
3473 4430 3600 4475 non
3658 4414 3956 4497 despicie-

2474 4522 2595 4587 tur,
2646 4512 2755 4573 sed
2802 4509 3197 4573 honorabilis
3245 4512 3388 4573 erit.

2552 4610 3054 4688 Apprehendam
3100 4620 3178 4677 te,
3219 4608 3285 4670 id
3334 4618 3449 4685 est,
3492 4609 3952 4691 gratulabunda
4076 4601 4113 4654 2

2470 4707 2807 4771 devotione
2838 4716 2897 4769 te
2925 4707 3355 4790 amplexabor,
3388 4716 3452 4769 ct
3488 4727 3599 4789 per
3628 4709 3950 4771 caritatem

2472 4806 2722 4882 tenebo,
2754 4824 2826 4868 ac
2870 4806 2987 4869 tibi
3024 4805 3298 4869 firmiter
3339 4806 3698 4886 inbaereb03
3739 4818 3800 4868 et
3844 4812 3951 4869 du-

2468 4927 2609 4966 cam
2653 4914 2714 4967 te
2758 4908 2827 4966 ίη
2868 4909 3133 4966 domum
3166 4908 3396 4966 matris
3437 4927 3609 4977 meoe,
3644 4906 3707 4968 id
3748 4916 3843 4969 est
3876 4907 3947 4968 ad

867 5006 1060 5067 totius
1101 5002 1420 5080 Ecclesiae,
1467 5003 1534 5064 in
1573 5009 1880 5083 quantum
1931 5010 2026 5063 est
2073 5002 2212 5083 ejus
2265 5022 2360 5065 re-
2387 5009 2436 5070 D
2468 5004 2719 5087 plebem
2770 5003 3134 5086 Synagogae,
3180 5005 3465 5067 eamdem
3509 5004 3843 5083 hortando,
3888 5014 3951 5067 ut

867 5105 1016 5185 gina
1060 5112 1124 5167 et
1171 5106 1499 5179 advocata,
1546 5102 1890 5185 protectrix
1937 5110 1998 5164 et
2051 5102 2353 5183 domina3

866 5203 1158 5286 quamvis
1216 5202 1301 5264 sit
1349 5202 1416 5265 in
1473 5202 1598 5264 alia
1646 5200 2155 5265 consideratione
2217 5200 2359 5264 filia

865 5322 1030 5384 ejus,

2468 5111 2529 5165 ‘te
2571 5103 2907 5166 devotione
2955 5103 3201 5181 integra
3247 5103 3670 5184 amplectatur
3722 5124 3736 5167 :
3792 5103 3953 5167 sicut

2468 5220 2581 5283 per
2615 5199 2808 5263 tidem
2840 5209 3172 5283 susceptus
3204 5221 3271 5263 es
3303 5220 3340 5263 a
3378 5201 3562 5283 plebe
3590 5202 3947 5283 gentilium,

2464 5308 2528 5363 et
2558 5299 2638 5362 ab
2668 5317 2763 5376 ea,
2798 5300 3021 5363 salt-em
3060 5299 3126 5361 in
3166 5308 3366 5383 parte.
3402 5298 3537 5377 Vel,
3570 5300 3639 5362 In
3693 5301 3949 5364 domum
