4284 6267
677 978 714 1033 9

603 1389 636 1431 ll
659 1389 764 1433 Cor.
785 1404 826 1439 v,

567 1453 630 1495 19.

567 1883 756 1987 ¹Ephes.
769 1898 826 1936 ιιι,

592 1950 631 1987 7.

579 2966 655 3009 Pa.
675 2980 771 3017 ην,
787 2968 828 3010 5.

573 3459 654 3503 Ps.
673 3472 740 3511 xv,
763 3462 830 3502 ¹0.

669 3948 738 4006 10

571 4058 703 4103 Pron.
719 4076 775 4111 ix,
793 4067 831 4107 1.

860 492 980 557 362

1459 510 1813 557 ENARRATIO
1855 510 1919 556 IN
1961 510 2098 557 GAP.
2145 508 2215 555 ΠῘ
2255 508 2493 556 GANTICI
2534 508 2937 556 cmlcontm.
2982 528 3063 538 -
3102 508 3245 555 Anr.
3288 508 3355 553 11

860 682 1008 745 stoli
1044 701 1118 745 ac
1151 684 1347 746 ceteri
1381 683 1716 765 utriusque
1749 706 1935 749 sexus
1977 684 2180 749 sancti
2221 682 2348 766 pri·
2375 681 2425 743 A
2456 699 2643 744 onem
2675 682 2865 745 Verbi
2896 682 3141 745 aeterni.
3174 682 3290 746 Per
3322 682 3517 744 fidem
3555 689 3767 743 tamen
3801 679 3945 741 l'un-

857 781 1099 844 mitivae
1144 781 1462 857 Ecclesiae,
1506 783 1583 844 ad
1630 801 1770 845 eam
1821 784 2151 847 multoties
2199 802 2345 845 cum

859 880 1105 960 ingenti
1152 881 1506 943 reverentia
1547 880 2020 945 confluxerunt.

938 982 1288 1039 Ferculum
1327 981 1482 1055 fecit
1509 982 1638 1039 sibi
1665 1002 1782 1041 rex
1811 985 2120 1042 Salomon
2159 984 2237 1041 de
2268 982 2346 1040 li-

850 1080 1002 1155 qnis
1039 1080 1300 1138 Libani.
1335 1076 1820 1140 Praeclarissima
1863 1079 2056 1160 Virgo
2098 1078 2347 1160 aptissi-

855 1196 959 1239 me
1008 1177 1244 1239 dicitur
1293 1175 1626 1253 ferculum,
1665 1178 1726 1239 id
1775 1186 1872 1240 est
1921 1179 2187 1241 thronus
2238 1184 2346 1238 aut

855 1275 1086 1337 solium
1148 1274 1525 1352 SalomoniS,
1583 1278 1646 1338 id
1705 1285 1802 1338 est
1859 1276 2224 1352 SalvatoriS,
2277 1276 2343 1336 in

856 1393 983 1455 quo
1023 1374 1144 1436 fuit
1175 1374 1336 1436 Deus
1369 1375 1678 1436 mundum
1711 1372 2135 1438 reconcilians
2166 1374 2289 1436 sibi
2326 1391 2341 1435 :

856 1473 1160 1555 quoniam
1207 1473 1346 1555 ipsa
1384 1492 1509 1536 non
1553 1474 1760 1536 solum
1806 1474 2084 1556 portavit
2125 1474 2349 1552 Unige-

857 1573 1062 1634 nitum
1109 1572 1218 1633 Dei
1259 1572 1322 1633 in
1369 1592 1482 1635 sua
1528 1582 1740 1635 mente
1779 1592 1892 1655 per
1937 1572 2157 1646 fidem,
2193 1572 2347 1634 cari-

858 1678 1071 1748 tatem,
1137 1690 1209 1733 ac
1270 1672 1486 1752 jugem
1544 1672 1941 1747 memoriam,
1993 1670 2349 1734 veneratio-

859 1789 1133 1851 nemque
1178 1770 1586 1853 praeecipuam‚
1617 1770 1796 1852 juxta
1833 1770 1992 1833 illud
2030 1771 2342 1852 Apostoli,

2453 780 2900 844 damentaliter
2934 780 3390 864 disponebatur
3415 782 3493 843 ad
3524 780 3665 842 hoc.
3684 780 3942 861 Propter

2454 881 2625 962 quod
2664 881 2825 943 dixit
2860 880 3182 943 Elisabeth
3218 898 3231 941 ε
3276 882 3459 943 Beata
3495 897 3635 961 quae
3672 876 3943 941 credidi·
3986 896 4133 944 aaa„
4158 901 4215 939 ιε.

2454 982 2558 1056 sti,
2593 988 2715 1043 etc.
2748 980 2861 1042 Per
2906 980 3335 1043 humilitatem
3378 996 3635 1061 quoque
3673 978 3755 1041 de
3802 994 3945 1060 pro-

2455 1080 2699 1163 pinquo
2729 1089 2791 1142 et
2832 1099 2945 1162 per
2986 1080 3242 1144 modum
3288 1078 3705 1160 congruitatis
3743 1096 3757 1139 ε
3788 1077 3941 1159 quia

2454 1198 2583 1243 non
2633 1180 2847 1242 decuit
2908 1198 3228 1241 summum
3278 1178 3400 1240 nisi
3454 1178 3535 1239 ab
3582 1175 3943 1238 humillima

2454 1278 2730 1359 concipi,
2764 1286 3081 1360 quatenus
3120 1277 3322 1360 pietas
3361 1296 3433 1340 ac
3470 1276 3671 1356 gratia
3698 1274 3809 1337 Dei
3848 1294 3943 1337 re-

2454 1385 2989 1457 cognoscerentur
3028 1376 3094 1438 in
3134 1375 3457 1439 omnibus,
3490 1375 3633 1437 Ideo
3672 1374 3813 1455 ipsa
3848 1372 3943 1435 di-

2454 1475 2545 1537 xit
2596 1496 2609 1539 :
2665 1474 2823 1549 Quia
2880 1474 3158 1556 respexit
3214 1473 3642 1535 humilitatem
3694 1470 3943 1535 ancillae

2454 1592 2605 1635 suae.
2640 1572 2879 1635 Caritas
2914 1591 3064 1635 vero
3103 1571 3508 1654 praefervida,
3532 1590 3659 1652 qua
3690 1570 3795 1632 Dei
3838 1569 3943 1632 ho—

2456 1690 2673 1735 norem
2706 1680 2768 1734 et
2808 1672 3244 1753 proximorum
3276 1668 3767 1733 aestuantissime
3794 1687 3944 1731 con-

2454 1771 2701 1852 cupivit
2768 1770 3209 1847 salvationem,
3270 1770 3544 1832 maxime
3610 1768 3737 1831 Deo
3802 1786 3944 1829 eam

855 1868 1148 1932 Habitare
1186 1870 1506 1932 Christum
1549 1888 1662 1950 per
1705 1868 1898 1931 fidem
1939 1870 2004 1931 in
2046 1869 2344 1932 cordibus
2382 1866 2428 1927 B
2456 1870 2685 1947 univit,
2720 1870 3151 1951 dignificavit,
3176 1888 3249 1931 ac
3290 1867 3827 1950 placentissimam
3862 1865 3949 1927 fe-

855 1969 1121 2048 vestris3
1174 1968 1283 2031 sed
1333 1968 1524 2030 etiam
1576 1967 1640 2029 in
1693 1987 1810 2031 suo
1858 1968 2345 2032 inviolatissimo

855 2076 1036 2130 utero
1081 2066 1223 2129 tulit
1272 2084 1442 2143 eum,
1477 2085 1554 2128 ex
1596 2085 1663 2128 se
1707 2066 2029 2129 hominem
2079 2066 2340 2129 factum.

855 2167 982 2228 Hoc
1014 2165 1328 2229 ferculum
1363 2164 1631 2246 ipsemet
1658 2164 1966 2242 ChristuS,
1993 2166 2344 2228 secundum

855 2265 1024 2346 quod
1058 2265 1244 2340 DeuS,
1271 2263 1443 2339 fecit,
1464 2282 1694 2345 corpus
1721 2263 2195 2343 benignissimoe
2214 2264 2347 2326 Vir-

852 2363 1022 2444 ginis
1054 2381 1166 2444 per
1196 2381 1416 2424 causas
1448 2362 1756 2423 secundas
1791 2360 2141 2438 formand0‚
2161 2362 2343 2442 cujus

855 2472 913 2525 et
957 2461 1285 2524 materiam
1328 2461 1392 2522 in
1434 2459 1692 2521 exordio
1734 2460 2030 2541 produxit
2067 2479 2142 2522 ex
2188 2461 2348 2523 nihi-

855 2562 939 2635 lo,
975 2557 1253 2622 animam
1289 2576 1546 2639 quoque
1582 2557 2017 2621 felicissimam
2055 2560 2193 2640 ejus
2234 2578 2347 2640 per

855 2678 924 2721 se
955 2656 1320 2719 immediate
1351 2656 1647 2718 creando.
1681 2655 2113 2737 Spiritualiter
2151 2658 2345 2719 etiam

856 2756 1168 2819 fecithoc
1218 2753 1557 2832 ferculum,
1607 2753 2070 2817 sanctificando
2120 2774 2195 2818 ac
2240 2755 2347 2817 de-

857 2856 1132 2919 corando
1165 2853 1323 2915 illud
1357 2872 1470 2935 per
1497 2851 1764 2932 gratiam
1797 2852 2142 2935 copiosam,
2170 2854 2347 2934 Juxta

856 2955 1026 3036 quod
1059 2952 1368 3035 scriptum
1406 2958 1504 3013 est
1535 2970 1549 3015 :
1585 2950 2020 3014 Sanctificavit
2057 2950 2349 3015 taberna-

2456 1970 2563 2030 cit.
2601 1968 2668 2030 In
2710 1968 2975 2032 caritate
3017 1968 3215 2049 igitur
3253 1966 3635 2030 beatissimae
3665 1964 3947 2029 Dominae

2453 2067 2616 2129 Deus
2665 2066 2931 2148 quievit,
2986 2064 3243 2142 resedit,
3298 2084 3371 2127 ac
3434 2063 3777 2127 ferebatur.
3824 2062 3943 2137 Qui

4000 1491 4113 1535 Ibid.
4130 1496 4189 1535 48.

2453 2164 2626 2227 enim
2668 2174 2884 2227 manet
2924 2166 2989 2227 in
3023 2165 3309 2240 caritate,
3342 2162 3409 2225 in
3451 2163 3577 2225 Deo
3612 2169 3842 2238 manet,
3880 2172 3947 2224 et
3992 2189 4217 2237 mmm,

2454 2262 2617 2325 Deus
2652 2264 2718 2325 in
2750 2282 2859 2343 eo;
2892 2272 2956 2327 et
2982 2262 3095 2345 qui
3126 2261 3337 2342 diligit
3376 2262 3595 2337 Deum,
3632 2280 3794 2322 unus
3824 2260 3947 2343 spi·
3979 2257 4149 2359 ῗῗοῃι
4168 2319 4216 2357 Π,

2455 2362 2615 2423 ritus
2658 2371 2755 2424 est
2797 2381 2941 2424 cum
2985 2379 3081 2423 eo,
3106 2360 3345 2423 Caritas
3383 2376 3640 2441 quoque
3676 2358 3947 2421 adstrin-

2452 2461 2565 2541 git,
2608 2461 3026 2555 amplexatur,
3060 2468 3125 2522 et
3170 2459 3392 2539 alligat
3438 2458 3561 2520 sibi
3612 2456 3942 2521 dilectum.

2534 2562 2883 2621 Ascensum
2920 2578 3351 2637 purpureum.
3386 2555 3602 2619 Posuit
3636 2554 3807 2618 enim
3854 2576 3948 2619 as·
3978 2583 4215 2625 Panum.
4265 2614 4266 2619 ,

2453 2658 2785 2720 censiones
2819 2658 2885 2719 in
2924 2657 3113 2720 corde
3144 2675 3259 2718 suo
3303 2654 3369 2716 in
3399 2653 3567 2718 valle
3606 2654 3724 2717 hac
3762 2654 3951 2717 lacri-
3979 2648 4079 2698 Μ’·

2454 2774 2724 2832 marum,
2750 2756 2870 2819 hoc
2892 2763 2988 2818 est
3015 2755 3379 2818 ordinatum
3410 2772 3484 2816 ac
3512 2752 3949 2816 successivum

2455 2852 2815 2936 profectum
2866 2853 2947 2916 ab
2998 2852 3127 2915 imo
3186 2850 3564 2914 humilitatis
3614 2869 3819 2932 usque
3868 2852 3949 2914 ad

2454 2953 2701 3036 apicem
2760 2953 3063 3017 caritatiS.
3116 2952 3404 3033 Denique
3448 2969 3751 3014 ascensus
3798 2970 3951 3033 pur-

855 3053 1072 3116 culum
1103 3070 1290 3113 suum
1319 3048 1706 3112 AltissimuS.
1737 3049 1910 3113 Fecit
1939 3059 2153 3113 autem
2186 3049 2347 3113 illud
2381 3050 2425 3113 C
2456 3070 2695 3135 put-eus
2729 3051 2852 3114 fuit
2887 3052 3183 3116 dolorosa
3213 3050 3595 3133 compassi0,
3630 3068 3755 3131 qua
3783 3047 3953 3112 affe-

855 3170 930 3215 ex
975 3149 1167 3230 lignis
1209 3148 1434 3211 Libani
1471 3168 1484 3212 ε
1521 3147 1675 3229 quia
1712 3166 1945 3229 corpus
1985 3148 2347 3211 immacula-

856 3249 1119 3312 tissimae
1155 3246 1436 3327 Virginis
1477 3253 1724 3309 constat
1753 3264 1828 3308 ex
1861 3247 2166 3309 membris
2206 3266 2348 3309 san-

857 3347 976 3411 ctis
1002 3354 1064 3410 et
1083 3344 1732 3426 incorruptiS,q11ibus
1755 3343 2043 3407 Christus
2073 3365 2348 3409 commu-

859 3444 1098 3508 nicavit
1127 3444 1296 3524 quod
1328 3443 1407 3505 de
1438 3442 1578 3523 ipso
1611 3440 1736 3503 fuit
1766 3442 2139 3524 praedictum
2176 3462 2191 3506 t
2224 3443 2346 3507 Nec

860 3544 1042 3608 dabis
1073 3543 1371 3606 Sanctum
1400 3549 1576 3603 tuum
1605 3541 1822 3605 videre
1852 3541 2349 3623 corruptionem.

856 3646 1046 3708 Porro
1089 3643 1367 3707 animam
1399 3641 1680 3721 Virginis
1721 3640 2071 3703 benedictae
2117 3641 2349 3705 sancti-

858 3742 1079 3806 ficavit
1107 3760 1182 3804 ex
1214 3738 1538 3823 perfectiS,
1564 3739 1845 3815 invictiS,
1884 3739 2175 3817 excelsiS,
2209 3740 2348 3802 dul-

857 3840 1260 3921 cissimisque
1277 3912 1284 3919 ,
1303 3838 1670 3900 virtutibus

941 3943 1284 4001 Columnas
1313 3938 1467 4014 fecit
1497 3947 1849 4013 arqenteas.
1881 3936 2058 3998 Unde
2098 3936 2164 3998 in
2204 3936 2349 3999 Pro-

859 4038 1096 4105 verbiis
1127 4035 1465 4099 scribitur:
1494 4033 1816 4115 Sapientia
1845 4033 2193 4097 aedificavit
2223 4035 2345 4098 sibi

858 4140 1132 4212 domum,
1148 4135 1379 4197 excidit
1411 4134 1738 4197 columnas
1770 4134 2161 4216 septem.Per
2189 4153 2347 4216 quas

2455 3150 2861 3215 ctuosissima
2908 3169 2981 3213 ac
3029 3148 3490 3230 benignissima
3544 3147 3735 3211 Mater
3785 3147 3951 3211 Filio

2456 3268 2572 3313 suo
2617 3248 2924 3331 paulatim
2972 3255 3149 3311 tanto
3198 3246 3507 3310 intentius
3546 3246 3947 3323 condolebat,

2456 3356 2699 3429 quanto
2757 3347 2969 3429 passio
3029 3346 3168 3428 ejus
3226 3345 3427 3425 magis
3478 3344 3955 3427 appropinqua-

2456 3447 2551 3511 vit
2599 3464 2612 3507 :
2663 3446 2751 3507 ita
2807 3445 2979 3527 quod
3034 3444 3172 3528 ipso
3226 3444 3333 3507 die
3386 3442 3761 3508 Parasceves
3808 3462 3953 3525 pro—

2457 3553 2597 3627 pter
2638 3542 3276 3609 vehementissimum
3317 3560 3449 3605 suae
3488 3540 3951 3623 compassionis

2455 3643 2761 3717 dolorem,
2816 3642 2962 3724 plus
3018 3660 3209 3731 quam
3258 3649 3497 3721 martyr
3544 3637 3780 3702 effecta
3828 3650 3947 3704 est.

2456 3741 2728 3821 Fuitque
2773 3740 2953 3804 dolor
2996 3739 3162 3815 talis,
3209 3736 3757 3802 consolationibus
3809 3740 3952 3820 ejus

2458 3838 2827 3919 frequenter
2854 3838 3189 3902 admixtus,
3207 3836 3743 3911 Quemadmodum
3774 3838 3951 3899 enim

2456 3937 2829 3999 dulcissime
2890 3936 3399 4017 mirabiliterque
3455 3935 3792 4015 gaudebat,
3852 3937 3951 3998 in-

2460 4035 2699 4098 fantem
2744 4054 3012 4117 puerum
3058 4036 3269 4097 Jesum
3302 4034 3485 4096 vultu
3517 4032 3768 4114 placido
3808 4052 3953 4096 eon-

2456 4133 2824 4215 spectandO,
2877 4132 3185 4214 virgineis
3240 4131 3521 4194 brachiis
3575 4129 3947 4207 deferende,

857 4244 1099 4318 septem
1145 4234 1312 4296 dona
1351 4232 1623 4314 Spiritus
1665 4230 1875 4294 Sancti
1917 4231 2345 4313 accipiuntur,
2378 4237 2427 4298 D
2456 4232 2919 4313 amplectendo,
2948 4250 3127 4293 rosea
3168 4230 3331 4293 facie
3360 4229 3726 4306 osculandO,
3752 4230 3950 4293 sacris

859 4352 1001 4416 quae
1032 4332 1306 4395 fulciunt
1333 4338 1398 4393 et
1432 4338 1788 4392 sustentant
1817 4328 2097 4392 animam
2131 4329 2224 4392 eis
2254 4349 2350 4392 or-

859 4442 1094 4495 natam.
1128 4431 1300 4494 Dona
1343 4448 1620 4510 namque
1663 4428 1728 4490 in
1771 4427 2161 4509 adjutorium
2203 4429 2350 4490 dan-

860 4540 962 4593 tur
993 4529 1322 4603 virtutum,
1359 4535 1422 4590 et
1452 4545 1558 4589 eas
1587 4527 1886 4607 expedire
1925 4525 2247 4599 dicuntur,
2286 4527 2349 4589 id

857 4638 954 4693 est
999 4636 1324 4711 promptas
1365 4625 1574 4688 facere
1616 4626 1693 4687 ad
1739 4626 2053 4705 agendum
2091 4642 2104 4685 :
2142 4624 2207 4686 in
2249 4626 2354 4687 ad-

859 4727 1190 4811 jutorium,
1252 4726 1541 4806 inquam,
1593 4722 2091 4802 theologicarum
2153 4722 2351 4787 virtu-

863 4836 1018 4901 tum,
1069 4831 1260 4907 prout
1318 4823 1524 4904 primo
1578 4821 1906 4884 Moralium
1966 4822 2151 4884 docet
2206 4822 2353 4884 Gre-

860 4925 1114 5006 gorius;
1156 4931 1218 4985 et
1267 4940 1342 4984 ex
1391 4929 1683 5002 respectu
1739 4920 1993 4981 illarum
2041 4919 2352 4983 virtutum

861 5024 1162 5085 dicuntur
1199 5026 1520 5099 argentea,
1561 5016 1713 5097 quia
1751 5015 2058 5080 inferiora
2096 5036 2169 5079 ac
2209 5016 2354 5078 niti-

862 5119 964 5180 da.
997 5118 1516 5181 Reclinatorium
1553 5135 1854 5184 aureum,
1885 5114 1950 5176 id
1993 5123 2090 5176 est
2137 5115 2355 5177 arden·

865 5217 1174 5279 tissimam
1205 5215 1554 5291 caritatem,
1576 5232 1689 5295 per
1720 5232 1905 5294 quam
1941 5212 2355 5294 pudicissima

863 5313 1055 5395 Virgo
1096 5313 1384 5397 proxime
1422 5311 1882 5394 disponebatur
1919 5312 1999 5374 ad
2039 5311 2356 5394 concepti-

2458 4328 2761 4392 uberibus
2817 4329 3157 4391 nutriendo
3212 4348 3226 4393 :
3280 4327 3372 4391 sic
3427 4326 3614 4409 plane
3668 4328 3949 4390 recolen-

2457 4429 2537 4490 do
2589 4429 2760 4508 quod
2811 4447 2848 4490 a
2896 4426 3191 4490 Simeone
3244 4426 3550 4500 audierat,
3605 4425 3799 4487 Tuam
3852 4426 3946 4507 ip-
3986 4454 4209 4503 umas,

2458 4526 2591 4588 sius
2648 4526 2926 4588 animam
2991 4524 3399 4608 pertransibit
3455 4524 3755 4605 gladius;
3814 4524 3944 4588 imo

2459 4624 2628 4705 quod
2688 4644 2725 4686 a
2780 4623 3072 4687 Gabriele
3136 4632 3354 4686 sancto
3421 4632 3787 4705 perceperat
3838 4623 3947 4686 di-

2458 4732 2629 4786 ctum
2671 4741 2809 4785 esse
2857 4722 2934 4785 ad
2982 4721 3217 4804 Joseph
3263 4722 3341 4785 de
3380 4739 3599 4804 puero,
3645 4722 3783 4803 lpse
3826 4722 3949 4783 sal-

4016 4746 4165 4791 Maru.
4184 4758 4205 4791 ι.

2457 4840 2609 4884 vum
2654 4820 2848 4883 faciet
2890 4820 3200 4903 populum
3242 4838 3429 4882 suum
3458 4838 3496 4881 a
3526 4818 3801 4902 peccatis
3838 4838 3944 4882 eo-
3976 4814 4043 4854 ²¹·

2461 4938 2639 4997 rum;
2683 4920 2853 5000 quod
2899 4919 3051 4981 item
3090 4938 3167 4981 ex
3209 4917 3541 5000 Prophetis
3585 4926 3649 4981 et
3684 4917 3947 4980 Psalmis

2461 5026 2724 5080 noverat
2768 5017 3215 5099 prophetatum
3256 5018 3335 5079 de
3372 5016 3811 5079 amantissimo
3854 5016 3949 5078 Fi-

2462 5115 2549 5177 lio
2598 5133 2738 5192 suo,
2788 5116 3107 5177 Foderunt
3152 5133 3380 5178 manus
3428 5134 3599 5177 meas
3644 5124 3710 5177 et
3752 5115 3943 5197 pedes
3972 5138 4201 5184 pantu.

2462 5232 2660 5290 meOS,
2692 5232 2767 5275 ac
2816 5213 3017 5275 multa
3064 5212 3303 5275 similia
3344 5232 3357 5277 ε
3394 5212 3949 5277 vehementissime

2464 5310 2867 5389 condolebat,
2922 5319 2985 5374 et
3033 5310 3565 5383 concutiebantur
3608 5310 3823 5375 omnia
3860 5311 3949 5375 vi-
