4284 6267
820 507 964 572 ‘162
1464 525 1813 572 eumuna
1854 525 1919 571 m
1960 525 2098 571 car.
2145 525 2292 570 xxv1
2334 522 2816 570 raovnnmonmt.
2863 541 2944 552 --
2984 524 3126 569 aar.
3171 523 3318 569 xxvi

846 713 964 757 nec
1010 694 1169 772 vult,
1214 697 1287 755 in
1340 699 1649 776 loquendo
1696 697 1981 756 cohibere
2024 698 2336 773 spiritum
2365 695 2414 756 A
2443 713 2555 776 per
2589 692 2846 776 propria
2879 694 3076 758 verba
3105 693 3348 777 pandit.
3380 693 3525 756 Ideo
3553 693 3642 755 ait
3669 690 3936 754 Psalmi-

844 812 1035 852 suum
1074 811 1113 853 a
1157 792 1370 855 verbis
1416 791 1765 874 superfluis
1816 800 1879 854 et
1927 791 2221 869 incautiS‚
2255 792 2335 854 ab
2445 799 2542 854 sta
2575 813 2588 856 :
2623 792 2862 856 Cohibe
2893 792 3176 874 linguam
3209 801 3380 855 tuam
3414 812 3453 854 a
3479 792 3667 854 malo.
3703 791 3780 852 Et
3801 791 3935 852 alia
3991 809 4072 852 1³⁸.
4091 822 4221 861 nm,

848 887 1283 952 invisibilibus
1322 889 1612 953 hostibus
1659 890 1935 952 faciliter
1972 899 2331 972 superatur,
2445 891 2600 953 dicit
2643 891 2960 973 scriptura
2991 911 3006 954 :
3045 891 3254 954 Verba
3291 891 3701 974 prudentium
3743 898 3938 952 state—
3969 875 4223 981 'gech-’m'

848 987 1099 1050 laeditur
1126 997 1191 1051 et
1221 997 1481 1052 necatur
1516 1007 1529 1050 :
1562 990 1867 1070 quoniam
1911 989 2182 1070 ipsemet
2221 1007 2337 1051 sua

2449 1009 2518 1051 ra
2549 989 3095 1072 ponderabuntur.
3129 989 3206 1050 Et
3237 988 3394 1052 alibi
3432 1007 3446 1050 :
3485 987 3800 1070 Numquid
3831 989 3938 1050 vir
3967 999 4038 1038 28·

846 1084 1229 1167 loquacitate
1276 1096 1497 1150 contra
1543 1107 1612 1150 se
1662 1095 1921 1169 pugnat,
1958 1107 2135 1149 suam
2185 1106 2338 1167 quo-

2447 1087 2755 1152 verbosus
2782 1087 3282 1170 justificabitur?
3315 1087 3624 1150 Ponamus
3651 1105 3800 1168 ergo
3829 1107 3938 1150 cu·
3979 1059 4214 1172 ἕῗεῗζέ,

845 1203 972 1264 que
1001 1184 1464 1267 insipientiam,
1486 1186 1857 1262 vanitatem,
1884 1186 2330 1262 incustodiam,

844 1281 1293 1363 cogitationem
1342 1292 1403 1345 et
1450 1282 1863 1346 affectionem
1922 1283 2334 1346 audientibus

2447 1185 2720 1248 stodiam
2755 1185 2850 1248 ori
2883 1195 3121 1261 nostro,
3155 1195 3219 1248 et
3249 1186 3484 1248 ostium
3520 1185 3938 1248 circumstan-

2449 1285 2552 1347 tiae
2585 1284 2772 1346 labiis
2805 1285 3064 1347 nostris.

1882 1715 2533 1802 ARTICULUS
2611 1717 2901 1800 XXVI

956 1987 1267 2034 Expostrlo
1311 1988 1586 2036 CAPITULI
1628 1988 1891 2034 vmuslm
1934 1988 2108 2033 sexu
2155 1988 2169 2032 :
2215 1987 2497 2042 QUOMODO
2539 1986 2647 2032 le
2689 1986 2755 2032 IN
2796 1987 3064 2044 AESTATE,
3110 1988 3186 2033 m·
3229 1987 3459 2033 vam
3503 1987 3566 2031 IN
3607 1987 3822 2046 HESSB,

1810 2088 1899 2134 s1c
1950 2085 2244 2132 INDECENS
2297 2086 2409 2131 EST
2460 2086 2680 2132 s'rUL'ro
2737 2086 2980 2132 GLORIA.

679 2365 705 2419 1
1008 2367 1355 2428 UOMODO
1380 2369 1504 2426 nim
1532 2368 1604 2426 in
1633 2375 1847 2428 (estate
1880 2364 2340 2429 inconveniens
2379 2363 2426 2424 B
2452 2365 2762 2428 dundabit
2807 2384 2821 2427 :
2856 2365 3160 2448 quoniam
3203 2367 3320 2428 etsi
3363 2385 3489 2430 non
3531 2375 3754 2430 noceat
3781 2365 3838 2429 ei
3873 2366 3944 2428 in

858 2361 989 2563 Q
1016 2472 1132 2540 est,
1168 2472 1385 2546 utpote
1424 2473 1648 2526 contra
1686 2464 1944 2527 solitum
1989 2472 2230 2526 naturae
2269 2483 2340 2526 ac
2451 2483 2642 2545 quem
2673 2464 3020 2546 profertur,
3059 2465 3324 2528 vertitur
3357 2475 3566 2529 tamen
3598 2465 3664 2527 in
3695 2465 3943 2528 crimen

854 2563 1157 2645 temporis
1206 2582 1486 2639 cursum,
1512 2581 1585 2626 eo
1624 2565 1793 2645 quod
1844 2563 1953 2625 nix
2000 2572 2341 2644 generetur
2450 2562 2511 2624 ei
2543 2563 2654 2644 qui
2691 2564 2956 2645 protulit
3001 2564 3182 2641 illud,
3217 2573 3282 2626 et
3321 2565 3386 2626 in
3415 2582 3524 2627 eos
3554 2563 3666 2645 qui
3697 2563 3755 2626 ei
3790 2582 3946 2626 con-

852 2679 929 2723 ex
965 2660 1198 2740 frigore
1226 2678 1479 2741 magnO,
1513 2663 1572 2720 et
1594 2663 1844 2740 pluviae
1876 2664 1945 2722 in
1992 2682 2181 2722 messe
2211 2678 2340 2723 non
2453 2661 2757 2722 sentiunt.
2811 2661 2952 2724 ldeo
3001 2670 3219 2725 monet
3261 2662 3601 2744 Apostolus
3635 2682 3648 2725 :
3685 2662 3946 2724 Benedi-
4019 2683 4219 2729 affixa.

851 2767 1232 2839 congruunt,
1266 2757 1418 2840 quia
1466 2759 1710 2823 nocivae
1755 2768 1903 2821 sunt
1941 2759 2199 2837 bladis3
2248 2761 2342 2819 sic
2453 2759 2576 2822 cite
2637 2760 3168 2841 persequentibus
3220 2779 3334 2824 vos
3371 2780 3386 2840 ;
3443 2761 3822 2836 benedicite,
3875 2769 3946 2822 et
3977 2748 4043 2787 ¹⁴·

850 2859 1147 2918 indecens
1175 2868 1265 2918 est
1292 2861 1484 2919 stulto
1508 2861 1751 2936 gloria,
1785 2859 1845 2921 id
1878 2867 1976 2922 est
2007 2858 2180 2921 fama
2215 2858 2342 2921 cla-
2443 2857 2650 2932 ,nolite
2707 2858 3108 2921 maledicere.
3161 2859 3370 2922 Nihilo
3418 2859 3632 2922 minus
3678 2858 3943 2941 quidam

850 2975 939 3033 ra,
982 2957 1136 3038 quia
1166 2957 1467 3038 indignus
1506 2967 1601 3020 est
1632 2978 1727 3034 ea,
1766 2958 1867 3020 vel
1901 2959 2105 3022 honor
2135 2977 2281 3020 man
2297 2958 2342 3018 i-
2449 2956 2527 3019 ad
2568 2957 3078 3020 maledicendum
3119 2957 3264 3020 aliis
3304 2957 3494 3021 valde
3536 2958 3724 3041 proni
3765 2967 3940 3035 sunt,

852 3053 1073 3131 festuS,
1107 3055 1219 3136 qui
1257 3056 1523 3120 debetur
1560 3056 1927 3133 virtutibuS,
1962 3075 2091 3119 non
2142 3075 2343 3118 mora·
2451 3056 2709 3136 jamque
2773 3056 3107 3138 impletum
3167 3065 3264 3119 est
3320 3057 3492 3138 quod
3549 3055 3704 3120 Osee
3760 3076 3946 3120 asse—

851 3153 1019 3215 libus
1080 3161 1347 3230 tantum,
1396 3155 1505 3216 sed
1568 3155 2162 3234 intellectualibus3
2213 3155 2337 3231 vel,
2456 3155 2535 3215 rit
2579 3175 2593 3218 :
2637 3155 3034 3217 Maledictum
3083 3164 3145 3218 et
3193 3155 3636 3233 homicidium,
3685 3156 3951 3219 menda-
3996 3176 4208 3224 osee-m.

850 3250 1084 3328 Gloria,
1142 3250 1205 3314 id
1262 3261 1358 3316 est
1411 3252 1630 3316 laetitia
1686 3273 1701 3316 ε
1758 3273 1961 3335 quum
2025 3253 2202 3316 enim
2261 3253 2343 3314 sit
2455 3253 2646 3332 cium,
2711 3253 2948 3317 furtum
3012 3264 3078 3317 et
3131 3256 3514 3318 adulterium
3581 3255 3948 3319 inundave-

852 3350 1105 3428 stultus,
1142 3368 1269 3413 non
1303 3350 1495 3414 habet
1528 3350 1593 3412 in
1630 3370 1695 3413 se
1736 3353 1903 3414 unde
1943 3352 2232 3414 ordinate
2271 3371 2344 3413 ac
2455 3361 2625 3415 runt.
2667 3354 2774 3415 Est
2805 3363 3017 3416 autem
3049 3355 3447 3430 maledicere,
3481 3355 3718 3417 malum
3749 3353 3947 3417 alicui

853 3447 1271 3529 spiritualiter
1311 3449 1716 3530 jucundetur.
1752 3451 2228 3526 Verumtamen,
2263 3458 2347 3512 et·
2458 3451 2792 3534 imprecari
2828 3469 2840 3514 :
2876 3454 3046 3533 quod
3079 3473 3155 3516 ex
3183 3472 3298 3516 suo
3327 3471 3560 3534 genere
3589 3461 3686 3516 est
3715 3457 3954 3516 morta'-

856 3545 911 3608 si
953 3546 1169 3624 stulto,
1202 3554 1274 3608 ut
1309 3546 1442 3621 tali,
1477 3566 1604 3609 non
1648 3556 1956 3628 congruat
1996 3547 2220 3628 gloria,
2258 3557 2347 3610 ta-
2382 3553 2426 3616 C
2459 3550 2517 3613 le
2546 3559 2609 3613 et
2635 3551 2883 3612 caritati
2920 3552 3334 3628 contrarium,
3355 3571 3554 3633 quum
3593 3559 3655 3614 et
3684 3552 3953 3633 Aposto-

858 3661 1003 3705 men
1050 3643 1105 3704 si
1150 3643 1364 3707 forsan
1404 3645 1699 3727 praelatus
1738 3647 1838 3722 sit,
1875 3654 1985 3708 aut
2024 3646 2089 3707 in
2130 3645 2347 3727 aliqua
2459 3650 2559 3711 lus
2605 3649 2898 3726 fateatur,
2933 3650 3147 3732 Neque
3191 3650 3487 3714 maledici
3529 3669 3788 3732 regnum
3831 3649 3950 3713 Dei
4020 3668 4094 3712 ιι·
4095 3679 4217 3713 .....

860 3741 1207 3808 eminentia
1242 3744 1645 3820 constitutuS,
1679 3745 2089 3807 honorandus
2132 3752 2228 3806 est
2257 3763 2349 3806 ra·
2461 3748 2878 3829 possidebunt
2915 3769 2930 3811 :
2967 3756 3156 3830 prout
3199 3748 3264 3811 in
3307 3749 3585 3811 secunda
3627 3748 3948 3824 secundm,
3985 3735 4047 3774 ¹⁰·

861 3839 1030 3902 tione
1078 3841 1429 3922 praelaturae
1476 3851 1586 3904 aut
1631 3842 1980 3924 dignitatis.
2026 3843 2205 3905 Unde
2254 3862 2350 3904 sa·
2460 3845 2810 3926 quaestione
2861 3846 2958 3922 76,
2995 3846 3264 3908 Thomas
3314 3847 3612 3910 declarat.
3656 3848 3950 3910 Attamen

2461 3944 2662 4006 sancti
2695 3944 2815 4006 viri
2846 3945 3144 4026 leguntur
3172 3945 3557 4026 quandoque
3596 3943 3954 4008 maledixis-

2463 4062 2531 4106 se
2571 4043 2833 4124 iniquiS‚
2866 4043 3400 4124 quemadmodum
3442 4051 3668 4124 quarto
3707 4043 3950 4123 Regum

862 3939 1256 4002 cratissimus
1307 3939 1604 4022 princeps
1647 3941 1982 4024 apostolici
2032 3942 2276 4004 ordinis
2331 3959 2345 4003 :

598 4061 765 4106 {Petra
791 4075 833 4113 u,
865 4037 1562 4120 Servi,inquit,subditi
1593 4049 1790 4103 estote
1822 4041 1887 4102 in
1917 4041 2093 4104 omni
2125 4041 2351 4103 timore

574 4127 639 4168 ¹⁸·
865 4136 1164 4212 dominis,
1218 4155 1345 4200 non
1393 4146 1638 4200 tantum
1687 4138 1871 4202 bonis
1914 4148 1977 4203 et
2019 4139 2348 4216 modestiS,
2463 4142 2709 4205 Eliseus
2747 4142 2962 4224 pueris
2994 4141 3227 4224 praviS,
3265 4150 3328 4205 et
3357 4142 3654 4224 princeps
3685 4142 3953 4224 Aposto-
4019 4168 4216 4221 Mean.

865 4234 974 4296 sed
1018 4242 1082 4297 et
1121 4235 1421 4317 dyscoliS.
2405 4295 2412 4300 .
2464 4241 2671 4303 lorum
2711 4240 2954 4303 Simoni
2985 4259 3204 4321 mago;
3247 4241 3355 4303 sed
3403 4240 3551 4303 talia
3591 4240 3755 4304 facta
3800 4249 3952 4303 sunt
3981 4233 4218 4336 {Cuma

688 4339 723 4392 2
948 4333 1122 4396 Nam
1154 4336 1321 4394 sicut
1358 4336 1501 4394 avis
1538 4338 1625 4394 ad
1656 4339 1795 4395 alca
1828 4341 2261 4408 transvolare-5,
2295 4346 2355 4396 et
2461 4339 2593 4402 zelo
2630 4339 2914 4420 justitiae,
2950 4357 3077 4401 non
3111 4337 3351 4402 affectu
3381 4338 3511 4414 irae,
3540 4338 3813 4413 invidiae,
3841 4347 3956 4400 aut
4150 4324 4160 4338 ⁹

856 4451 1081 4508 passer
1109 4435 1387 4512 quolibet
1419 4437 1709 4494 vadens:
1743 4435 1805 4496 id
1856 4444 1973 4510 est,
2012 4435 2176 4498 sieut
2219 4435 2354 4498 avis
2465 4437 2694 4500 similis
2744 4437 2926 4500 malae
2971 4437 3225 4500 radicis,
3259 4437 3373 4500 Vel
3425 4437 3754 4519 imprecati
3803 4445 3954 4498 sunt

868 4529 1089 4592 volans
1140 4530 1203 4592 in
1248 4531 1447 4593 altum
1492 4531 1656 4594 aeris
1706 4532 1939 4608 locum,
1982 4533 2060 4595 ad
2101 4542 2354 4616 tempus
2465 4537 2609 4598 aliis
2649 4536 2816 4599 mala
2853 4535 3152 4618 poenalia,
3187 4555 3315 4599 non
3359 4536 3425 4597 in
3455 4545 3765 4617 quantum
3803 4543 3955 4596 sunt

870 4627 937 4690 in
976 4636 1153 4691 motu
1192 4637 1303 4707 est,
1338 4629 1569 4692 deinde
1607 4629 1845 4692 alicubi
1876 4632 2244 4712 requiescit,
2279 4632 2358 4694 si·
2466 4635 2652 4711 mala,
2689 4636 2798 4697 sed
2830 4643 2900 4696 ut
2929 4635 3098 4716 justa
3135 4633 3474 4716 supplicia,
3519 4643 3584 4696 et
3619 4633 3958 4716 purgantia

870 4727 1107 4790 militer
1156 4747 1372 4810 passer
1420 4728 1658 4791 vadens
1708 4729 1978 4793 volando
2030 4739 2140 4792 aut
2190 4730 2436 4796 inec-D
2467 4732 2703 4796 avitiis
2736 4733 2802 4794 in
2831 4733 3129 4814 praesenti
3157 4732 3726 4814 :quemadmodum
3763 4731 3957 4813 judex

868 4827 1076 4889 dendo
1118 4825 1430 4908 quolibet,
1456 4826 1517 4889 id
1564 4836 1659 4889 est
1701 4829 1779 4890 ad
1823 4827 2101 4909 aliquem
2144 4829 2357 4892 locum
2468 4829 2791 4894 maledicit
2841 4848 2968 4904 reo,
3006 4829 3069 4891 in
3111 4848 3302 4910 quem
3341 4828 3768 4892 damnationis
3814 4846 3960 4911 pro-

871 4924 937 4987 in
968 4943 1095 5006 quo
1124 4925 1434 5001 subsistit,
1459 4924 1583 5001 vel,
1618 4925 1750 4998 Quo
1780 4926 1957 5001 libet,
1995 4926 2057 4989 id
2089 4936 2206 5004 est,
2232 4946 2359 5009 quo

872 5021 995 5085 sibi
1025 5022 1367 5105 placuerit3
1397 5026 1490 5084 sic
1513 5025 1933 5084 maledictum
1952 5025 2206 5100 frustra
2217 5047 2363 5103 pro-

872 5125 1103 5193 lacum,
1122 5122 1184 5185 id
1217 5131 1313 5184 est
1342 5122 1610 5186 verbum
1644 5122 2112 5186 maledictionis
2141 5134 2360 5187 contra

870 5220 1140 5284 alterum
1189 5221 1425 5302 injuste
1475 5221 1979 5304 pronuntiatum,
2025 5225 2097 5284 in
2144 5245 2362 5304 quem-

866 5321 1055 5400 piam
1100 5323 1517 5397 superveniet,
1554 5321 1617 5383 id
1664 5329 1781 5394 est,
1819 5320 1884 5384 in
1934 5320 2216 5403 aliquem
2273 5343 2362 5387 re-

2471 4929 2592 4992 fert
2642 4927 3022 4992 sententiam
3059 4947 3075 5008 ;
3122 4927 3217 4990 vel
3255 4928 3370 5010 qui
3411 4927 3588 5010 cupit
3637 4927 3819 4990 alteri
3865 4926 3956 4987 in-

2474 5026 2844 5092 firmitatem
2873 5034 2938 5089 et
2973 5025 3445 5102 adversitatem,
3489 5033 3559 5087 ut
3599 5043 3712 5108 per
3741 5043 3846 5088 eas
3873 5023 3958 5086 ab

2471 5124 2921 5207 iniquitatibus
2955 5125 3332 5188 retrahatur.
3368 5123 3536 5186 Istud
3580 5132 3790 5186 tamen
3828 5141 3957 5186 non

2471 5231 2567 5288 est
2603 5224 2860 5306 proprie
2898 5222 3298 5300 maledicere,
3333 5223 3488 5304 quia
3534 5238 3663 5286 non
3707 5229 3962 5304 optatur

2473 5324 2712 5385 malum
2743 5319 2814 5384 1‘1t
2849 5320 3001 5385 tale.
