4284 6267
124 1223 186 1265 Ρε.
200 1236 329 1276 ατηι,

179 1797 234 1851 11

99 2009 335 2063 manus.

97 5266 186 5310 Ps.
201 5280 306 5319 nm,
321 5270 363 5312 ⁶.

979 543 1328 590 Emunxi-10
1371 542 1432 589 m
1474 543 1611 589 cxi».
1659 542 1724 589 111
1767 542 2007 590 cANTlcl
2048 542 2449 591 cANricomna.
2496 566 2576 575 —
2617 546 2757 592 Anr.
2804 546 2867 592 1x
3348 530 3466 593 355

359 710 612 774 unitate
635 711 934 776 Ecclesiae
955 713 1580 795 delectentur,atque
1610 714 1676 776 in
1707 732 1868 777 com·
1894 710 1945 774 A
1975 721 2207 777 nostrae
2236 715 2457 778 salutis
2496 716 2815 799 mysteria.
2853 717 2999 781 ldeo
3041 718 3339 780 subditur
3364 738 3377 782 :
3403 729 3463 779 ec

357 808 676 873 munione
720 812 972 893 mystici
1022 812 1306 894 corporis
1356 812 1588 875 Christi
1643 812 1863 893 sponsi

361 908 468 969 sui
501 919 918 991 permaneant
948 929 1020 973 ac
1057 911 1361 987 ditentur,
1397 911 1700 991 quoniam
1737 930 1866 971 om-

365 1026 482 1069 nes
532 1008 600 1069 in
649 1008 912 1072 caritate
960 1009 1356 1085 exsistenteS,
1407 1008 1531 1070 sibi
1581 1008 1856 1071 invicem

364 1104 836 1185 suffragantur,
859 1115 923 1169 et
964 1107 1191 1170 merita
1229 1126 1342 1169 sua
1385 1108 1860 1170 communicant

361 1210 558 1284 atque
611 1204 1016 1288 participant,
1070 1207 1245 1287 juxta
1296 1205 1453 1268 illud
1493 1222 1506 1266 :
1542 1204 1860 1285 particeps

363 1319 483 1381 ego
518 1322 662 1365 sum
693 1304 982 1366 omnium
1018 1304 1378 1366 timentium
1415 1310 1497 1365 te.

447 1400 568 1463 Sed
610 1404 914 1483 quoniam
953 1402 1330 1483 Unigenitus
1370 1400 1480 1465 Dei
1534 1400 1688 1463 fecit
1727 1401 1859 1463 haec

363 1518 481 1581 per
521 1510 914 1583 assumptam
964 1502 1448 1576 humanitatem,
1495 1509 1664 1564 recte
1714 1500 1864 1562 sub-

366 1596 646 1660 infertur
709 1598 1000 1677 monitio,
1063 1608 1132 1662 ut
1194 1598 1653 1663 incarnationis
1713 1599 1860 1679 ejus

367 1715 712 1779 pensemus
743 1698 1064 1780 mysteria,
1101 1708 1163 1761 et
1193 1708 1533 1781 assumptae
1569 1696 1862 1761 humani-

365 1795 514 1858 tatis
562 1795 1102 1878 glorificationem
1160 1798 1542 1860 intueamur.
1592 1798 1861 1874 Eyredz‘-

1975 814 2043 871 in
2075 815 2184 872 die
2213 815 2455 875 loecitioe
2496 818 2706 875 cordis
2734 817 2873 892 ejus
2908 838 2929 875 .·
2959 816 3109 897 quia
3156 817 3235 879 de
3285 836 3463 879 recu-

1976 912 2303 991 peratione
2344 912 2607 975 honoris
2645 914 2842 975 Patris
2881 916 3123 989 aeterni,
3149 935 3223 977 ac
3262 916 3464 977 salva—

1975 1009 2148 1072 tione
2177 1011 2427 1089 generis
2459 1011 2721 1073 humani
2754 1032 2999 1075 summe
3040 1014 3375 1094 gaudebat.

2051 1108 2316 1190 Insuper
2356 1118 2562 1191 potest
2600 1118 2661 1172 et
2704 1111 2791 1172 ita
2821 1112 3054 1193 exponi
3081 1130 3095 1173 ε
3121 1114 3333 1172 Videte
3371 1134 3463 1172 rc-

1965 1225 2110 1283 ⁴qem
2155 1210 2563 1269 Salomone-m
2601 1212 2673 1269 in
2712 1210 3100 1285 diademate,
3124 1230 3247 1290 quo
3290 1230 3462 1271 coro-

1973 1306 2159 1365 navit
2188 1326 2335 1366 eum
2365 1317 2571 1367 mater
2608 1328 2746 1379 sua,
2781 1307 2845 1369 id
2888 1316 2985 1370 est
3021 1307 3344 1369 Christum
3394 1308 3458 1369 in

1969 1398 2442 1478 glorificatione
2491 1420 2621 1463 suae
2668 1401 3083 1463 humanitatis
3119 1421 3133 1465 :
3168 1420 3295 1483 qua
3334 1402 3463 1481 glo-

1971 1496 2333 1561 rificatione
2388 1498 2896 1581 accidentalique
2956 1500 3237 1582 praemio,
3289 1501 3459 1582 quod

1970 1616 2084 1659 sua
2131 1596 2427 1679 passione
2476 1598 2847 1680 promeruit,
2898 1607 3199 1681 tanquam
3248 1599 3461 1661 diade-

1971 1704 2136 1757 mate
2168 1705 2527 1773 coronatur,
2554 1696 2718 1760 sicut
2749 1697 2814 1759 in
2855 1697 3100 1761 Psalmo
3132 1697 3403 1760 habetur
3437 1717 3451 1762 ε

1967 1794 2238 1857 Posuisti
2279 1794 2345 1855 in
2385 1795 2591 1877 capite
2622 1796 2759 1876 ejus
2802 1814 3099 1858 coronam
3130 1796 3208 1859 de
3247 1797 3457 1879 lapide
3512 1821 3737 1874 Pana,

368 1897 561 1967 mini,
615 1895 680 1957 id
739 1904 857 1972 est,
909 1904 1159 1959 mentes
1217 1904 1458 1959 vestras
1518 1895 1722 1958 levate
1779 1894 1857 1955 ad
1896 1894 1943 1956 B
1972 1894 2269 1975 pretioso.
2304 1894 2381 1955 Et
2407 1895 2747 1977 Apostolus
2789 1904 3177 1977 protestatur
3216 1916 3229 1960 :
3264 1896 3456 1959 Vide·
3502 1919 3753 1971 morato.

365 1992 905 2056 considerandum
952 1994 1326 2075 sequentia3
1376 1994 1543 2057 exite
1591 1994 1668 2056 de
1717 1992 1861 2055 lacu

366 2091 664 2167 miseriae,
688 2093 767 2155 de
799 2092 1264 2156 consuetudine
1293 2111 1511 2174 prava,
1550 2092 1627 2154 de
1658 2090 1861 2170 negli-

364 2189 584 2271 gentia
611 2210 684 2254 ac
711 2199 991 2274 torpore,
1025 2192 1104 2255 de
1145 2190 1413 2255 terrenis
1441 2191 1520 2253 ad
1560 2208 1858 2271 superna,

365 2289 444 2351 de
492 2289 858 2353 intellectus
905 2289 1452 2367 obtenebratione,
1508 2288 1864 2351 distractio-

369 2406 469 2462 ne,
510 2387 1094 2472 imaginationeque
1138 2388 1332 2464 foeda,
1374 2406 1538 2451 vana
1574 2406 1647 2450 ac
1689 2384 1865 2448 stoli—

349 2487 483 2565 ·da;
523 2496 586 2549 ec
615 2488 822 2548 videte
863 2486 1050 2549 oculo
1097 2485 1276 2561 fidei,
1327 2505 1362 2549 o
1393 2488 1553 2563 filice
1581 2488 1768 2553 Sion,
1798 2483 1863 2545 id

367 2592 484 2662 cst,
519 2604 558 2648 o
599 2584 830 2649 animae
878 2585 1311 2667 speculativae,
1358 2604 1467 2647 seu
1519 2584 1597 2645 ad
1647 2600 1866 2665 specu-

368 2683 632 2746 landum
662 2684 882 2746 divina
918 2690 1166 2761 creatae,
1191 2704 1400 2761 reyem
1432 2686 1861 2753 Salomonem,

357 2782 434 2845 ·i‹1
479 2789 580 2845 est
613 2780 937 2845 Christum
979 2801 1200 2845 verum
1239 2779 1610 2854 Pacificnm,
1647 2797 1864 2842 recon-

367 2880 725 2943 ciliatorem
765 2880 1144 2964 perfectum,
1196 2882 1266 2940 in
1315 2882 1708 2947 diademate,
1740 2896 1864 2957 quo

365 2980 703 3040 coronavit
731 3000 879 3039 eum
910 2988 1112 3040 mater
1143 2998 1264 3039 sua
1296 2977 1359 3039 in
1393 2984 1718 3057 assumpta
1749 2974 1865 3035 hu-

1972 2012 2110 2054 mus
2137 1992 2351 2055 Jesum
2382 2002 2643 2075 propter
2674 1994 3032 2076 passionem
3065 1995 3311 2073 mo'rtiS‚
3331 1995 3461 2075 glo-

1971 2091 2062 2153 ria
2104 2100 2167 2153 et
2211 2092 2452 2154 honore
2494 2102 2905 2172 coronatum3
2939 2102 3003 2155 et
3043 2093 3275 2169 denuo,
3319 2093 3461 2157 Pro-
3500 2119 3751 2175 Ριιειερμιι,

1969 2197 2109 2270 pter
2135 2190 2307 2269 quod
2340 2198 2403 2251 et
2441 2190 2603 2253 Deus
2635 2191 2934 2254 exaltavit
2966 2191 3169 2267 illum,
3195 2200 3257 2255 et
3288 2193 3463 2255 dedit
3490 2184 3530 2226 ⁹·

1969 2287 2064 2350 illi
2109 2307 2341 2351 nomen
2381 2290 2553 2371 quod
2599 2299 2693 2352 est
2738 2310 2928 2373 super
2970 2310 3157 2354 omne
3199 2311 3457 2355 nomen.

1969 2386 2229 2469 Propter
2265 2388 2437 2469 quod
2469 2387 2535 2450 in
2566 2389 2949 2471 Apocalypsi
2977 2398 3273 2453 asserunt
3304 2390 3460 2452 San-

1970 2484 2054 2547 cti
2090 2503 2103 2545 :
2140 2484 2376 2567 Dignus
2406 2494 2503 2549 est
2531 2488 2769 2567 AgnuS,
2804 2488 2914 2568 qui
2947 2488 3193 2552 occisus
3225 2497 3340 2565 est,
3367 2508 3465 2552 ac·
3493 2507 3753 2563 Apoe.v,¹2

1970 2583 2185 2665 cipere
2213 2584 2511 2647 virtutem
2552 2594 2611 2649 et
2652 2586 3080 2661 divinitatem,
3114 2595 3178 2649 et
3216 2588 3465 2670 sapien·
3520 2598 3525 2604 ’

1972 2683 2121 2745 tiam
2156 2691 2219 2746 ct
2250 2683 2554 2747 honorem
2586 2692 2649 2746 et
2678 2684 2961 2765 gloriam.
2982 2685 3139 2748 Hinc
3169 2687 3465 2767 passione

1971 2782 2658 2863 instante,deprecatus
2688 2790 2785 2843 est
2813 2782 3054 2845 Patrem
3084 2802 3098 2847 τ
3135 2783 3333 2859 Pater,
3362 2802 3467 2847 vc-
3491 2806 3753 2855 somma,

1971 2880 2066 2941 nit
2104 2879 2281 2955 hora,
2317 2878 2605 2942 clarifica
2644 2879 2877 2941 Filium
2932 2889 3136 2942 tuum.
3178 2882 3464 2961 Denique
3495 2871 3533 2911 ¹·

1972 2977 2092 3041 hoc
2137 2977 2493 3041 diademate
2532 2978 2857 3041 coronavit
2898 2977 3219 3041 Christum
3264 2987 3464 3041 mater

368 3076 696 3151 manitate,
721 3095 913 3158 quam
949 3094 1025 3138 ex
1053 3074 1314 3155 Virgine
1349 3074 1627 3157 gloriosa
1654 3092 1726 3136 ac
1757 3072 1865 3135 be-
1898 3078 1941 3141 C
1973 3097 2109 3153 sua,
2144 3077 2210 3140 id
2262 3084 2356 3140 est
2401 3076 2619 3139 Judaea
2666 3095 2777 3139 seu
2826 3076 3174 3159 Synagoga,
3214 3078 3292 3140 de
3339 3096 3465 3158 qua

369 3175 624 3239 nedicta
683 3174 1054 3256 assumpsit,
1119 3174 1550 3257 pulcherrime
1613 3171 1863 3235 cunctis

366 3273 610 3337 divinis
648 3272 1138 3336 charismatibus
1170 3272 1235 3333 in
1265 3280 1548 3353 extremo
1589 3270 1863 3334 termino

367 3371 764 3435 excellentias
824 3372 1207 3433 decoratam.
1267 3369 1401 3445 Qua
1460 3369 1866 3433 humanitate

368 3470 654 3534 Verbum
696 3478 1029 3546 aeternum,
1064 3469 1249 3552 quasi
1287 3470 1642 3532 diademate
1687 3487 1867 3532 coro-

373 3578 614 3633 natur:
656 3569 961 3651 quoniam
1013 3568 1305 3649 quamvis
1356 3567 1422 3629 in
1471 3587 1588 3630 sua
1635 3568 1866 3631 deitate

370 3667 728 3750 perfectum
759 3667 862 3742 sit,
897 3665 1265 3747 nulliusque
1296 3666 1626 3747 indigens3
1653 3675 1860 3729 tamen

374 3766 438 3829 in
503 3786 618 3829 sua
677 3765 1076 3829 humanitate
1121 3774 1185 3827 et
1233 3765 1674 3829 incarnat-ione
1735 3765 1869 3827 ine-

377 3864 784 3928 narrabiliter
835 3883 911 3927 ac
965 3863 1451 3946 praeclarissime
1506 3864 1741 3926 relucet
1796 3882 1868 3926 ac

376 3964 734 4027 declaratur
781 3961 1043 4025 infinita
1090 3961 1314 4045 pietaS,
1359 3962 1665 4041 dignatio,
1711 3961 1871 4024 cari-

379 4070 494 4137 taS,
513 4060 963 4125 munificentia
990 4060 1129 4142 ejus
1159 4061 1236 4122 ad
1267 4078 1466 4139 genus
1497 4060 1864 4135 humanum,

376 4171 440 4223 et
477 4160 690 4244 ipsum
721 4159 1000 4223 Verbum
1043 4166 1373 4234 aeternum,
1409 4178 1522 4240 per
1563 4178 1741 4220 suam
1785 4159 1871 4220 in-

1973 3176 2321 3238 secundum
2374 3194 2629 3238 carnem
2681 3182 2775 3237 est
2826 3184 3026 3251 ortus,
3060 3175 3213 3257 quia
3259 3176 3465 3239 cruci-

1975 3272 2118 3335 fixit
2168 3274 2462 3336 eumdem
2500 3290 2513 3335 :
2559 3292 2748 3354 quam
2793 3272 3278 3337 crucifixionem
3328 3273 3467 3355 ipse

1973 3373 2261 3436 Christus
2310 3392 2385 3435 ex
2433 3391 2683 3434 summa
2738 3372 3021 3449 caritate,
3073 3371 3461 3449 obedientia,

1976 3470 2232 3553 pietate,
2267 3480 2329 3533 et
2360 3470 2667 3552 patientia
2696 3469 3119 3533 libentissime
3156 3470 3472 3533 sustinen-

1976 3570 2080 3646 do,
2099 3570 2451 3652 promeruit
2482 3568 3009 3631 taliter·coronari
3042 3587 3079 3630 a
3110 3568 3235 3631 Deo
3265 3568 3464 3632 Patre.

1976 3673 2058 3730 In
2099 3670 2209 3729 die
2243 3669 2753 3745 desponsationis
2800 3686 2950 3741 suae,
2987 3666 3051 3728 id
3109 3675 3205 3729 est
3245 3666 3310 3728 in
3356 3686 3470 3730 sua

1977 3766 2439 3829 resurrectione
2496 3774 2559 3827 et
2614 3764 2890 3843 gloriosa
2950 3765 3327 3828 ascensione
3388 3766 3469 3827 ad

1979 3866 2263 3927 dextram
2309 3865 2509 3926 Patris
2558 3882 2571 3925 ε
2622 3863 2687 3925 in
2738 3883 2863 3944 qua
2912 3864 3015 3943 die
3062 3863 3472 3944 desponsavit

1979 3964 2100 4025 sibi
2149 3962 2496 4026 Ecclesiam
2552 3960 2987 4026 excellentiori
3037 3962 3225 4025 modo
3278 3981 3470 4043 quam

1978 4070 2145 4137 ante,
2182 4060 2571 4124 conserendo
2600 4061 2658 4124 ei
2688 4080 2765 4123 ex
2792 4068 2944 4123 tunc
2974 4059 3473 4123 affluentissima

1978 4158 2195 4239 gratiae
2224 4158 2549 4222 donalmo
2580 4166 2643 4221 et
2674 4167 2822 4222 tunc
2852 4158 3087 4221 dicitur
3118 4158 3245 4221 sibi
3278 4158 3471 4221 etiam

377 4258 813 4323 carnationem
843 4267 908 4321 et
945 4266 1335 4338 assumptam
1377 4256 1864 4332 humanitatem,
1903 4262 1952 4324 D
1982 4258 2479 4338 triumphantem
2509 4258 2929 4339 desponsasse
2959 4257 3332 4335 Ecclesiam,
3367 4256 3475 4319 lae-

381 4376 495 4421 nos
530 4356 888 4434 coronavit,
911 4374 986 4418 ac
1027 4363 1309 4418 nostram
1343 4362 1633 4416 naturam
1674 4354 1874 4417 maxi-

380 4475 482 4519 me
537 4454 900 4519 honoravit.
963 4452 1064 4516 Sic
1120 4460 1333 4515 autem
1394 4460 1595 4515 mater
1652 4452 1872 4533 sponsi

381 4555 568 4618 istius
625 4552 956 4619 coronavit
1003 4550 1213 4614 filium
1262 4570 1450 4613 suum
1499 4554 1570 4611 in
1617 4553 1724 4611 die
1767 4554 1873 4611 de-

379 4654 810 4731 sponsationis
849 4653 1062 4721 illius,
1094 4649 1157 4712 id
1206 4658 1302 4712 est
1350 4648 1416 4711 in
1463 4648 1618 4711 hora
1667 4648 1873 4711 incar-

383 4750 684 4827 nationiS,
733 4749 990 4831 quando
1045 4748 1244 4810 Filius
1293 4747 1401 4811 Dei
1459 4748 1873 4829 desponsavit

385 4849 506 4912 sibi
545 4848 920 4922 Ecclesiam,
944 4855 1006 4909 et
1041 4846 1370 4926 Virginem
1411 4853 1677 4907 matrem
1715 4842 1874 4907 fecit

385 4968 564 5009 suam
593 4965 894 5029 sponsam
925 4944 1334 5025 singularem,
1355 4963 1426 5005 ac
1461 4962 1605 5006 cum
1638 4962 1877 5005 assum-

387 5055 494 5129 pta
533 5054 761 5108 natura
787 5043 1044 5126 nuptias
1075 5042 1420 5105 celebravit
1452 5060 1524 5105 ac
1558 5041 1705 5103 iniit
1736 5060 1876 5123 per-

388 5144 640 5209 sonales
684 5160 698 5205 :
742 5142 910 5225 quod
959 5150 1162 5204 totum
1209 5140 1671 5222 jucundissime
1723 5139 1876 5204 fecit

389 5264 464 5307 ex
504 5243 766 5307 caritate
806 5239 1199 5323 plenissima,
1224 5238 1544 5301 exsultans
1584 5247 1652 5300 ut
1692 5238 1870 5319 gigas

389 5344 468 5409 ad
519 5341 900 5406 currendam
947 5338 1142 5417 viam,
1192 5346 1253 5401 et
1308 5338 1386 5400 ad
1429 5337 1862 5419 peragendum

1980 4353 2287 4417 tilicando
2344 4373 2483 4417 eam
2533 4354 2793 4436 speciali
2852 4356 3223 4438 recentique
3280 4355 3473 4419 modo

1979 4454 2057 4516 de
2100 4474 2216 4516 sua
2261 4453 2575 4535 corporali
2626 4454 2964 4536 praesentia
3002 4473 3075 4517 ac
3119 4454 3470 4536 triumphe,

1979 4560 2042 4616 et
2068 4552 2279 4633 praeda
2307 4571 2498 4633 quam
2530 4570 2745 4614 secum
2776 4552 2921 4614 tulit
2952 4552 3016 4614 in
3047 4552 3471 4628 ascendendO,

1980 4650 2286 4731 quoniam
2336 4667 2551 4711 secum
2600 4648 2863 4711 deduxit
2920 4648 3167 4711 animas
3216 4647 3479 4711 Sancto-

1981 4766 2144 4821 rum,
2188 4765 2345 4827 quas
2392 4745 2612 4809 eduxit
2656 4746 2736 4809 de
2783 4745 3009 4807 limbo.
3062 4746 3292 4828 Sicque
3341 4747 3477 4809 dies

1982 4845 2092 4908 illa
2127 4844 2252 4907 fuit
2288 4845 2423 4906 dies
2454 4845 2699 4905 laeticioe
2730 4845 2941 4903 cordis
2970 4843 3092 4920 sui,
3128 4862 3322 4925 quam
3370 4844 3477 4907 de-

1984 4943 2202 5025 inceps
2247 4961 2575 5023 nunquam
2621 4941 2879 5003 amittit.

2062 5041 2297 5122 ltaque,
2331 5059 2368 5103 o
2400 5039 2625 5102 fideles
2658 5040 2905 5115 animae,
2948 5039 3067 5102 hoc
3108 5040 3295 5103 modo
3324 5058 3476 5102 con-

1985 5139 2255 5201 siderate
2300 5138 2525 5217 Regem
2562 5144 2623 5201 et
2662 5156 2964 5218 sponsum
3012 5144 3318 5213 vestrum,
3359 5135 3473 5216 qui

1984 5245 2159 5299 tanta
2187 5245 2445 5319 propter
2477 5256 2587 5299 vos
2620 5235 2933 5312 toleravit,
2966 5242 3221 5316 tamque
3249 5234 3482 5316 glorio-

1983 5334 2235 5399 sissime
2264 5332 2683 5418 triumphavit
2705 5351 2719 5395 ι
2741 5341 3057 5415 quatenus
3086 5334 3227 5416 ejus
3262 5352 3473 5398 exem-
