4284 6267
811 470 929 533 244
1550 484 1901 533 mannum
1942 484 2006 531 m
2049 483 2189 532 m.
2225 484 2289 529 v1
2329 482 2767 533 accmsusm.
2813 506 2896 517 —
2935 487 3076 535 Aur.
3111 488 3175 533 v1

808 658 901 720 Ad
936 659 1254 734 tenebras,
1291 657 1349 719 id
1385 665 1483 720 est
1512 658 1592 720 ad
1629 656 2033 738 sepulcrum3
2064 665 2123 716 et
2154 657 2307 716 obli·
2336 652 2389 716 A
2417 664 2785 720 contentum
2834 656 3192 741 (potissimo
3235 656 3554 738 loquendo
3601 656 3678 720 de
3723 655 3906 738 cupi-

808 758 996 817 vione
1020 760 1339 818 delebitur
1366 777 1595 817 nomen
1625 757 1784 833 ejus,
1804 754 1867 816 id
1899 763 2013 829 est,
2036 754 2306 836 ipsemet
2414 755 2544 835 do),
2576 775 2650 819 ac
2701 766 2916 839 postea
2955 758 3183 819 iterum
3233 755 3447 838 cupiet
3491 755 3900 819 manducare.

807 854 934 918 cito
963 852 1083 917 erit
1110 874 1149 917 a
1175 855 1484 918 memoria
1520 854 1855 918 hominum
1894 852 2160 916 omnino
2197 853 2306 916 de-
2411 890 2492 899 —-
2520 852 2968 936 Spiritualiter,
3010 855 3218 920 omnis
3261 854 3440 918 labor
3483 853 3761 917 hominis
3803 862 3904 916 est

808 951 993 1029 letus,
1035 972 1151 1018 nec
1190 952 1413 1016 habuit
1457 971 1690 1016 nomen
1730 950 1853 1013 sibi
1900 951 2296 1033 impositum.
2413 951 2478 1013 in
2523 972 2632 1016 ore
2669 954 2832 1036 ejuS,
2873 955 3129 1037 quando
3163 954 3402 1035 jugiter
3440 952 3685 1016 laborat
3725 952 3906 1015 addi-

629 1054 665 1108 5
806 1052 955 1113 Νοη
994 1053 1163 1112 vidit
1188 1056 1408 1121 sotem,
1441 1051 1502 1113 id
1547 1060 1664 1129 est,
1698 1051 1851 1133 quia
1892 1068 2020 1113 non
2062 1049 2300 1132 prodiit
2411 1070 2586 1114 scere
2621 1052 2890 1134 aliquid,
2925 1062 2994 1114 ut
3035 1053 3307 1114 instruat
3343 1051 3527 1128 εΙίοε,
3561 1050 3662 1115 vel
3705 1060 3772 1114 ut
3801 1070 3904 1114 or-

806 1149 995 1213 vivus
1024 1168 1100 1212 ex
1128 1157 1349 1213 ventre
1378 1149 1459 1213 ad
1499 1150 1738 1229 lucem3
1774 1170 1979 1229 neque
2005 1150 2300 1226 coqnovit
2410 1160 2556 1213 nate
2585 1150 2889 1232 loquatur,
2909 1159 2972 1213 et
3001 1151 3321 1232 sapienter
3349 1150 3564 1232 eloqui
3596 1150 3897 1213 videatur.

518 2350 655 2396 Pron.
670 2366 715 2403 x,
732 2354 773 2395 7.

537 2450 616 2495 Ps.
638 2466 696 2502 ix.
714 2454 753 2495 6.

800 1249 1186 1310 distantiam
1225 1252 1376 1310 boni
1410 1260 1471 1309 et
1499 1251 1685 1316 mali,
1721 1248 1784 1311 id
1826 1255 1944 1325 θεῖ,
1987 1245 2299 1310 differen-

799 1345 955 1408 tiam
984 1345 1151 1410 inter
1178 1348 1411 1411 bonum
1442 1356 1503 1410 et
1535 1346 1769 1410 malum
1802 1365 1926 1409 non
1956 1354 2053 1409 est
2082 1362 2298 1426 exper-

799 1451 900 1506 tus
952 1444 1015 1506 in
1062 1447 1323 1523 mundo,
1375 1446 1529 1528 quia
1577 1464 1703 1510 non
1754 1444 1931 1508 venit
1975 1446 2051 1506 ad
2104 1462 2292 1505 usum

796 1543 1059 1607 rationis
1099 1545 1167 1607 in
1207 1545 1337 1609 vita
1376 1544 1697 1627 praesenti.
1731 1581 1811 1590 —
1842 1543 2156 1618 Secundo,
2188 1562 2295 1605 ex-

795 1652 1121 1723 ponuntur
1143 1643 1277 1706 haec
1308 1645 1386 1707 de
1416 1644 1675 1707 homine
1702 1644 1919 1719 divite,
1940 1642 2053 1704 diu
2075 1641 2294 1705 viven-

796 1750 878 1816 te,
906 1740 1203 1818 fecundo,
1237 1761 1356 1806 nec
1390 1750 1600 1806 tamen
1634 1752 1892 1825 potente
1924 1742 2015 1803 uti
2047 1739 2292 1804 divitiis

795 1838 928 1901 suis
977 1857 991 1902 ε
1036 1840 1149 1922 qui
1193 1842 1449 1918 frustra
1494 1843 1669 1902 venit
1717 1841 1795 1902 ad
1846 1858 2021 1923 opeS,
2070 1837 2174 1903 vel
2224 1838 2291 1899 in
2330 1835 2376 1896 B
2405 1839 2580 1903 Unde
2611 1840 2676 1902 in
2715 1840 3070 1905 Proverbiis
3107 1840 3350 1904 dictum
3379 1848 3473 1903 est
3509 1857 3524 1902 ε
3557 1840 3898 1922 Usquequo
3931 1863 4240 1911 Prot-‚¹22

796 1939 1129 2017 mundum,
1166 1938 1232 2001 in
1270 1958 1399 2022 quo
1439 1958 1565 2003 non
1597 1948 1694 2002 est
1733 1946 2109 2003 consecutus
2153 1936 2294 1999 feli-

799 2036 1077 2115 citatem,
1122 2048 1181 2098 et
1226 2041 1440 2117 peryit
1485 2043 1573 2100 ad
1618 2041 1920 2110 tenebrata,
1958 2038 2021 2100 id
2070 2046 2167 2100 θεῖ
2213 2038 2288 2098 ad

800 2144 1115 2199 tormenta
1140 2156 1214 2199 ae
1242 2136 1697 2217 desolationes3
1721 2147 1781 2197 et
1802 2138 2120 2197 oblivione
2136 2138 2296 2196 dete-

804 2236 981 2295 bitur
997 2256 1229 2297 nomen
1244 2237 1387 2312 ejus
1410 2256 1433 2295 .·
1463 2253 1538 2298 θο
1567 2234 1756 2298 modo
1784 2253 1914 2316 quo
1945 2234 2013 2296 in
2040 2234 2296 2297 Prover-

803 2331 925 2395 biis
953 2333 1195 2396 dictum
1232 2342 1329 2396 est
1362 2352 1376 2396 :
1410 2334 1650 2397 Nomen
1694 2332 2039 2414 impiorum
2078 2340 2297 2413 putre-

800 2440 965 2512 scet3
1006 2439 1070 2494 θῖ
1112 2432 1178 2493 in
1216 2432 1485 2509 Psalm0,
1529 2432 1768 2496 Nomen
1806 2450 2027 2494 eorum
2065 2428 2293 2492 delesti

800 2528 867 2591 in
916 2539 1242 2608 aeternum,
1278 2538 1341 2593 et
1387 2530 1453 2593 in
1498 2530 1801 2593 saeoulum
1848 2528 2085 2593 saeculi.
2142 2530 2288 2591 Non

797 2630 968 2690 vidit
1005 2634 1221 2697 solem,
1265 2630 1329 2691 id
1388 2639 1504 2705 est,
1557 2630 2042 2712 prosperitatem
2098 2635 2293 2709 atque

796 2727 1079 2790 laetitiam
1110 2746 1239 2791 non
1270 2737 1366 2791 est
1394 2736 1705 2810 expertuS,
1732 2747 1848 2791 nec
1879 2726 2088 2791 Solem
2113 2726 2295 2807 justi-

2504 1252 2677 1319 Quid
2705 1253 2890 1312 habet
2918 1253 3204 1328 amplius
3232 1252 3487 1328 sapiens
3515 1270 3554 1311 a
3583 1252 3814 1311 stulto?
3837 1260 3904 1310 et

2407 1351 2570 1428 quid
2599 1370 2880 1428 pauper,
2913 1349 3168 1432 supple,
3206 1368 3244 1411 a
3287 1348 3518 1412 divite?
3561 1348 3626 1411 id
3668 1357 3785 1421 θεῖ,
3832 1347 3902 1409 ἰιι

2408 1465 2536 1529 quo
2585 1447 2834 1511 excedit
2891 1448 3146 1529 sapiens
3206 1447 3540 1511 decoratus
3591 1446 3904 1529 sapientia

2405 1546 2578 1627 (quae
2606 1554 2702 1607 est
2740 1548 2982 1609 donum
3020 1565 3132 1608 seu
3172 1545 3400 1608 notitia
3434 1544 3900 1627 Scripturarum

2406 1662 2552 1705 cum
2583 1642 2956 1725 impletione
2986 1644 3233 1723 earum)
3263 1642 3550 1718 stultum,
3573 1643 3637 1704 id
3665 1651 3759 1706 est
3790 1642 3906 1704 ini·

2405 1760 2603 1822 quum
2657 1742 2723 1804 in
2778 1761 2908 1824 quo
2968 1742 3350 1824 puerilitatis
3408 1741 3636 1807 vitium
3695 1741 3900 1822 viget?

2403 1939 2582 2001 stulti
2625 1958 2700 2003 ea
2744 1958 2884 2021 quae
2931 1939 3056 2002 sibi
3108 1939 3336 2003 nociva
3383 1947 3550 2015 sunt,
3599 1938 3894 2021 cupient?

2400 2037 2661 2119 Propter
2690 2039 2860 2120 quod
2889 2040 3190 2101 admonet
3218 2038 3448 2100 Paulus
3474 2038 3716 2101 :Nolite
3751 2057 3898 2120 pue-
3926 2060 3988 2165 ὦ
4005 2062 4134 2105 cor.
4153 2076 4242 2113 m,

2405 2136 2459 2198 ri
2505 2135 2687 2199 effici
2723 2136 3041 2199 sensibus.
3089 2137 3165 2198 Et
3209 2136 3275 2198 in
3313 2154 3443 2219 quo
3486 2155 3727 2219 pauper
3765 2136 3896 2219 spi-

2405 2235 2553 2312 ritu,
2607 2235 2672 2297 id
2723 2244 2820 2298 est
2870 2235 3162 2313 humiliS,
3223 2254 3334 2298 seu
3387 2244 3646 2317 propter
3701 2235 3894 2299 Deum

2403 2332 2678 2397 libenter
2703 2352 2954 2415 egenuS,
2975 2334 3223 2398 excedit
3251 2333 3514 2398 divitem
3545 2334 3896 2415 cupidum?

2405 2434 2558 2494 Nisi
2601 2442 2674 2494 ut
2713 2444 2970 2511 peryat,
3003 2442 3129 2495 tam
3182 2432 3436 2515 sapiens
3486 2432 3653 2507 talis,
3705 2450 3896 2514 quam

2407 2548 2668 2612 pauper,
2717 2534 2880 2592 illuc
2923 2533 3038 2592 ubi
3081 2541 3171 2592 est
3219 2532 3355 2592 vita
3402 2530 3641 2612 glorias,
3690 2530 3754 2593 id
3801 2538 3900 2593 est

2405 2626 2730 2692 beatitudo
2767 2636 3024 2706 aeterna,
3059 2628 3163 2691 cui
3205 2628 3367 2691 nihil
3398 2629 3479 2691 de
3515 2628 3898 2692 mortalitate

2402 2734 2467 2789 et
2488 2727 2848 2791 calamitate
2871 2728 3196 2791 miscetur.
3215 2726 3392 2790 Unde
3421 2727 3729 2809 scriptum
3757 2736 3891 2791 est:

794 2826 900 2889 tiae
944 2826 1408 2907 consideravit3
1460 2848 1663 2907 neque
1707 2828 2001 2903 coynovit
2045 2828 2293 2886 distan-
2401 2824 2730 2889 Neminem
2778 2826 2986 2906 diligit
3033 2827 3216 2901 Βθιιε,
3271 2825 3394 2888 nisi
3445 2826 3556 2907 qui
3605 2845 3750 2889 cum
3800 2845 3894 2887 sa-
3925 2848 4232 2906 sapa-nge.

795 2927 956 2986 tiam
1002 2927 1152 2985 boni
1194 2935 1254 2986 et
1304 2927 1465 2986 mali
1494 2944 1517 2985 .·
1557 2925 1620 2986 id
1674 2932 1791 2997 est,
1843 2924 1977 2987 sola
2025 2925 2290 2987 adversa
2402 2924 2644 3004 pientia
2674 2924 3010 2987 inhabitat.
3043 2924 3120 2986 Et
3150 2924 3217 2985 in
3246 2923 3404 2987 Isaia
3437 2941 3453 2985 :
3486 2924 3620 2987 Non
3658 2933 3754 2988 est
3783 2942 3892 3007 po-
3921 2945 4232 2998 muman.

792 3030 1089 3105 expertus
1119 3031 1237 3101 est,
1270 3041 1400 3085 non
1437 3041 1761 3105 prospera,
1796 3030 1860 3085 et
1892 3021 1982 3085 ita
2020 3041 2150 3085 non
2183 3039 2287 3084 no-
2325 3022 2370 3088 C
2403 3022 2590 3103 pulus
2627 3023 2905 3104 sapienS,
2941 3022 3084 3086 ideo
3120 3040 3248 3085 non
3289 3022 3693 3085 miserebitur
3723 3023 3884 3104 ejuS,

792 3120 885 3185 vit
940 3130 1283 3203 utrumque
1331 3120 1613 3204 perfecte
1663 3138 1677 3182 ε
1732 3120 1883 3201 quia
1937 3122 2037 3201 (ut
2088 3120 2289 3182 fertur
2399 3119 2510 3202 qui
2562 3119 2716 3184 fecit
2764 3120 2970 3184 illum.
3021 3121 3097 3183 Et
3146 3120 3213 3182 in
3265 3120 3548 3185 Matthaeo
3603 3120 3890 3203 loquitur

790 3220 1242 3301 communiter)
1261 3219 1375 3301 qui
1413 3238 1543 3283 non
1575 3228 1671 3281 est
1702 3226 2139 3301 paupertatem
2176 3227 2287 3281 aut
2399 3219 2643 3282 Veritas
2679 3238 2692 3281 :
2725 3220 2896 3282 Beati
2936 3238 3247 3302 pauperes
3287 3218 3546 3302 spiritu,
3581 3219 3883 3301 quoniam
3917 3241 4118 3288 uasta
4133 3250 4226 3297 „a

792 3317 1232 3381 infirmitatem
1262 3326 1581 3400 expertuS,
1604 3318 1807 3380 nescit
1835 3317 1992 3399 quid
2025 3317 2109 3379 sit
2138 3336 2289 3399 opu-

792 3416 989 3481 lentia
1035 3424 1145 3479 aut
1190 3416 1451 3479 sanitas.
1492 3416 1629 3492 Vel,
1663 3416 1797 3479 Non
1845 3416 2144 3496 cognovit
2188 3416 2288 3478 di-

2400 3319 2684 3400 ipsorum
2732 3328 2827 3382 est
2874 3337 3142 3401 regnum
3191 3318 3530 3398 coelorum3
3580 3326 3772 3400 atque
3819 3318 3886 3379 in

2398 3416 2666 3494 Psalmo,
2701 3416 2915 3479 Parcet
2943 3416 3208 3498 pauperi
3235 3424 3299 3479 et
3329 3415 3527 3498 inopi,
3561 3424 3624 3479 et
3651 3416 3888 3479 animas
3917 3439 4224 3493 ptumus.

512 4224 617 4269 Gen.
634 4239 675 4278 v,
693 4227 760 4270 27.

791 3514 1087 3577 stantiam
1120 3514 1269 3577 boni
1298 3522 1362 3577 θῖ
1389 3514 1559 3591 mali,
1586 3514 1650 3576 id
1678 3521 1795 3591 est,
1828 3532 1956 3577 non
1987 3513 2290 3577 discrevit

793 3612 961 3677 inter
1017 3612 1283 3677 virtutos
1334 3620 1397 3675 et
1453 3612 1629 3676 vitia.
1677 3612 1807 3676 imo
1862 3630 2006 3693 quae
2063 3612 2288 3675 illicita

792 3720 961 3787 sunt,
1010 3710 1185 3775 licita
1228 3710 1564 3793 reputavit.

872 3812 1094 3871 Etiam
1121 3813 1182 3871 si
1208 3811 1457 3870 duobus
1484 3810 1775 3870 millibus
1812 3811 2009 3869 annis
2038 3812 2282 3870 vioeerit

790 3907 981 3972 homo
1024 3925 1039 3970 :
1082 3927 1281 3990 quum
1328 3916 1539 3969 tamon
1590 3925 1777 3970 nemo
1824 3906 1891 3969 in
1942 3907 2285 3990 Scripturis

791 4007 1033 4087 legatur
1074 4006 1249 4069 mille
1286 4005 1471 4068 annis
1511 4005 1781 4085 vixisso;
1814 4006 1925 4069 sed
1969 4006 2285 4069 Mathusa-

791 4103 917 4168 lem
962 4105 1075 4187 qui
1112 4104 1338 4167 ceteris
1376 4103 1618 4165 diutius
1662 4104 1985 4167 invenitur
2021 4105 2277 4180 vixisse,

2399 3534 2749 3599 pauperum
2794 3515 3002 3578 salvas
3045 3514 3257 3577 faciet.
3307 3514 3449 3589 Sed,
3496 3513 3652 3578 heu!
3701 3515 3886 3577 multi

2397 3624 2567 3689 sunt,
2613 3616 2679 3677 in
2728 3613 2962 3696 quibus
3007 3613 3378 3676 detestanda
3420 3613 3749 3695 puerilitas
3791 3632 3890 3677 re-

2395 3723 2567 3795 gnat.
2618 3714 2878 3796 Propter
2926 3713 3096 3793 quod
3150 3712 3388 3775 Seneca
3432 3720 3816 3794 protestatur
3865 3733 3881 3778 :

2395 3814 2586 3877 Multa
2636 3814 2802 3876 bona
2859 3820 3074 3875 nostra
3125 3810 3310 3874 nobis
3361 3820 3612 3875 nocent.
3663 3812 3886 3875 Adhuc

2397 3912 2568 3975 enim
2599 3912 2667 3973 in
2710 3911 2894 3973 nobis
2934 3928 3062 3973 non
3103 3909 3397 3992 pueritia,
3431 3910 3540 3973 sed
3581 3911 3752 3992 quod
3790 3919 3887 3973 est

2395 4010 2675 4091 graviuS,
2726 4008 3056 4091 puerilitas
3101 4016 3405 4070 remanet.
3453 4006 3530 4069 Et
3576 4008 3697 4071 hoc
3743 4009 3886 4090 qui-

2392 4109 2535 4171 dem
2573 4108 2756 4191 pejor
2793 4113 2910 4183 est,
2955 4106 3124 4187 quod
3163 4105 3608 4169 auctoritatem
3652 4125 3876 4170 senum

789 4203 975 4266 annis
1017 4203 1355 4283 nongentis
1398 4202 1720 4283 sexaginta
1764 4222 1994 4266 novem
2046 4203 2280 4267 vixisse
2311 4203 2359 4263 D
2394 4206 2723 4279 habemuS‚
2769 4213 2834 4267 et
2875 4204 3031 4266 vitia
3073 4222 3438 4286 puerorum.

790 4309 1082 4363 narrat-ur
1121 4301 1186 4363 in
1222 4300 1487 4379 Genesi3
1526 4311 1586 4361 et
1614 4321 1745 4363 non
1771 4303 1979 4379 fuerit
2019 4303 2282 4380 perfru-

788 4402 920 4461 itus
966 4402 1165 4472 bonis,
1216 4401 1327 4463 sed
1375 4399 1611 4481 jugiter
1664 4400 1870 4478 maliS‚
1924 4400 2130 4463 adhue
2185 4409 2280 4463 ta-

786 4517 934 4561 men
981 4497 1269 4562 abortivo
1316 4498 1609 4561 miserior
1653 4507 1769 4573 est,
1818 4499 2175 4581 praesertim
2225 4499 2280 4561 si

786 4615 915 4659 non
952 4595 1150 4660 fuerit
1180 4596 1529 4679 perfruitus
1573 4596 1754 4660 bonis
1791 4597 2009 4678 gratiae
2045 4616 2118 4661 ac
2155 4598 2283 4660 vir·-

786 4703 1017 4760 tutum.
1052 4698 1282 4759 Nonne
1316 4700 1404 4759 ad
1444 4718 1649 4758 unum
1685 4702 1895 4759 locum
1926 4708 2279 4776 properant

784 4795 1056 4855 omnia?

856 4895 1079 4956 Omnis
1108 4895 1288 4954 labor
1316 4895 1598 4955 hominis
1627 4896 1701 4954 in
1730 4914 1838 4954 ore
1863 4895 2005 4971 ejus
2024 4914 2046 4955 .·
2070 4894 2134 4956 id
2163 4902 2276 4971 θεῖ,

784 4989 1098 5072 quidquid
1137 4989 1484 5056 laborando
1510 4991 1792 5072 acquirit
1826 4992 1904 5053 de
1936 4991 2125 5056 rebus
2159 5001 2283 5055 ter-

785 5090 980 5166 renis,
1031 5107 1141 5153 ore
1189 5108 1299 5153 seu
1348 5090 1737 5154 comestione
1780 5091 2132 5171 consumit3
2172 5095 2282 5151 sed

782 5191 1013 5249 anima
1058 5189 1199 5265 ejus
1246 5207 1377 5249 non
1426 5190 1853 5267 implebitur:
1897 5188 1959 5251 id
2006 5197 2123 5267 θεῖ,
2169 5207 2280 5253 cor

780 5287 923 5369 ejus
950 5286 1135 5369 plura
1162 5286 1567 5363 desiderabit,
1586 5305 1703 5349 nec
1733 5285 2131 5350 sufficientia
2157 5288 2280 5351 erit

2486 4307 2722 4367 Melius
2775 4312 2865 4363 est
2914 4305 3150 4374 videre,
3200 4301 3266 4364 id
3324 4310 3420 4365 ost
3473 4320 3876 4382 cognoscere,

2391 4407 2561 4484 quod
2588 4404 2840 4480 cupias,
2871 4402 2934 4463 id
2974 4409 3090 4475 est,
3134 4401 3300 4482 quod
3341 4400 3570 4464 merito
3609 4408 3674 4463 et
3715 4402 3882 4464 salu-

2392 4501 2590 4565 briter
2631 4508 2929 4583 appetere
2971 4500 3186 4575 debeS,
3232 4498 3528 4563 videlicet
3583 4499 3878 4562 ultimum

2394 4598 2618 4676 finem,
2666 4606 2730 4661 et
2766 4597 2982 4661 omnia
3025 4596 3380 4660 necessaria
3419 4615 3527 4659 seu
3575 4597 3759 4660 utilia
3801 4599 3878 4662 ad

2393 4717 2539 4762 oum
2570 4697 3076 4778 adipiscendum,
3099 4716 3296 4775 quam
3322 4698 3686 4758 desiderare
3711 4700 3882 4777 quod

2391 4798 2659 4864 nescias,
2691 4794 2754 4857 id
2785 4802 2902 4869 est,
2936 4794 3104 4875 quod
3147 4793 3264 4856 tibi
3301 4794 3557 4876 expedit
3589 4795 3879 4875 ignorare

2392 4894 2596 4974 magis
2643 4913 2832 4975 quam
2869 4893 3053 4969 scire,
3101 4900 3172 4955 ut
3217 4900 3364 4954 sunt
3412 4894 3876 4975 superstitiosa,

2392 4994 2658 5075 magica,
2703 4991 2955 5055 frivola.
2993 4990 3242 5053 Falsum
3287 5009 3545 5073 quoque
3588 5011 3714 5056 non
3760 4991 3880 5055 sci-

2391 5102 2517 5169 tur,
2550 5090 2844 5174 quamvis
2885 5089 3032 5153 sciri
3067 5098 3346 5171 putetur,
3381 5098 3450 5151 ut
3485 5090 3575 5153 ait
3599 5090 3879 5154 Philoso-

2391 5189 2575 5273 phuS.
2593 5193 2724 5252 Sed
2744 5199 2805 5249 et
2833 5192 2942 5249 hoc
2969 5192 3227 5250 vanitas
3254 5198 3365 5260 est,
3381 5198 3442 5249 et
3461 5192 3878 5267 praesumptio

2388 5291 2686 5369 spiritus,
2717 5287 2961 5351 scilicet
2987 5286 3346 5351 desiderare
3374 5288 3546 5369 quod
3576 5287 3822 5351 nescias
3857 5304 3874 5350 ε
