4284 6267
641 982 708 1038 17

643 1975 795 2049 18·

643 2164 712 2219 19

639 2359 712 2415 20

827 493 908 556 252
1516 507 1866 555 sumnum
1909 506 1972 553 m
2011 506 2151 553 cn.
2185 504 2272 551 vn
2312 503 2795 551 rnovssnmonmt.
2841 521 2922 534 —-·
2962 501 3103 549 aar.
3142 502 3227 548 vn

830 699 1044 740 meum
1091 700 1116 739 .·
1159 680 1312 760 quia
1366 680 1567 743 lectus
1624 681 1716 744 sic
1764 686 2176 762 praeparatuS,
2228 684 2325 739 est
2353 676 2406 738 A
2434 676 2601 737 tulit.
2644 675 2941 749 Quamvis
2984 674 3304 737 interdum
3349 691 3607 735 sensum
3644 690 3680 735 e
3730 688 3923 733 sensu

831 776 1124 858 mollior3
1164 782 1373 840 stravi
1416 781 1729 856 tapetibus
1763 780 1962 857 pictis
2003 799 2082 837 ex
2119 779 2327 853 AEqy-

826 884 962 951 pta,
998 876 1061 937 id
1106 884 1221 951 est,
1259 896 1373 958 per
1413 885 1622 959 tapeta
1663 877 1914 938 curiose
1958 876 2024 936 in
2059 874 2326 956 AEgypto

833 972 1082 1055 depicta
1112 974 1347 1036 lectum
1379 994 1592 1037 meum
1623 974 2197 1050 ornavi.Adspersi
2226 993 2328 1032 cu-

835 1075 960 1132 bile
988 1094 1201 1135 meum
1225 1078 1521 1152 myrrha,
1547 1085 1605 1134 et
1631 1078 1790 1145 aloe,
1807 1082 1865 1133 et
1893 1076 2323 1139 cinnamomo,

836 1169 898 1231 id
941 1178 1036 1233 est
1073 1172 1408 1253 speciebus
1447 1192 1558 1235 seu
1602 1170 1816 1233 herbis
1856 1171 1992 1232 istis
2032 1168 2329 1232 aromati-

833 1268 947 1345 ciS,
971 1278 1040 1330 ut
1069 1288 1287 1332 earum
1320 1270 1613 1333 delectati
1645 1271 1859 1345 odore,
1886 1267 2327 1331 delectabilius

834 1365 1236 1429 misceamur.
1272 1368 1461 1431 Porro
1501 1368 1641 1431 aloe
1678 1367 2191 1449 est—'suavissima
2236 1385 2330 1428 ar-

834 1463 972 1539 bor,
1006 1467 1192 1547 cujus
1240 1466 1485 1546 lignum
1535 1467 1674 1530 vice
1716 1486 1830 1529 seu
1877 1466 2014 1529 loco
2061 1466 2330 1547 thymia-

834 1562 1023 1624 matis
1053 1563 1362 1627 altaribus
1390 1564 1820 1627 adoletur.Est
1850 1581 2106 1644 quoque
2133 1561 2331 1625 herba

833 1662 1217 1723 amarissimi
1246 1664 1418 1726 succi
1456 1681 1470 1725 :
1502 1664 1613 1745 qui
1656 1682 1882 1726 succus
1924 1662 2127 1723 instar
2167 1660 2329 1744 picis

835 1760 1232 1840 constringit,
1265 1771 1330 1824 et
1367 1762 1552 1824 valde
1594 1770 1691 1824 est
1728 1760 2153 1823 medicinalis,
2186 1760 2331 1822 Cin-

2434 774 2656 855 magiS,
2691 794 2883 856 quam
2916 774 3183 837 verbum
3212 792 3247 835 e
3278 772 3471 835 verbo
3504 767 3919 845 transtulerit,

2436 873 2597 935 nihil
2653 883 2860 937 tamen
2912 874 2991 937 de
3034 872 3299 935 veritate
3348 869 3617 932 mutavit
3668 866 3925 931 Hebrai-

2435 992 2529 1034 ca.
2554 973 2789 1053 Estque
2818 972 3229 1047 credendum,
3263 969 3432 1052 quod
3463 975 3721 1051 propter
3750 983 3924 1028 com-

2436 1089 2629 1133 mune
2673 1071 2911 1133 bonum
2960 1070 3279 1143 Ecclesiae,
3327 1067 3599 1149 Spiritus
3654 1064 3923 1127 Sanctus

2435 1169 2886 1251 Hieronymum
2918 1168 2985 1230 in
3018 1166 3459 1231 transserendo
3488 1161 3807 1227 direxerit.

2517 1270 2815 1329 Irrecivic
2842 1288 2986 1328 eum
3013 1270 3238 1329 multis
3262 1266 3676 1334 sermonibuS,
3703 1260 3764 1322 id
3798 1266 3919 1335 est,
4049 1275 4111 1330 21

2439 1366 2806 1447 illaqueavit
2861 1366 3161 1448 juvenem
3220 1364 3636 1426 libidinosum
3682 1366 3926 1423 amato-

2438 1464 2551 1526 riis
2583 1465 2817 1542 verbis,
2850 1475 2909 1525 et
2953 1466 3293 1525 blanditiis
3334 1464 3652 1523 labiorum
3671 1468 3926 1539 protra-

2436 1567 2539 1624 xit
2572 1567 2784 1625 illu-m.
2814 1566 3057 1625 Statim
3084 1584 3227 1624 eam
3255 1563 3571 1642 sequitur,
3594 1560 3783 1639 quasi
3820 1558 3925 1616 bos
4050 1562 4119 1615 22

2437 1666 2669 1723 ductus
2698 1665 2787 1722 ad
2816 1662 3291 1723 victimandum
3310 1662 3361 1730 *,
3391 1658 3455 1721 id
3496 1665 3592 1721 est
3633 1657 3710 1719 ad
3757 1654 3926 1718 occi·
3956 1668 4199 1710 ‘victimam

2440 1761 2742 1836 dendum,
2767 1768 2834 1821 ut
2866 1759 3252 1834 immoletur,
3284 1766 3343 1818 et
3374 1758 3564 1838 quasi
3592 1774 3800 1833 aquus
3833 1756 3927 1814 la-

836 1875 1203 1919 namomum
1232 1858 1422 1921 etiam
1465 1868 1562 1923 est
1591 1859 1937 1922 aromatica
1974 1857 2187 1933 arbor,
2221 1876 2330 1919 cu·
2366 1858 2411 1920 B
2437 1860 2731 1929 sci-niens,
2749 1858 2812 1920 id
2844 1866 2941 1921 est
2969 1857 3331 1920 discurrens
3361 1875 3434 1918 ac
3463 1854 3704 1929 ludenS,
3721 1871 3921 1933 quum

833 1954 938 2035 jus
968 1963 1182 2018 cortex
1211 1956 1412 2019 instar
1441 1976 1662 2021 cannae
1694 1958 2114 2039 protenditur.
2154 1957 2327 2023 Veni,

836 2054 1233 2115 inebriemur
1274 2058 1592 2126 uberibuS,
1629 2066 1686 2117 et
1733 2060 2048 2136 fruamur
2087 2057 2328 2133 cupitis

835 2153 1259 2227 ample-vibus,
1284 2156 1480 2213 donec
1507 2156 1836 2213 illucescat
1863 2155 2022 2213 dies.
2057 2155 2207 2215 Non
2236 2161 2327 2212 esc

835 2251 1008 2309 enim
1051 2252 1157 2309 vir
1200 2252 1274 2310 in
1321 2254 1506 2311 domo
1547 2272 1692 2319 sua,
1733 2253 1844 2311 via
1885 2253 2048 2312 abiit
2092 2252 2330 2327 Zonyis-

833 2347 1022 2408 sima.
1057 2350 1408 2410 Saeculum
1435 2353 1731 2427 pecu-nice
1771 2370 1983 2410 seeum
2028 2351 2203 2409 tulit.
2243 2352 2325 2411 In

835 2445 943 2503 die
966 2448 1174 2523 plenae
1214 2451 1387 2508 lunoe
1422 2468 1800 2508 reversurus
1835 2457 1925 2509 est
1955 2449 2028 2508 in
2056 2451 2327 2508 domum

833 2562 1042 2604 suam.

916 2638 1097 2703 Circa
1126 2642 1245 2707 hoc
1277 2643 1499 2706 scribit
1529 2644 1689 2725 Lyra
1714 2662 1727 2706 :
1752 2643 1820 2705 ln
1848 2643 2108 2706 Hebraeo
2141 2641 2327 2705 habe-

839 2746 962 2815 tur,
1007 2740 1074 2801 ln
1115 2741 1386 2804 termino
1425 2743 1790 2805 constituto.
1833 2742 1908 2804 Et
1947 2741 2122 2803 addit
2158 2761 2171 2805 :
2209 2741 2325 2803 Ne-

837 2837 970 2900 scio
1015 2857 1128 2900 cur
1177 2840 1514 2904 translator
1562 2849 1776 2903 noster
1824 2840 2058 2922 posuit,
2104 2841 2168 2902 ln
2220 2840 2325 2902 die

837 2934 1042 3016 plenae
1071 2937 1239 2999 lunae
1269 2957 1284 3001 ε
1318 2937 1442 2999 nisi
1473 2938 1626 3020 quia
1661 2938 2017 3020 antiquitus
2045 2937 2321 3019 gentiles

2437 1957 2691 2019 ducitur
2720 1959 2797 2020 ad
2838 1956 3199 2019 macellum.
3232 1956 3345 2019 Hic
3375 1955 3591 2034 itaque
3620 1969 3821 2032 agnus
3856 1952 3921 2013 in

2436 2057 2604 2119 malo
2634 2056 2945 2139 accipitur
2985 2075 3099 2137 pro
3138 2056 3541 2119 adolescente
3584 2050 3918 2127 indomite,

2434 2155 2601 2217 sicut
2635 2163 2700 2217 et
2739 2155 2877 2219 ovis
2909 2155 2973 2217 in
3013 2154 3259 2217 Psalmo
3294 2152 3511 2217 :Sicut
3542 2169 3691 2214 oves
3724 2150 3791 2211 in
3824 2148 3924 2210 in·
3979 2168 4199 2215 pam-21„

2434 2252 2615 2317 [erno
2654 2253 2845 2335 positi
2886 2260 3055 2315 sunt.
3097 2257 3176 2315 Ec
3205 2254 3540 2329 iqnorans,
3577 2248 3639 2311 id
3684 2256 3800 2322 est,
3824 2248 3923 2329 ju·
3954 2234 4023 2273 ¹⁵·

2432 2352 2614 2416 venis
2654 2361 2750 2415 est
2779 2370 2906 2415 non
2944 2353 3279 2414 advertens
3310 2358 3373 2412 et
3405 2348 3609 2412 nescit
3637 2350 3807 2428 quod
3834 2348 3924 2406 ad

2434 2454 2700 2511 vincula
2749 2451 3053 2515 vitiorum
3111 2448 3636 2529 aeternaliumque
3692 2462 3915 2527 poena-

2432 2569 2595 2625 rum,
2621 2558 2685 2613 et
2725 2550 2805 2611 ad
2849 2549 3102 2613 diversa
3138 2547 3541 2611 incommoda
3577 2553 3771 2626 atque
3806 2562 3917 2625 pe-

2433 2648 2632 2710 ricula
2662 2648 2729 2709 in
2758 2648 2876 2710 hac
2908 2646 3057 2723 vita,
3072 2651 3333 2716 stultus,
3351 2652 3569 2726 utpote
3600 2641 3917 2724 spirituali

2432 2755 2493 2809 et
2524 2746 2739 2808 infusa
2766 2744 3078 2828 sapientia
3112 2746 3693 2819 carens,trakatur,
3723 2745 3925 2802 donec
4050 2746 4117 2800 23

2433 2850 2776 2923 transfiqat
2802 2847 3045 2922 sayitta
3075 2844 3262 2921 jecur
3291 2844 3454 2920 ejus,
3493 2840 3557 2903 id
3600 2849 3717 2918 est,
3744 2840 3923 2922 jacu-

2431 2938 2563 3000 lum
2604 2938 2877 3001 carnalis
2914 2938 3149 3001 amoris
3192 2956 3265 3000 ac
3302 2936 3597 3017 voluptas
3639 2952 3912 3000 venerea

833 3040 899 3095 et
927 3034 1037 3095 alii
1066 3054 1172 3098 eos
1204 3036 1269 3097 in
1303 3036 1420 3099 hoc
1451 3046 1809 3117 sequenteS‚
1833 3038 1946 3118 qui
1978 3035 2323 3099 credebant
2357 3036 2400 3098 C
2432 3037 2735 3099 interiora
2772 3038 2911 3117 ejus
2954 3034 3371 3118 spiritualiter
3414 3033 3600 3097 laedat
3634 3053 3707 3096 ac
3758 3032 3921 3115 peri-

832 3132 1049 3195 omnia
1091 3133 1212 3196 ista
1254 3134 1560 3199 inferiora
1605 3136 1943 3217 provenire
1982 3136 2060 3198 ad
2099 3154 2323 3216 corpo-

833 3248 974 3293 rum
1018 3232 1376 3295 coelestium
1429 3233 1938 3315 dispositionem,
1985 3235 2321 3296 redeuntes

832 3348 869 3391 a
913 3331 1405 3394 mercationibus
1450 3332 1602 3406 suiS,
1652 3331 1957 3393 libentius
2001 3330 2321 3394 intrabant

833 3428 1054 3490 domos
1083 3448 1228 3491 suas
1260 3430 1328 3490 in
1361 3428 1736 3511 plenilunio,
1760 3438 1830 3491 ut
1861 3430 1954 3492 sic
1994 3429 2323 3511 plenitudo

835 3525 998 3588 lucri
1028 3536 1419 3608 sequeretur.
1451 3527 1629 3589 Unde
1667 3528 1872 3590 adhuc
1905 3527 1968 3590 in
1998 3527 2323 3609 aliquibus

836 3625 1022 3686 terris
1064 3624 1405 3687 Christiani
1466 3625 1751 3689 volentes
1801 3626 2157 3689 encaeniare
2216 3628 2326 3691 do-

835 3742 1010 3785 mum
1040 3741 1291 3799 novam,
1326 3733 1436 3786 aut
1464 3733 1710 3787 mutare
1739 3725 2159 3803 domicilium,
2196 3745 2322 3789 non

836 3821 1109 3885 libenter
1153 3821 1397 3885 faciunt
1443 3822 1563 3885 hoc
1607 3823 1674 3885 in
1719 3822 1976 3886 defectu
2019 3824 2208 3901 lunae,
2245 3843 2325 3887 ne

836 3928 1139 4000 sequatur
1174 3920 1616 4002 temporalium
1658 3921 1971 3985 bonorum
2001 3921 2322 4002 defectus3

835 4017 946 4079 sed
987 4016 1234 4081 faciunt
1271 4019 1390 4083 boc
1431 4020 1498 4080 in
1535 4028 1873 4098 augmento
1911 4030 2020 4083 aut
2059 4021 2327 4102 plenitu-

833 4116 984 4178 dine
1013 4116 1202 4195 lunae,
1239 4126 1308 4179 ut
1337 4127 1636 4200 sequatur
1666 4118 1980 4182 bonorum
2013 4128 2326 4201 tempora-

2430 3144 2581 3198 mat.
2618 3137 2729 3199 Vel
2771 3135 3030 3215 Sagitta,
3066 3142 3160 3197 est
3187 3134 3422 3197 divinae
3451 3132 3714 3195 ultionis
3744 3150 3920 3195 acer-

2429 3234 2614 3311 bitas,
2666 3234 2723 3297 ei
2771 3236 2903 3316 Jam
2960 3232 3325 3295 imminenS.
3380 3231 3557 3294 Unde
3605 3230 3919 3293 Dominus

2428 3332 2852 3395 comminatur
2894 3348 2907 3391 :
2950 3330 3219 3412 Sagittas
3260 3349 3432 3393 meas
3471 3328 3806 3411 complebo
3848 3328 3915 3390 in
3950 3349 4201 3395 nenium.
4282 3328 4284 3383 ὲ

2431 3431 2545 3492 eis,
2570 3434 2749 3491 Velut
2772 3432 2831 3489 si
2860 3431 3001 3491 avis
3029 3430 3290 3506 festinet
3317 3431 3406 3489 ad
3432 3432 3735 3509 laqueum
3763 3427 3921 3490 desi·
3947 3414 4019 3457 ²³·
4283 3424 4284 3443 ³

2429 3528 2609 3591 derio
2646 3526 2797 3605 cibi,
2848 3527 3139 3590 nesciens
3180 3526 3393 3608 laquei
3442 3526 3777 3605 fraudem3
3826 3526 3917 3589 sic

2432 3627 2571 3709 ipse
2608 3626 2923 3690 desiderio
2961 3624 3303 3708 voluptatis
3336 3626 3415 3687 ad
3453 3632 3723 3688 mortem
3766 3643 3925 3707 prae-

2433 3723 2627 3786 fatam
2658 3724 3008 3803 accelerat3
3048 3733 3109 3784 et
3128 3724 3326 3785 nescit
3357 3725 3515 3803 quia
3532 3726 3612 3784 de
3628 3725 3921 3801 periculo

2432 3826 2672 3885 animoe
2702 3826 2889 3884 illius
2926 3824 3150 3900 ayitur
3184 3843 3206 3881 .·
3238 3820 3304 3883 id
3342 3829 3459 3898 est,
3491 3820 3748 3902 juvenis
3791 3839 3921 3883 non

2432 3923 2790 3985 considerat
2820 3922 2988 4003 quod
3019 3920 3087 3982 in
3120 3920 3412 3983 omnibus
3443 3920 3541 3982 his
3574 3919 3923 3982 invisibilis

2432 4021 2633 4085 hostis
2672 4039 2800 4083 non
2832 4020 3005 4083 aliud
3046 4019 3465 4094 machinetur,
3492 4018 3617 4081 nisi
3657 4028 3729 4081 ut
3770 4037 3916 4081 eum

2433 4119 2641 4182 trabat
2678 4119 2755 4181 ad
2794 4130 2923 4181 tam
2960 4117 3249 4181 enormia
3288 4117 3547 4192 scelera,
3579 4117 3810 4180 deinde
3840 4116 3919 4178 ad

836 4212 994 4276 lium
1035 4214 1385 4296 plenitudo.
1423 4215 1499 4278 Et
1529 4216 1650 4279 hoc
1692 4224 1788 4278 est
1828 4218 1904 4279 de
1943 4217 2323 4298 gentilitatis
2355 4222 2404 4283 D
2436 4216 2670 4279 inferni
2706 4221 3040 4279 tormenta.

837 4312 1150 4394 reliquiis,
1183 4314 1326 4377 ideo
1370 4314 1581 4396 potius
1626 4322 1721 4377 est
1760 4316 2138 4378 cavendum.
2184 4316 2325 4378 Haec

834 4411 1017 4492 Lyra.
1063 4411 1192 4491 Ego
1231 4419 1439 4474 autem
1483 4412 1683 4493 magis
1723 4414 1932 4489 credo,
1969 4432 2321 4477 sermonem

835 4508 1212 4572 Hebraicum
1250 4530 1388 4573 esse
1425 4511 1824 4592 aequivocum
1864 4513 1942 4575 ad
1982 4521 2325 4594 utrumque

838 4606 1128 4683 istorum,
1151 4616 1214 4670 et
1243 4607 1331 4669 ita
1359 4608 1697 4670 translator
1728 4617 1944 4672 noster
1975 4610 2319 4687 transtulit,

838 4704 1004 4767 sicut
1053 4705 1120 4766 in
1173 4705 1434 4769 Hebraeo
1491 4706 1779 4769 habetur.
1829 4706 2193 4789 Saepissime
2235 4718 2326 4771 et-

838 4802 1012 4867 enim
1053 4802 1143 4865 ait
1170 4803 1348 4885 Lyra,
1383 4804 1568 4866 aliter
1608 4804 1675 4866 in
1719 4804 2000 4883 HebraeO,
2033 4825 2228 4887 quam
2258 4807 2323 4869 in

838 4911 1054 4964 nostra
1103 4902 1514 4966 translatione
1560 4901 1804 4965 haberi.
1855 4903 1932 4965 Et
1987 4911 2200 4967 tamen
2248 4924 2325 4967 ex

835 5000 1048 5065 verbis
1078 5000 1143 5062 B.
1179 4999 1561 5083 Hieronymi,
1601 5000 1813 5063 fratris
1851 5002 2229 5083 Raymundi,
2264 5012 2325 5065 et

829 5098 1032 5175 Pauli,
1075 5098 1430 5162 certissime
1470 5107 1718 5162 constat
1759 5100 1930 5181 quod
1974 5100 2169 5163 verba
2215 5101 2325 5164 illa

833 5195 1136 5260 Hebraica
1167 5204 1316 5259 sunt
1343 5197 1688 5278 aequivoca,
1708 5206 1772 5260 et
1800 5197 2221 5280 Hieronymus
2252 5219 2325 5262 ea

833 5296 1013 5377 juxta
1041 5314 1219 5357 suam
1249 5296 1558 5379 aptiorem
1591 5295 2088 5375 significantiam
2120 5306 2323 5361 trans-

2517 4318 2712 4377 Nuwc
2743 4333 2913 4391 erqo,
2951 4314 3058 4391 fili
3087 4314 3203 4383 mi,
3234 4314 3399 4373 audi
3427 4333 3546 4385 me,
3578 4323 3637 4373 et
3664 4314 3924 4373 attende
4050 4324 4121 4379 24

2436 4416 2623 4474 verba
2651 4414 2784 4473 oris
2819 4414 2967 4473 mei.
2994 4414 3093 4474 Ne
3120 4413 3535 4472 abstrahatur
3566 4412 3635 4471 in
3680 4412 3808 4471 viis
3852 4413 3925 4470 il·
4058 4422 4129 4476 25

2434 4514 2565 4573 lius
2618 4532 2793 4573 mens
2840 4518 2980 4579 tua,
3028 4530 3230 4590 neque
3272 4510 3625 4585 decipiaris
3670 4510 3917 4569 semitis

2431 4612 2570 4687 ejus
2600 4632 2623 4669 .·
2656 4609 2718 4671 id
2758 4617 2876 4685 est,
2908 4626 3019 4671 cor
3057 4616 3233 4669 tuum
3272 4624 3675 4688 nequaquam
3713 4626 3750 4668 a
3792 4606 3913 4668 Deo

2436 4709 2705 4781 recedat,
2738 4705 3222 4787 acquiescendo,
3256 4723 3452 4786 seque
3498 4703 3916 4767 immiscendo

2433 4804 2972 4887 concupiscentiis
3016 4823 3088 4866 ac
3135 4802 3438 4885 operibus
3487 4802 3631 4865 talis
3676 4802 3924 4865 adulte-

2436 4922 2539 4966 rae.
2556 4907 2795 4966 Multos
2823 4903 2999 4963 enim
3029 4905 3396 4961 vulneratos
3417 4899 3683 4964 vulnere
3712 4898 3919 4981 iniqui
4049 4910 4117 4965 26

2433 5020 2780 5065 consensus
2822 5009 2885 5064 et.
2926 5000 3481 5081 concupiscentiae,
3520 5001 3777 5077 dejecit,
3805 5006 3927 5062 tra-

2434 5100 2643 5163 hendo
2674 5100 2738 5161 in
2770 5118 2931 5181 opus
2963 5095 3303 5174 nefarium,
3321 5108 3381 5158 et
3410 5099 3759 5175 fortissimi
3784 5100 3951 5178 qui-.

2432 5220 2555 5279 que
2582 5217 2605 5260 .·
2634 5198 2748 5279 qui
2791 5195 3127 5260 fortissimi
3170 5203 3351 5258 erant
3387 5214 3652 5277 corpore
3694 5204 3759 5259 et
3797 5196 3928 5259 ani-

2435 5316 2560 5374 ma,
2601 5297 2721 5360 hoc
2758 5304 2855 5359 est
2892 5294 3093 5358 sancti
3139 5302 3200 5356 et
3243 5294 3585 5378 sapientes,
3610 5313 3685 5359 ac
3726 5294 3923 5360 validi
