4284 6267
865 453 984 522 308

1476 475 1828 523 ENARRATIO
1869 475 1934 521 IN
1975 475 2115 523 CAP.
2162 475 2183 520 1
2225 473 2464 521 cAN'nct
2505 474 2911 523 cAN’ncomm.
2956 497 3037 506 —
3078 477 3219 524 ΛΒΤ.
3266 478 3331 523 111

863 646 1052 723 endo,
1086 648 1435 728 purgando,
1467 668 1540 711 ac
1574 648 1847 712 fovendo
1882 648 1948 710 in
1979 648 2188 725 boniS,
2222 665 2356 727 gra·
2383 647 2434 708 A
2460 648 2664 710 corari
2702 669 2717 712 :
2758 650 2871 731 qui
2911 650 3009 712 vel
3051 649 3300 731 operari
3344 648 3581 712 omittit
3630 647 3801 729 quod
3846 646 3948 709 do·

864 744 1096 807 tiarum
1129 765 1386 828 quoque
1418 746 1797 809 charismata
1830 746 2231 830 impetrando
2260 746 2352 808 eis

863 862 900 905 a
939 842 1226 907 Domino.
1262 845 1334 907 Hi
1377 844 1576 907 instar
1604 845 1754 909 colli
1795 846 2131 925 eriguntur
2168 845 2235 907 in
2265 843 2354 907 al-

867 950 997 1004 tum
1037 943 1464 1006 ecclesiastica
1505 944 1812 1023 dignitate
1850 953 2042 1025 atque
2081 944 2356 1025 praelati-

863 1058 938 1102 ca
975 1050 1283 1123 potestate
1303 1060 1320 1123 ;
1354 1051 1418 1105 et
1457 1043 1808 1125 spiritualis
1846 1042 2152 1105 alimonia
2187 1062 2223 1105 a
2256 1061 2354 1104 ca-

861 1138 996 1220 pite
1023 1139 1272 1203 Christo
1301 1141 1715 1217 descendenS,
1750 1160 1864 1222 per
1894 1140 2066 1223 ipsos
2115 1140 2183 1201 in
2212 1159 2354 1223 gre-

859 1253 969 1316 ges
1017 1236 1174 1319 ipsis
1228 1238 1502 1301 creditos
1549 1238 1894 1303 derivatur.
1944 1239 2074 1302 Hoc
2111 1239 2349 1302 collum

859 1343 1120 1398 ornatur
1158 1345 1221 1398 et
1259 1336 1650 1398 assimilatur
1687 1335 2057 1399 monilibus.
2094 1337 2349 1400 Monilia

860 1451 1158 1516 namque,
1201 1443 1351 1497 sunt
1393 1443 1764 1497 ornamenta
1805 1435 1884 1497 ad
1923 1436 2348 1497 claudendum

2460 755 2581 823 cet,
2628 757 2737 809 aut
2782 748 3009 812 docere
3057 748 3323 828 negligit
3374 747 3545 830 quod
3596 766 3633 809 a
3678 745 3946 809 subditis

2462 846 2594 907 suis
2626 846 2788 908 Deus
2820 847 3109 928 requirit.
3144 847 3401 929 Nempe,
3436 853 3508 907 ut
3534 844 3623 907 ait
3651 844 3943 920 lsidoruS,

2462 952 2590 1005 tam
2637 944 2767 1008 vita
2806 964 3001 1026 quam
3040 945 3327 1008 doctrina
3371 944 3715 1006 clarescere
3762 941 3949 1003 debet

2463 1040 2529 1103 in
2573 1061 2648 1105 eo
2700 1043 2812 1125 qui
2863 1044 3161 1125 praesidet
3210 1063 3223 1107 :
3274 1042 3427 1124 quia
3475 1041 3765 1104 doctrina
3812 1038 3946 1101 sine

2460 1140 2590 1204 vita
2637 1140 2848 1204 efficit
2894 1150 3322 1222 arrogantem,
3362 1149 3425 1203 et
3474 1140 3607 1203 vita
3652 1138 3791 1201 sine
3839 1138 3947 1199 do-

2459 1238 2665 1301 ctrina
2707 1238 3025 1302 inutilem.
3070 1238 3343 1302 Pastoris
3392 1256 3599 1301 sermo
3642 1236 3943 1319 operibus

2458 1346 2551 1399 est
2584 1337 3051 1415 fir1nanduS,ut
3079 1339 3250 1419 quod
3283 1338 3540 1400 instruit
3573 1336 3785 1413 verbo,
3800 1354 3943 1397 con-

2458 1435 2675 1498 firmet
2719 1437 3010 1519 exemplo
3045 1456 3059 1500 :
3094 1436 3538 1519 turpissimum
3576 1442 3691 1510 est,
3726 1452 3942 1515 quem-

859 1541 1078 1613 pectus
1130 1531 1420 1611 formata,
1470 1541 1745 1615 suntque
1793 1533 2116 1614 virginum
2167 1534 2347 1613 signa
2456 1534 2627 1616 piam
2670 1534 3025 1598 doctrinam
3066 1554 3245 1597 suam
3285 1534 3561 1617 propriis
3606 1532 3940 1614 reprobare

855 1631 1402 1713 desponsatarum.
1437 1633 1513 1694 Et
1563 1632 1794 1695 dicitur
1835 1632 2096 1709 monile,
2131 1652 2169 1694 a
2215 1651 2348 1696 mo-
2456 1634 2780 1715 operibuS.

855 1731 1098 1794 nendo:
1117 1730 1268 1813 quia
1292 1732 1446 1793 dum
1471 1732 1701 1813 puellae
1729 1732 2129 1813 desponsatae
2159 1750 2348 1813 appo-
2537 1732 2615 1794 At
2642 1750 2790 1796 vero
2822 1750 2936 1814 per
2966 1733 3280 1797 cervicem
3314 1752 3425 1795 seu
3457 1730 3721 1806 collum,
3740 1728 3941 1808 Orige-

856 1828 1050 1906 nitur,
1075 1848 1216 1893 eam
1244 1829 1550 1906 hortatur,
1587 1850 1668 1893 ne
1699 1831 1966 1892 alterum
1994 1840 2339 1893 amatorem
2380 1825 2429 1888 B
2456 1848 2569 1892 nes
2601 1830 2899 1910 intelligit
2939 1830 3224 1892 membra
3262 1829 3559 1893 Ecclesiae
3595 1828 3758 1891 bene
3797 1826 3941 1889 sub-

853 1926 1167 2004 admittat,
1203 1928 1313 1991 sed
1344 1947 1459 1991 suo
1492 1928 1687 1991 fidem
1718 1946 1953 2009 sponso
1982 1938 2339 1993 conservet.
2450 1928 2632 2009 jecta,
2651 1938 2713 1992 et
2732 1928 3107 1992 obedientiae
3131 1928 3359 1991 dedita.
3374 1926 3737 1991 Cervicibus
3767 1926 3934 1988 enim

852 2022 1055 2097 Quum
1113 2026 1328 2108 itaque
1377 2026 1531 2089 boni
1589 2026 1832 2108 praelati
1893 2027 2155 2089 solliciti
2212 2027 2343 2089 sint
2450 2045 2645 2089 onera
2690 2026 3034 2090 deferenda
3083 2026 3289 2091 solent
3338 2026 3586 2108 imponi
3625 2044 3639 2087 ε
3678 2032 3933 2107 propter

852 2131 916 2186 et
971 2124 1259 2187 laborent
1307 2123 1705 2209 subditorum
1765 2143 2024 2189 suorum
2084 2135 2341 2208 pectora
2449 2125 2641 2204 quod,
2689 2123 2958 2187 rebelles
3017 2133 3081 2188 et
3138 2124 3579 2187 inobedientes
3635 2123 3929 2186 dicuntur

849 2222 1179 2298 adornare,
1229 2231 1419 2303 atque
1467 2242 1504 2285 a
1555 2222 1766 2304 pravis
1819 2242 1894 2285 ea
1939 2224 2340 2303 cogitationi·
2448 2241 2588 2285 esse
2638 2224 2812 2286 durae
2858 2223 3149 2299 cerviciS,
3182 2232 3249 2286 et
3293 2221 3459 2286 collo
3508 2222 3675 2284 male
3720 2228 3927 2283 erecto
4000 2233 4132 2277 Emi.

849 2319 968 2383 bus
998 2320 1313 2395 claudere,
1347 2328 1660 2401 quatenus
1691 2340 1924 2403 sponso
1957 2341 2116 2403 pura
2154 2332 2217 2385 et
2249 2323 2340 2384 in-
4032 2300 4179 2347 ’ΨΜ

847 2417 1083 2483 violata
1123 2418 1560 2493 exhibeantur,
1601 2438 1717 2481 nec
1759 2420 2189 2483 adulterinum
2229 2422 2339 2483 ad-

846 2517 1121 2599 spiciant
1159 2518 1554 2581 seductorem
1600 2517 1953 2595 diabolum,
2000 2539 2208 2601 neque
2257 2521 2336 2583 ad

845 2615 1127 2697 aliquem
1158 2616 1536 2679 sensualiter
1564 2615 1974 2681 afficiantur:
2004 2628 2173 2681 recte
2201 2638 2339 2682 mo-

846 2713 1087 2776 nilibus
1127 2722 1576 2795 comparantur
1617 2714 1743 2796 ipsi
1784 2716 2051 2797 praelati.
2444 2714 2615 2776 entia
2644 2715 3033 2793 designetur,
3055 2714 3356 2777 Jeremias
3384 2713 3694 2794 plurimos
3721 2711 3931 2776 horta-

925 2812 1136 2891 Porro,
1166 2814 1515 2876 secundum
1544 2813 1937 2894 Gregorium,
1977 2815 2042 2877 in
2073 2816 2335 2879 monili·
2444 2812 2649 2889 batur,
2680 2811 3012 2892 ·Subjicite
3068 2812 3232 2875 colla
3289 2820 3499 2875 vestra
3553 2813 3705 2892 jugo
3763 2809 3926 2890 regis
3968 2828 4178 2871 aenum.

845 2909 965 2972 bus
998 2930 1152 2974 auro
1181 2928 1448 2991 gcmmae
1487 2912 1926 2993 imponuntur.
1961 2914 2076 2976 Per
2103 2934 2333 2978 aurum
2443 2910 2817 2993 Babylonis:
2845 2919 3083 2991 quanto
3114 2909 3314 2991 magis
3346 2908 3742 2990 subjicienda
3781 2916 3929 2970 sunt
3954 2892 4017 2934 ¹²·

845 3008 1179 3091 sapientia,
1213 3028 1327 3092 per
1365 3028 1649 3091 gemmas
1695 3011 1977 3074 virtuosa
2015 3020 2080 3075 et
2127 3032 2336 3076 exem·
2369 3010 2412 3072 C
2443 3008 2608 3072 colla
2644 3018 2861 3072 nostra
2894 3010 3047 3089 jugo
3083 3008 3342 3084 Christi,
3374 3007 3667 3085 dicentiS,
3703 3005 3926 3070 Tollite
3976 3017 4177 3063 unuh-1¹,
4228 3026 4230 3053 ÷

842 3106 1048 3190 plaria
1100 3126 1294 3190 opera
1349 3108 1786 3188 designantur.
1849 3110 2052 3184 Quum
2119 3112 2334 3194 itaque
2438 3108 2665 3187 jugum
2710 3125 2923 3169 meum
2972 3125 3162 3188 super
3205 3108 3357 3169 vos‘f
3397 3105 3595 3186 Hujus
3642 3103 3791 3168 colli
3837 3084 4015 3165 or·²⁹·

2446 2322 2763 2385 incedere.
2815 2321 2991 2384 Unde
3040 2340 3152 2403 per
3201 2320 3575 2402 prophetam
3623 2319 3928 2383 Dominus
3952 2312 4027 2339 ¹¹¹

2444 2419 2535 2481 ait
2567 2439 2581 2483 :
2618 2419 2785 2483 Scivi
2816 2420 2968 2501 quia
2997 2419 3194 2481 durus
3224 2438 3292 2481 es
3326 2428 3414 2495 tu,
3450 2428 3513 2481 et
3540 2437 3775 2483 nervus
3809 2416 3928 2479 fer·
3954 2432 4177 2480 lam-1115.

2446 2536 2589 2579 reus
2629 2518 2843 2580 cervix
2882 2526 3009 2593 tua,
3054 2526 3117 2579 et
3164 2516 3343 2580 frons
3386 2526 3495 2579 tua
3540 2535 3725 2579 aerea.
3769 2514 3925 2577 Hinc

2445 2615 2525 2677 ad
2570 2616 3019 2678 insinuandum
3069 2616 3240 2697 quod
3285 2634 3397 2697 per
3436 2614 3670 2678 collum
3714 2612 3928 2677 obedi-

590 4308 728 4365 Apoc.
748 4324 806 4363 m,

546 4372 614 4417 ¹8.

551 5090 801 5145 duanam,

539 5155 627 5197 ¹⁵-1
637 5156 679 5199 7.

842 3206 1136 3288 praelatos
1165 3213 1454 3289 oporteat
1488 3225 1604 3288 per
1632 3208 2012 3290 sapientiam
2041 3210 2326 3289 rutilare,

842 3304 1144 3369 virtuosis
1181 3323 1438 3385 quoque
1467 3313 1531 3367 et
1567 3306 2039 3388 exemplaribus
2081 3309 2330 3372 actibus

840 3400 1185 3479 abundare,
1220 3412 1497 3483 congrue
1538 3404 1806 3467 monilia
1847 3416 2324 3488 nuncupantur.

839 3500 1096 3564 Certum
1123 3509 1220 3564 est
1257 3500 1472 3578 etiam,
1497 3521 1610 3584 per
1648 3521 1875 3565 aurum
1913 3523 2100 3585 posse
2140 3506 2331 3569 intel-

839 3598 952 3679 ligi
990 3599 1316 3662 caritatem
1356 3616 1369 3661 τ
1401 3619 1544 3681 quae
1581 3600 1673 3664 sic
1713 3601 1952 3664 eminet
1993 3602 2160 3665 inter
2202 3604 2329 3668 vir-

839 3706 1028 3776 tuteS,
1052 3699 1218 3761 sicut
1253 3717 1478 3761 aurum
1523 3697 1690 3761 inter
1732 3699 2009 3762 metalla.
2044 3700 2119 3762 Et
2162 3701 2327 3764 sicut

837 3816 1064 3859 aurum
1120 3796 1313 3858 habet
1358 3796 1490 3858 vim
1541 3795 1914 3860 laetificandi
1976 3798 2325 3882 inspicien-

838 3903 988 3973 tem,
1015 3894 1465 3977 tristitiamque
1495 3895 1780 3976 depellit,
1816 3896 1909 3958 sic
1939 3899 2168 3961 caritas
2200 3921 2328 3964 ma-

837 3993 1005 4056 xime
1039 3992 1194 4055 facit
1221 4001 1496 4054 mentem
1528 3992 1593 4053 in
1627 4011 1858 4075 sponso
1891 4015 2080 4078 super
2109 4002 2325 4063 omnia

837 4110 984 4155 caro
1030 4092 1326 4170 gaudere,
1368 4099 1431 4153 et
1480 4091 1617 4171 ejus
1669 4092 2045 4158 beatitudini
2096 4097 2324 4163 intime

2442 3214 2760 3281 namenta,
2790 3214 2939 3267 sunt
2968 3214 3201 3267 sanctae
3228 3203 3604 3266 obedientiae
3634 3210 3925 3285 praestan-

2439 3304 2686 3366 tissima
2715 3322 2929 3386 opera.
2950 3303 3129 3365 Unde
3158 3321 3361 3384 quum
3390 3302 3649 3383 quidam
3681 3310 3925 3365 sancto-

2442 3422 2579 3466 rum
2627 3405 2877 3466 Patrum
2927 3404 3191 3466 vidisset
3238 3403 3307 3465 in
3358 3402 3589 3484 spiritu
3638 3402 3921 3465 diversos

2439 3501 2695 3563 ordines
2740 3501 3243 3563 ministrantium
3282 3501 3429 3577 De0,
3465 3500 3637 3582 ipsos
3677 3500 3923 3581 religio-

2438 3618 2541 3663 sos
2588 3599 2709 3663 sub
2756 3599 3119 3663 obedientia
3162 3600 3449 3664 viventes
3494 3599 3655 3661 vidit
3697 3617 3920 3661 aureos

2437 3708 2695 3781 torques
2739 3708 3015 3781 portare.

2518 3802 2768 3861 Maroen
2780 3802 2921 3858 alas
2969 3818 3202 3858 aureas
3238 3797 3555 3874 faciemus
3600 3797 3740 3865 tibi,
3786 3817 3922 3856 ver-

2440 3900 2780 3959 miculatas
2799 3906 3084 3974 arqento.
3119 3895 3390 3958 Muraena
3417 3896 3515 3976 (ut
3544 3894 3801 3976 legitur)
3830 3895 3923 3976 pi-

2436 3997 2561 4059 scis
2598 4006 2715 4071 est,
2750 3996 2815 4057 in
2858 3994 3171 4057 foramine
3212 4012 3324 4055 suo
3362 3994 3672 4055 exsistens
3717 3993 3922 4056 circu-

2437 4096 2602 4157 latus
2649 4104 2711 4157 et
2752 4093 3168 4172 conglobatus
3202 4092 3400 4173 :quia
3441 4092 3593 4153 dum
3646 4092 3914 4174 capitur,

837 4189 1356 4270 congaudere.De
1385 4189 1608 4270 quain
1641 4190 2017 4275 Apocalypsi
2051 4196 2320 4277 legitur:
2358 4203 2406 4265 D
2436 4194 2701 4256 caudam
2748 4192 2844 4255 ori
2884 4210 2999 4254 suo
3047 4191 3340 4273 imponit,
3384 4198 3449 4253 et
3487 4189 3797 4252 circulum
3841 4192 3921 4254 de

838 4288 1082 4351 Suadeo
1121 4287 1238 4349 tibi
1271 4306 1481 4351 emere
1523 4307 1748 4351 aurum
1785 4289 2054 4370 ignitum
2097 4296 2325 4376 proba-

835 4395 993 4449 tum.
1027 4386 1142 4449 Per
1176 4404 1458 4467 gemmas
1501 4405 1673 4465 vcro,
1707 4389 2170 4470 pretiosissima
2213 4394 2323 4459 illa

833 4494 1078 4567 septem
1134 4486 1304 4548 dona
1361 4485 1632 4567 Spiritus
1681 4486 1894 4550 Sancti
1953 4500 2316 4555 sumuntur.

829 4583 1161 4647 Praelatum
1211 4592 1421 4648 autem
1483 4592 1732 4666 oportet
1789 4604 1920 4667 prae
1966 4590 2195 4652 ceteris
2254 4592 2319 4654 in

831 4682 1093 4746 caritate
1155 4682 1425 4760 fervere,
1485 4702 1558 4745 ac
1617 4684 1980 4765 septenario
2043 4686 2319 4769 Spiritus

831 4781 1043 4845 Sancti
1085 4782 1350 4863 fulgere.
1383 4782 1643 4863 Propter
1679 4784 1853 4864 quod
1889 4784 2175 4849 Christus
2213 4789 2321 4853 be—

829 4880 1186 4943 atissimum
1217 4881 1468 4943 Petrum
1499 4881 1950 4944 constituturus
1983 4886 2317 4963 praelatum

833 4980 1024 5042 totius
1067 4979 1384 5057 Ecclesiae,
1427 4988 1519 5041 ter
1568 4979 1924 5043 sciscitatus
1975 4991 2072 5044 est
2113 5003 2255 5047 eum
2296 5006 2311 5050 ε

829 5078 1029 5155 Petre,
1079 5097 1253 5140 amas
1301 5096 1402 5139 me
1460 5076 1604 5159 plus
1655 5078 1800 5140 his?
1849 5080 2006 5141 Hinc
2068 5084 2315 5163 praelati

829 5176 1130 5239 dicuntur
1158 5175 1442 5238 monilia.
1463 5176 1807 5240 Erubescat
1835 5196 1984 5259 ergo
2014 5182 2314 5261 praelatus

803 5274 1064 5354 ,vocari,
1101 5274 1210 5359 qui
1259 5295 1388 5339 non
1425 5276 1655 5357 satagit
1694 5276 1794 5339 his
1839 5278 2169 5341 ornatibus
2212 5282 2315 5345 de-

2436 4313 2503 4355 se
2543 4292 2733 4373 facit3
2775 4300 2837 4355 et
2884 4298 3275 4353 sustentatur
3324 4307 3453 4351 non
3503 4290 3914 4369 comedendo,

2434 4392 2543 4454 sed
2592 4392 2923 4453 humorem
2972 4387 3253 4469 sugendo
3289 4406 3302 4451 :
3338 4387 3416 4450 ad
3460 4387 3642 4468 cujus
3692 4388 3921 4450 simili-

2436 4490 2721 4552 tudinem
2764 4488 2937 4551 fiunt
2974 4485 3363 4560 muraenulae,
3400 4485 3463 4547 id
3501 4492 3597 4549 est
3635 4485 3915 4567 inaureS‚

2432 4608 2575 4672 quae
2614 4588 2863 4650 aurium
2903 4594 3053 4649 sunt
3082 4592 3364 4648 ornatuS.
3397 4583 3731 4665 Gregorius
3763 4605 3917 4651 vero

2430 4688 2606 4762 dicit,
2643 4687 2811 4770 quod
2844 4704 2955 4767 per
2992 4682 3377 4746 muraenulas
3416 4681 3682 4746 monilia
3714 4683 3919 4764 ligan-

2432 4797 2534 4851 tur
2578 4787 2653 4848 ad
2707 4784 2965 4847 collum.
3020 4784 3247 4864 Atque,
3301 4790 3369 4843 ut
3417 4780 3617 4862 aliqui
3664 4782 3912 4863 dicunt,

2432 4883 2800 4949 muraenulae
2840 4890 2987 4944 sunt
3022 4888 3397 4944 ornamenta
3424 4898 3500 4942 ex
3532 4878 3559 4939 f
3565 4879 3666 4942 ilis
3703 4884 3915 4947 aureis

2428 4994 2490 5049 et
2542 4982 2858 5064 argenteis
2904 4998 3095 5063 opere
3144 4979 3387 5062 plectili
3438 4980 3624 5061 facta,
3678 4980 3915 5063 quibus

2428 5091 2733 5149 ornantur
2790 5080 3001 5162 capita
3058 5078 3467 5156 feminarum,
3518 5089 3582 5143 ct
3636 5099 3761 5143 orae
3810 5100 3915 5144 vc—

2426 5183 2619 5245 stium
2660 5180 2829 5243 circa
2868 5197 3097 5241 manus
3135 5186 3199 5241 et
3239 5177 3497 5241 collum.
3531 5177 3761 5259 Sicquc
3798 5197 3913 5260 per

2426 5278 2810 5344 muraenulas
2840 5278 3288 5358 intelliguntur
3314 5277 3607 5356 dogmata
3636 5276 3911 5359 Scriptu-

4040 3807 4097 3861 10
