4284 6267
833 470 953 533 556

833 680 975 724 Tum

1410 488 1762 534 ENARRATIO
1804 487 1868 533 IN
1910 487 2046 534 CAP.
2093 487 2244 533 XVIII
2285 485 2444 533 LIBRI
2486 485 2845 533 sumnum.
2891 506 2972 517 -—
3012 486 3155 533 ART-
3199 487 3349 533 xvm

1027 678 1040 722 :
1091 660 1157 723 in
1206 681 1335 743 qua
1381 660 1547 723 inter
1594 668 1804 723 cetera
1852 658 2105 739 legitur,
2155 658 2326 739 quod
2356 655 2408 719 A
2439 657 2704 723 vehatur
2733 660 2812 721 ad
2842 659 3152 723 residuos.
3185 658 3362 721 Unde
3401 656 3833 739 subjungitur,
3865 669 3922 719 et

562 777 804 828 mmm,
832 778 1032 840 quum
1072 758 1308 841 Moyses
1359 768 1418 822 et
1462 759 1669 821 Aaron
1718 759 1794 820 ad
1846 757 2321 820 tabernaculum
2439 760 2672 819 divisit
2699 760 2889 819 illam
2917 780 3059 839 quse
3095 761 3183 819 ad
3214 760 3388 818 vivos
3423 760 3691 818 ducebat
3719 761 3920 829 viam,

538 841 679 882 ⁴349.

642 2144 715 2197 22

619 3932 768 3976 Exod.

557 4009 669 4047 xxiv,
687 3999 727 4037 8.

656 4309 727 4364 23

831 856 1293 938 confugissent,
1320 865 1380 919 et
1405 857 1707 921 Dominus
1739 857 1931 920 vellet
1962 846 2325 920 nniversam

831 955 1008 1017 illam
1040 964 1570 1019 murmuratorum
1603 955 2076 1017 multitudinem
2108 973 2327 1035 repen-

828 1062 891 1117 te
922 1054 1231 1129 occidere,
1277 1054 1515 1137 Moyses
1549 1054 1710 1117 dixit
1747 1055 1826 1116 ad
1856 1055 2062 1117 Aaron
2100 1069 2114 1115 :
2150 1052 2325 1116 Tolle

829 1153 1252 1229 thuribulum,
1280 1162 1342 1216 et
1369 1153 1597 1215 hausto
1628 1154 1775 1233 igne
1806 1153 1883 1216 de
1911 1152 2117 1228 altari,
2143 1151 2325 1213 mitte

829 1253 1162 1314 incensum
1203 1253 1497 1334 desuper,
1534 1270 1802 1334 pergens
1840 1252 1967 1315 cito
2010 1252 2088 1313 ad
2126 1268 2326 1332 popu-

831 1350 987 1424 lum,
1008 1358 1078 1412 ut
1107 1369 1247 1413 ores
1281 1369 1395 1431 pro
1425 1351 1515 1411 eis
1544 1370 1557 1413 ε
1582 1351 1713 1430 jam
1746 1350 1915 1412 enim
1950 1368 2204 1429 egressa
2231 1358 2326 1411 est

830 1449 926 1510 ira
952 1468 988 1511 a
1021 1449 1303 1524 Domin0‚
1324 1457 1387 1511 et
1418 1448 1601 1531 plaga
1628 1449 1902 1511 desaevit.
1921 1448 2093 1523 Quod
2126 1467 2324 1528 quum

832 1548 1087 1610 fecisset
1120 1547 1349 1623 Aaron,
1386 1556 1445 1609 et
1494 1546 1879 1609 cucurrisset
1922 1548 2000 1609 ad
2050 1544 2325 1608 mediam

830 1644 1333 1721 multitudinem,
1371 1665 1558 1727 quam
1608 1647 1735 1728 jam
1781 1646 2068 1707 vastabat
2112 1644 2330 1707 incen-

831 1744 1031 1820 dium,
1095 1744 1329 1807 obtulit
1387 1744 1769 1826 thymiama3
1822 1752 1883 1805 et
1940 1752 2113 1805 stans
2163 1742 2330 1804 inter

2441 855 2506 918 id
2550 864 2667 935 est,
2711 856 3044 919 transitum
3089 857 3256 938 ignis
3295 854 3693 940 properantis
3733 856 3810 917 ad
3837 856 3924 920 vi-

2435 963 2679 1027 venteS,
2716 956 3051 1039 impedivit
3091 976 3164 1019 ac
3208 955 3462 1037 repulit.

2517 1054 2803 1136 Denique
2831 1056 2910 1117 ad
2942 1062 3180 1118 tantam
3219 1052 3580 1117 efficaciam
3617 1052 3922 1117 orationis

2439 1155 2646 1217 Aaron
2681 1154 2954 1217 contulit
2991 1164 3054 1217 et
3089 1154 3363 1235 dignitas
3401 1154 3500 1215 sui
3535 1151 3766 1230 officii,
3801 1171 3925 1234 qua

2437 1261 2573 1315 erat
2619 1251 2900 1316 vicarius
2951 1252 3062 1316 Dei
3111 1260 3173 1315 et
3229 1251 3785 1334 repraesentativus
3839 1250 3925 1331 ip-

2438 1351 2572 1413 sius
2620 1370 2634 1414 :
2684 1352 2762 1413 ad
2812 1351 2998 1431 cujus
3045 1348 3258 1413 officii
3309 1350 3924 1413 commendationem

2438 1450 2600 1512 Deus
2629 1449 2829 1511 multa
2861 1447 3012 1513 fecit
3041 1468 3156 1530 per
3178 1450 3404 1511 Aaron.
3423 1448 3568 1511 Ideo
3600 1447 3918 1510 subditur:

2437 1551 2520 1609 In
2565 1557 2729 1607 veste
2766 1550 2942 1609 enim
2975 1550 3236 1625 poderis
3273 1561 3473 1627 qaam
3513 1548 3800 1615 habebat,
3843 1556 3926 1607 to·

2443 1655 2542 1707 tus
2588 1656 2728 1707 erat
2776 1648 2944 1707 orbis
2993 1656 3338 1707 terrarum.
3393 1643 3647 1707 Poderis
3692 1643 3927 1707 dicitur

2440 1745 2636 1809 vestis
2681 1744 3117 1827 hyacinthina,
3152 1762 3264 1806 seu
3313 1743 3501 1820 linea,
3537 1742 3788 1825 corpori
3835 1761 3929 1803 sa-

834 1850 1117 1905 mortuos
1158 1861 1231 1906 ac
1259 1844 1568 1917 viventeS,
1606 1861 1720 1924 pro
1760 1841 1996 1924 populo
2034 1842 2332 1923 depreca-
2368 1841 2414 1903 B
2442 1844 2716 1908 cerdotis
2777 1843 3099 1916 adstricta,
3153 1862 3357 1924 usque
3413 1842 3490 1905 ad
3539 1842 3734 1923 pedes
3791 1842 3928 1922 ejus

836 1949 937 2003 tus
968 1949 1083 2016 est,
1120 1950 1183 2004 et
1211 1942 1397 2024 plaga
1427 1941 1717 2004 cessavit.
1752 1941 1828 2001 Et
1856 1959 2156 2021 percussa
2184 1947 2332 2001 sunt

838 2040 1321 2122 quatuordecim
1364 2038 1570 2101 millia
1609 2039 1964 2102 hominum.

936 2139 1100 2197 Vicit
1128 2147 1345 2197 autem
1376 2139 1615 2203 turbas,
1638 2137 1701 2197 id
1733 2144 1825 2199 est
1859 2134 2328 2216 improbitatem

840 2236 1122 2298 tribuum
1170 2235 1380 2311 lsrael,
1415 2244 1477 2298 et
1527 2243 1883 2316 praetactam
1934 2253 2154 2297 eorum
2205 2233 2333 2315 pla-

837 2353 977 2415 gam
1040 2333 1358 2409 exstinxit,
1409 2354 1539 2394 non
1582 2336 1822 2395 virtute
1862 2336 2168 2412 corporae,
2219 2353 2335 2392 nec

840 2441 1181 2492 armatura
1220 2434 1549 2509 potentioe,
1582 2430 1642 2493 id
1694 2439 1789 2493 est
1837 2450 1965 2494 non
2015 2428 2330 2512 corporali

842 2530 1237 2606 fortitudine,
1293 2548 1407 2592 nec
1468 2548 1787 2592 armorum
1848 2530 2174 2612 potentia3
2225 2531 2333 2588 sed

840 2632 1023 2690 verbo
1073 2632 1291 2699 illum,
1330 2629 1448 2708 qui
1491 2650 1554 2689 se
1600 2631 1897 2698 vexabat,
1932 2628 2226 2705 subjecit,
2268 2626 2329 2688 id

840 2736 956 2801 est,
992 2727 1278 2791 oratione
1310 2746 1423 2789 sua
1452 2726 1755 2789 exstinxit
1786 2727 2021 2805 ignem,
2056 2724 2169 2807 qui
2202 2724 2336 2806 ple-

842 2826 986 2889 bem
1034 2825 1206 2887 illam
1260 2825 1646 2900 incenderat,
1684 2832 1745 2887 et
1792 2842 1865 2886 ex
1916 2824 2332 2906 consequenti

840 2925 1093 2987 vexavit
1142 2932 1205 2985 et
1254 2923 1461 3005 ipsum
1514 2922 1719 2986 Aaron
1771 2922 1901 2985 illis
1950 2922 2337 3004 compatien-

2442 1944 2857 2021 descendens.
2907 1942 3120 2017 Porro,
3167 1961 3281 2023 per
3327 1941 3546 2005 orbem
3594 1947 3927 2015 terrarum,

2443 2041 2824 2122 intelligitur
2873 2040 2977 2103 hic
3016 2058 3142 2103 non
3183 2040 3387 2102 solum
3439 2046 3620 2101 terrae
3657 2038 3933 2101 elemen-

2441 2149 2600 2217 tum,
2624 2138 2735 2201 sed
2765 2147 2825 2201 et
2858 2138 3104 2220 sphaera
3130 2138 3402 2201 aliorum
3433 2136 3928 2214 elementorum3

2441 2247 2504 2301 et
2550 2257 2664 2319 per
2713 2245 2954 2301 vestem
3008 2236 3285 2317 poderiS,
3337 2235 3649 2317 accipitur
3699 2252 3930 2313 conge-

2441 2337 2566 2399 ries
2597 2336 2884 2418 quaedam
2927 2334 3408 2398 sacerdotalium
3445 2353 3555 2397 seu
3597 2331 3933 2415 pontifica-

2444 2436 2601 2497 lium
2635 2432 3416 2513 vestimentorum.ltaque
3446 2432 3512 2494 in
3541 2431 3930 2495 ornamentis

2444 2553 2554 2596 seu
2587 2532 2872 2597 vestibus
2903 2530 3232 2613 pontificis
3264 2529 3782 2612 repraesentative
3814 2528 3934 2591 fuit

2446 2633 2724 2695 mundus
2768 2632 2888 2693 iste
2937 2629 3258 2692 sensibilis
3295 2646 3308 2691 :
3352 2629 3428 2691 ad
3469 2628 3928 2708 designandum

2445 2730 2614 2812 quod
2647 2728 2936 2812 pontifex
2967 2727 3092 2789 fuit
3121 2727 3414 2790 minister
3441 2734 3634 2808 atque
3657 2726 3934 2789 vicarius

2447 2828 2760 2891 Creatoris
2790 2847 2862 2889 ac
2890 2826 3140 2889 Domini
3174 2825 3639 2888 universorum.
3659 2823 3938 2887 Femina-

2450 2927 2536 2989 lia
2575 2926 2809 2989 etenim
2854 2925 3026 2988 linea
3071 2934 3134 2987 et
3181 2924 3394 2986 tunica
3442 2922 3684 3001 stricta,
3717 2942 3938 3005 reprae-

842 3032 992 3086 tem.
1027 3021 1140 3085 Vel
1170 3041 1286 3104 per
1315 3029 1675 3085 vexatorem
1718 3021 1921 3098 illum,
1956 3020 2339 3100 intelligitur
2375 3020 2418 3083 C
2451 3024 2787 3088 sentabant
2835 3031 3087 3098 terram,
3121 3022 3273 3103 quia
3320 3040 3398 3085 ex
3447 3031 3612 3084 terra
3659 3021 3941 3084 nascitur

844 3122 1130 3205 spirituS‚
1164 3122 1347 3201 cujus
1379 3120 1737 3184 ministerio
1768 3120 2136 3183 incendium
2168 3119 2342 3182 infli-

842 3220 1129 3301 gebatur.
1158 3224 1543 3283 Juramenta
1588 3230 1857 3297 patrum
1906 3229 1965 3279 et
2014 3230 2342 3279 testamen-

847 3329 983 3380 tum
1032 3323 1448 3395 confirmam,
1496 3318 1555 3379 id
1609 3326 1725 3394 est,
1778 3318 1845 3379 in
1893 3336 2008 3379 sua
2056 3316 2342 3380 oratione

848 3416 1133 3480 recolens
1184 3425 1245 3477 et
1294 3416 1599 3495 allegans,
1654 3416 1929 3497 qualiter
1976 3417 2138 3478 Deus
2196 3434 2340 3477 cum

845 3517 1259 3598 jurejurando
1292 3516 1527 3578 sanctis
1559 3514 1937 3597 promiserat
1965 3512 2344 3577 Patriarchis

848 3615 1079 3678 semini
1110 3633 1329 3677 eorum
1361 3615 1511 3676 dare
1544 3622 1775 3676 terram
1808 3611 2264 3694 promissionis,
2283 3619 2346 3674 et

848 3712 1122 3795 qualiter
1154 3720 1601 3775 testamentum
1633 3710 1777 3772 iniit
1810 3730 1953 3773 cum
1986 3710 2248 3783 eisdem,
2285 3718 2346 3771 et

850 3832 995 3876 cum
1044 3809 1201 3872 filiis
1238 3810 1451 3887 Israel,
1487 3810 1553 3871 in
1596 3818 1809 3872 monte
1850 3808 2045 3886 Sinai,
2092 3809 2347 3890 quando

850 3920 913 3973 et
941 3910 1179 3991 Moyses
1219 3909 1379 3971 dixit
1412 3926 1425 3969 :
1464 3908 1573 3971 Hic
1604 3916 1699 3970 est
1730 3908 1987 3987 sanguis
2018 3916 2351 3970 testamen-

853 4008 899 4070 ti
941 4008 1111 4089 quod
1153 4007 1475 4069 mandavit
1506 4007 1584 4068 ad
1616 4024 1727 4069 vos
1770 4006 1952 4067 DouS.
1978 4005 2090 4068 Vel
2124 4024 2348 4068 sensus

854 4115 970 4182 est,
1008 4106 1176 4187 quod
1222 4106 1360 4186 ipse
1391 4105 1595 4167 Aaron
1626 4105 1819 4166 Deum
1866 4104 2198 4186 placandO,
2234 4104 2351 4165 im-

2452 3124 2652 3187 linum
2674 3142 2690 3203 ;
2714 3121 3202 3186 circumvolutio
3233 3120 3446 3197 baltei,
3469 3118 3813 3196 Oceanum,
3831 3119 3940 3200 qui

2451 3222 2650 3284 ambit
2681 3229 2744 3283 et
2783 3220 2982 3301 cingit
3021 3228 3276 3282 terram.
3311 3219 3550 3281 Tunica
3589 3217 3943 3301 hyacinthi-

2455 3341 2536 3383 na
2565 3338 2679 3402 per
2707 3338 2890 3381 suum
2934 3317 3210 3381 colorem
3251 3316 3644 3397 significavit
3678 3335 3887 3379 aerem
3925 3333 3938 3376 :

2453 3440 2568 3502 per
2603 3419 2789 3499 cujus
2829 3416 3261 3479 tintinnabula
3298 3414 3744 3495 figurabantur
3784 3413 3946 3477 toni-

2455 3526 2630 3597 trua3
2661 3524 2726 3579 et
2756 3534 2869 3598 per
2898 3514 3068 3577 mala
3093 3522 3376 3593 granata,
3412 3532 3554 3595 quae
3593 3513 3765 3592 ignei
3799 3520 3946 3574 sunt-

2455 3615 2707 3690 coloriS,
2751 3614 3244 3677 coruscationes
3277 3612 3390 3675 Per
3429 3610 3946 3694 superhumerale

2456 3710 2797 3792 multiplici
2828 3709 3132 3773 varietate
3161 3716 3478 3782 ornatum,
3513 3707 3744 3771 coelum
3785 3708 3948 3769 side-

2460 3828 2670 3889 reum3
2717 3816 2780 3871 et
2817 3826 2930 3889 per
2977 3808 3136 3869 duos
3186 3806 3362 3869 illius
3411 3805 3786 3887 onychinos,
3823 3806 3948 3867 duo

2457 3906 2928 3988 hemisphaeria‚
2963 3924 3075 3968 seu
3119 3905 3212 3968 sol
3252 3912 3314 3967 et
3353 3904 3524 3966 luna.
3558 3903 3672 3965 Per
3718 3904 3950 3966 duode-

2457 4008 2580 4070 cim
2613 4023 2912 4085 gemmaS,
2931 4004 3264 4067 duodecim
3295 4003 3475 4082 signa
3504 4001 3742 4065 zodiaci
3769 4020 3785 4063 ε
3808 4020 3952 4083 quae

2459 4123 2725 4187 gemmae
2765 4102 2990 4186 positae
3038 4110 3218 4164 erant
3263 4102 3328 4163 in
3370 4100 3684 4176 rationali,
3729 4100 3810 4162 ad
3860 4100 3954 4162 in-

856 4204 1131 4287 petravit
1182 4203 1435 4265 firmam
1495 4202 1934 4284 impletionem
1982 4201 2350 4285 promissio-
2383 4204 2430 4266 D
2461 4203 2784 4266 nuendum
2826 4201 2996 4283 quod
3037 4200 3104 4262 in
3145 4198 3511 4263 coelestibus
3545 4197 3954 4261 continentur

857 4323 1010 4366 num
1058 4302 1169 4364 Dei
1220 4300 1523 4364 factarum
1577 4301 1749 4383 plebi
1798 4300 2097 4383 praefatae.
2136 4304 2348 4370 Quum

854 4402 1029 4461 enim
1055 4401 1208 4478 jam
1244 4402 1595 4460 acervatim
1632 4402 2000 4460 cecidissent
2038 4418 2232 4476 super
2257 4403 2352 4459 al-

859 4510 1181 4562 terutrum
1208 4500 1473 4569 mortui,
1509 4497 1570 4559 id
1604 4505 1721 4571 est,
1756 4516 1955 4578 quum
1989 4497 2054 4558 in
2084 4495 2351 4578 praefato

858 4598 1177 4675 incendic,
1205 4596 1270 4659 in
1300 4615 1429 4677 quo
1460 4603 1551 4660 tot
1579 4596 1784 4658 millia
1814 4604 1965 4657 sunt
1995 4595 2346 4671 combusta,

859 4717 1023 4759 unus
1058 4714 1249 4777 super
1278 4695 1571 4769 alterum,
1607 4702 1669 4756 ct
1700 4694 1766 4756 hi
1796 4712 1988 4776 super
2018 4694 2184 4771 illos,
2206 4714 2350 4757 cum

859 4794 1135 4857 cumulis
1175 4792 1565 4855 corruissent
1603 4810 1616 4853 :
1651 4791 1800 4874 quia
1839 4812 1914 4854 ex
1952 4792 2354 4855 vehementia

862 4912 1067 4975 poenae
1103 4890 1507 4971 agitabantur
1547 4890 1698 4952 hinc
1744 4890 1915 4965 inde,
1950 4898 2011 4952 et
2047 4909 2212 4951 unus
2243 4890 2357 4951 ali-

864 5012 969 5054 um
1020 4990 1278 5074 impulit
1324 5008 1399 5053 ac
1448 4990 1826 5072 prostravit3
1882 4989 2248 5059 interstitit,
2292 4989 2355 5051 id

864 5098 981 5167 est,
1011 5090 1218 5151 Aaron
1263 5088 1328 5149 in
1371 5088 1578 5151 medio
1620 5087 1795 5150 stetit
1824 5087 1990 5149 inter
2028 5086 2236 5149 adhuc
2267 5088 2361 5151 vi-

867 5196 1110 5263 venteS‚
1154 5207 1227 5251 ac
1266 5194 1573 5263 mortuos,
1608 5196 1666 5247 et
1704 5188 2096 5263 amputavit,
2128 5184 2192 5247 id
2241 5194 2356 5258 est,

869 5306 1115 5351 cessare
1148 5286 1323 5363 fecit,
1348 5288 1659 5363 impetum
1689 5283 1993 5360 incendii,
2029 5285 2199 5365 quod
2229 5303 2363 5348 mo-

2462 4302 2738 4365 rationes
2777 4299 3064 4362 omnium
3107 4307 3525 4361 terrenorum.
3559 4298 3718 4359 Hinc
3761 4298 3954 4361 medi-

2462 4420 2571 4462 um
2611 4406 3056 4462 ornamentum
3099 4405 3267 4459 recte
3307 4404 3595 4460 vocatum
3638 4403 3736 4458 est
3765 4396 3956 4459 ratio-

2463 4499 2628 4577 nale,
2671 4498 2825 4579 quia
2871 4496 3224 4560 rationibus
3253 4499 3490 4558 ‘cuncta
3539 4503 3688 4556 sunt
3737 4495 3950 4574 plena.

2462 4596 2576 4657 Per
2620 4594 2885 4657 cidarim
2933 4592 3369 4673 significatum
3411 4600 3507 4655 est
3545 4591 3782 4654 coelum
3827 4611 3956 4654 em-

2466 4711 2762 4777 pyreum3
2795 4710 2911 4775 per
2941 4691 3242 4753 laminam
3272 4708 3527 4753 auream
3557 4690 3821 4753 nomine
3849 4689 3956 4753 Dei

2466 4792 2861 4873 inscriptam,
2897 4791 3036 4872 ipse
3066 4791 3226 4853 Deus
3254 4789 3570 4869 gloriosus
3597 4798 3663 4851 et
3695 4789 3960 4852 adoran-

2466 4891 2607 4965 duS,
2642 4888 2989 4971 praesidens
3019 4886 3586 4951 universis—His
3619 4887 3959 4950 concordat

2466 4989 2907 5068 HieronymuS,
2941 4987 3160 5049 dicens
3195 5003 3208 5048 :
3243 4984 3483 5049 Hebraei
3536 5004 3650 5067 per
3698 4983 3958 5068 byssum

2471 5086 2840 5166 intelligunt
2879 5094 3147 5164 terram3
3189 5103 3304 5167 per
3346 5102 3718 5166 purpuram,
3761 5102 3957 5156 mare,

2470 5186 2622 5267 quia
2671 5183 2948 5247 cochleis
2999 5183 3192 5245 maris
3241 5182 3612 5262 intingitur3
3653 5200 3773 5263 per
3817 5182 3963 5264 hya-

2473 5282 2788 5359 cinthum,
2803 5300 3037 5359 aerem,
3057 5290 3248 5362 atque
3278 5299 3393 5363 per
3421 5298 3704 5356 coccum,
3724 5279 3956 5360 ignem.
