4284 6267
1005 525 1359 573 ENARRATIO
1402 526 1465 571 m
1508 525 1645 572 cAr.
1682 525 1789 571 vm
1831 526 1989 571 mnu
2032 524 2391 571 sarmitum.
2436 546 2517 555 —
2556 527 2696 573 Am.
2733 527 2841 573 vm
3347 508 3462 575 501

374 698 488 780 qui
517 706 613 761 est
648 696 717 759 in
758 694 906 759 sinu
938 694 1160 774 Patris,
1197 696 1337 778 ipsc
1367 696 1708 759 enarravit.
1743 698 1873 757 Sed
1902 694 1953 755 A
1984 695 2062 758 de
2104 696 2352 759 loeutus
2396 703 2492 758 est
2527 695 2716 759 Isaias
2760 715 2773 759 :
2819 696 3066 761 Divitiae
3106 697 3328 760 salutis
3371 717 3467 760 sa·
3499 717 3759 767 stanneo.

372 808 432 857 ec
460 798 757 857 omnium
790 798 1107 857 Dominus
1135 798 1369 855 dilevit
1399 797 1608 865 illam,
1646 794 1709 856 id
1750 802 1866 870 est,
1984 795 2224 877 pientia
2264 804 2326 858 et
2371 794 2657 858 scientia.
2697 799 2848 865 Quoe
2881 799 3100 857 omnia
3139 806 3464 874 operatur.

375 896 539 957 Deus
598 895 779 957 Pater
824 894 1048 956 dilexit
1094 913 1166 957 66
1227 893 1437 973 diligit
1483 893 1868 974 Sapientiam
1981 894 2263 957 Increata
2313 913 2588 975 namque
2635 894 2979 976 Sapientia,
3034 895 3322 958 omnium
3375 903 3471 957 est

374 993 563 1054 istam
594 1000 919 1069 aeternam‚
940 1000 1160 1073 utpote
1180 991 1455 1055 Verbum
1489 1011 1671 1053 suum
1703 999 1873 1054 aeter-
1980 992 2273 1071 creatrix,
2307 995 2486 1075 juxta
2513 994 2683 1075 quod
2716 994 2780 1055 in
2809 993 3154 1074 Evangelio
3183 994 3416 1075 legitur
3449 1011 3464 1057 ε

372 1111 525 1153 num
572 1098 638 1153 et
678 1090 939 1153 unicum
970 1089 1225 1165 Filium,
1263 1090 1430 1151 sicut
1471 1090 1537 1151 in
1581 1089 1721 1171 ejus
1764 1090 1870 1151 ba·
1979 1092 2202 1156 Omnia
2255 1112 2367 1173 per
2415 1094 2626 1175 ipsum
2677 1091 2840 1155 facta
2899 1101 3066 1155 sunt.
3119 1094 3196 1154 Et
3236 1101 3466 1156 cuncta
3494 1113 3760 1165 Joann.·,³.

372 1189 721 1271 p‘tizatione
749 1208 823 1251 ac
851 1188 1416 1271 transfiguratione
1448 1188 1695 1251 locutus
1725 1196 1863 1251 est:
1979 1191 2268 1273 quotidie
2311 1192 2673 1254 moderatur
2714 1210 2788 1253 ac
2827 1190 3230 1253 administrat
3266 1200 3328 1254 et
3372 1211 3468 1255 re-

126 1298 341 1375 flant-¹¹1,
370 1288 485 1351 Hic
516 1295 613 1351 est
650 1288 849 1350 Filius
892 1306 1071 1350 meus
1112 1287 1404 1364 dilectuS,
1440 1287 1505 1349 in
1541 1306 1669 1369 quo
1708 1287 1866 1350 mihi
1976 1290 2089 1370 git,
2130 1291 2668 1372 quemadmodum
2715 1298 2980 1352 testatur
3015 1307 3028 1353 :
3062 1291 3240 1353 Pater
3286 1310 3466 1354 meus
3498 1310 3758 1364 mann.

134 1375 229 1413 ⁴³¹*
372 1386 537 1450 bene
572 1387 957 1469 complacui.
990 1385 1231 1467 Diligit,
1269 1386 1556 1467 inquam,
1593 1404 1741 1449 eum
1780 1386 1869 1447 di·
1978 1407 2182 1470 usque
2213 1390 2402 1452 modo
2428 1396 2746 1471 operatur,
2767 1396 2830 1451 et
2859 1404 2974 1467 ego
3004 1388 3465 1470 operor.Quum

370 1486 647 1549 lectione
676 1484 993 1549 intensive
1035 1484 1368 1562 immensa,
1413 1485 1711 1547 videlicet
1741 1492 1869 1547 tan·
1982 1487 2175 1568 igitur
2219 1487 2435 1550 omnia
2475 1495 2795 1570 operetur,
2829 1494 3076 1550 constat
3121 1488 3291 1568 quod
3337 1506 3470 1551 om-

368 1593 453 1661 ta,
508 1592 751 1665 quanta
798 1602 865 1645 se
914 1584 1149 1665 ipsum.
1201 1583 1523 1646 Christum
1572 1602 1723 1647 vero
1776 1603 1869 1647 se·
1980 1586 2156 1647 nium
2191 1584 2618 1669 perfectiones
2649 1585 2712 1647 in
2744 1604 2820 1647 ea
2846 1585 3217 1662 consistant,
3239 1594 3304 1648 et
3331 1586 3471 1667 ipsa

367 1684 653 1747 cundum
694 1691 987 1745 naturam
1030 1689 1447 1763 assumptam,
1484 1682 1694 1763 diligit
1724 1682 1868 1765 plus
1980 1685 2302 1748 universis
2353 1685 2435 1747 sit
2481 1685 2696 1748 ditior.
2731 1687 2812 1747 Si
2839 1694 3056 1747 autem
3083 1705 3301 1745 sensus
3327 1706 3471 1764 ope·
3611 1698 3647 1752 6

370 1802 562 1864 quam
606 1790 811 1844 totum
853 1781 1091 1863 pariter
1118 1782 1513 1858 universum,
1546 1782 1699 1863 quia
1740 1802 1870 1845 ma·
1981 1794 2193 1856 ratur,
2236 1785 2300 1847 id
2350 1793 2465 1857 est,
2521 1783 2574 1846 si
2626 1783 2988 1847 intellectus
3035 1792 3307 1861 creatuS,
3356 1803 3469 1847 seu

369 1882 475 1962 jus
531 1879 775 1942 bonum
837 1879 1040 1942 voluit
1097 1879 1722 1962 communicavitque
1779 1880 1865 1957 ei,
1908 1880 1955 1941 B
1982 1884 2262 1945 humana
2291 1882 2537 1959 notitia,
2573 1890 2668 1945 est
2705 1882 2912 1969 activa
2952 1882 3349 1947 diversorum
3379 1882 3474 1947 ef-

118 2584 235 2627 Ibid.
254 2598 291 2635 v,
307 2588 344 2627 3.

142 2684 295 2727 lom.

102 3271 243 3359 estid·
268 3286 350 3323 vui,

160 4126 178 4144 ⁶
205 4126 299 4167 vita

371 1979 490 2041 hoe
540 1985 639 2039 est
696 1976 1049 2039 increatum
1101 1985 1166 2039 et
1216 1977 1683 2059 hypostaticum
1734 1998 1873 2041 esse

372 2076 567 2138 Verbi
615 2075 861 2151 aeterui,
908 2075 988 2137 ad
1032 2075 1202 2157 quod
1250 2084 1574 2158 assumpta
1618 2084 1717 2139 est
1764 2077 1875 2138 hu-

376 2174 652 2237 manitas
694 2172 953 2237 Christi.

456 2274 733 2335 Doctrioe
769 2282 861 2333 esc
894 2275 1071 2333 enim
1098 2274 1470 2349 disciplinoe
1498 2273 1644 2340 Dei,
1677 2272 1739 2335 id
1782 2279 1877 2334 est

380 2370 643 2435 moralis
675 2370 981 2447 scicntiae,
1016 2380 1129 2451 per
1160 2388 1352 2450 quam
1385 2370 1676 2432 homines
1712 2370 1879 2432 fiunt

384 2468 505 2531 Deo
536 2468 883 2549 placentes,
917 2466 1111 2541 Quam
1154 2467 1560 2549 disciplinam
1592 2466 1877 2529 Christus

384 2566 447 2629 in
483 2567 830 2647 Evangelio
859 2566 1079 2631 docuit
1108 2566 1383 2648 copiose,
1421 2566 1692 2629 dicendo
1726 2584 1740 2628 ε
1775 2566 1880 2629 Β6-

325 2698 352 2735 ι,
379 2666 463 2727 ati
507 2684 819 2749 pauperes
860 2664 1113 2747 spiritu,
1149 2672 1269 2728 etc.
1304 2664 1459 2726 Nam
1491 2665 1570 2726 de
1605 2663 1881 2745 plenitu-

377 2764 527 2827 dine
573 2765 715 2846 ejus
757 2764 1118 2845 accepimus
1166 2779 1409 2825 omnes,
1459 2762 1537 2823 Et
1586 2763 1879 2843 quamvis

378 2862 671 2926 doctrina
720 2862 840 2926 ista
889 2881 1017 2924 non
1066 2862 1151 2923 sit
1197 2880 1388 2924 causa
1440 2880 1476 2922 a
1523 2860 1745 2942 priori,
1797 2861 1880 2924 oh

379 2981 571 3043 quam
623 2962 802 3024 Pater
849 2960 1063 3042 diligit
1111 2960 1431 3023 Christum
1490 2959 1695 3023 modis
1744 2961 1876 3042 Jam

1985 1981 2292 2058 fectuum,
2346 1984 2492 2061 quis
2549 1983 2782 2041 horum
2839 2002 2984 2061 quoe
3039 1991 3217 2051 sunt,
3269 1984 3476 2059 mayis

1984 2101 2183 2159 quam
2232 2082 2376 2151 illa,
2425 2089 2513 2140 est
2560 2079 2860 2155 artifex?
2905 2086 3206 2159 tanquam
3257 2078 3471 2141 dicat:

1984 2177 2215 2258 Utique
2246 2177 2486 2255 nulluS,
2509 2176 2814 2257 quoniam
2847 2175 3171 2258 Sapientia
3198 2176 3480 2239 increata

1986 2284 2083 2339 est
2130 2275 2575 2339 universorum
2623 2274 3002 2356 exemplaris
3051 2273 3480 2356 effectivaque

1986 2394 2198 2450 causa,
2248 2393 2284 2436 6
2326 2392 2455 2455 qua
2501 2380 2732 2435 cuncta
2774 2373 3150 2454 procedunt,
3182 2372 3347 2436 sicut
3383 2392 3481 2435 ar-

1989 2473 2262 2537 tificiata
2305 2492 2341 2534 a
2386 2490 2502 2535 suo
2541 2470 2815 2535 artifice.
2849 2472 2939 2533 Ex
2985 2490 3114 2553 quo
3163 2473 3474 2553 sequitur,

1987 2573 2156 2654 quod
2207 2570 2367 2633 nihil
2413 2570 2736 2652 potentius
2785 2570 3099 2651 sapientia
3134 2588 3148 2632 t
3183 2570 3475 2651 ideoque,

1989 2672 2043 2733 si
2089 2677 2411 2751 quaeratur
2449 2676 2754 2750 potestaS‚
2806 2668 2945 2749 ipsa
2994 2687 3141 2731 vere
3188 2669 3480 2751 omnipo·-

1989 2779 2152 2845 tenS,
2189 2786 2434 2830 summe
2473 2775 2570 2829 est
2607 2766 2978 2847 expetenda.

2067 2871 2153 2929 Ec
2196 2867 2258 2926 si
2289 2867 2630 2944 justitiam
2679 2865 2826 2944 quis
2870 2864 3118 2940 diliqic,
3150 2862 3215 2925 id
3265 2873 3381 2939 cst,
3421 2864 3476 2926 si

1986 2964 2132 3048 quis
2175 2963 2419 3046 appetit
2455 2980 2594 3024 esse
2637 2962 2982 3025 virtuosus,
3015 2960 3268 3024 Justitia
3302 2962 3476 3024 enim

381 3061 589 3137 tactiS‚
638 3068 733 3123 est
788 3068 996 3122 tamen
1050 3078 1240 3122 causa
1284 3078 1321 3120 a
1370 3058 1729 3141 posteriori,
1767 3078 1879 3121 scu
1913 3065 1956 3129 C
1988 3081 2115 3125 uno
2147 3060 2336 3123 modo
2364 3058 2600 3121 dicitur
2629 3077 2769 3122 esse
2797 3056 3006 3120 omnis
3035 3076 3148 3120 seu
3178 3057 3482 3138 quaelibet

380 3158 636 3239 signum
698 3158 866 3239 quod
916 3157 1128 3237 diligit
1176 3156 1409 3239 ipsum.
1456 3157 1639 3219 Juxta
1684 3175 1875 3238 quem

382 3258 643 3321 modum
676 3256 875 3318 Filius
907 3255 973 3317 in
1003 3255 1350 3335 Evangelio
1380 3255 1507 3317 ait:
1542 3255 1721 3318 Pater
1750 3272 1875 3316 non

383 3356 650 3437 reliquit
679 3374 782 3417 mc
822 3355 1028 3417 solum
1068 3372 1081 3415 :
1118 3354 1269 3434 quia
1308 3372 1424 3432 ego
1464 3374 1605 3434 quae
1646 3354 1881 3436 placita

383 3464 531 3519 sunt
573 3456 656 3530 ei,
695 3454 857 3518 facio
902 3474 1174 3537 semper.
1207 3457 1293 3515 Et
1321 3457 1589 3515 electrioe
1617 3472 1879 3530 operum

382 3558 593 3623 illius,
623 3554 689 3616 id
738 3561 854 3631 est,
890 3570 1085 3634 opera
1124 3552 1434 3617 veraciter
1478 3551 1760 3615 virtuosa
1806 3570 1877 3613 66

329 3648 621 3735 *placita
662 3652 811 3728 Deo,
845 3652 1159 3733 approbat
1198 3659 1261 3713 et
1298 3650 1449 3732 eligi
1483 3648 1656 3726 facit,
1694 3648 1879 3713 vitio-

104 3767 353 3873 ,}¹“¹¹{¹“¹'’
383 3770 584 3833 saque
614 3749 934 3832 reprobat,
973 3748 1192 3811 dicens
1227 3766 1241 3810 ε
1276 3748 1597 3811 Attendite
1631 3747 1814 3810 vobis
1842 3766 1879 3808 a

386 3847 570 3911 falsis
627 3848 979 3930 prophetis,
1014 3854 1175 3926 etc.;
1208 3866 1245 3909 a
1294 3844 1611 3908 fructibus
1656 3863 1876 3908 eorum

383 3946 783 4029 cognoscetis
825 3964 955 4009 eos,

462 4048 549 4107 Ec
575 4048 635 4105 si
664 4046 920 4105 divitiae
948 4052 1346 4120 appetuntur
1370 4044 1443 4102 in
1467 4052 1639 4103 terra
1652 4043 1698 4110 *‚
1716 4044 1878 4121 quid

380 4144 709 4220 sapientia
760 4144 1188 4219 locupletius?
1237 4140 1422 4222 quasi
1470 4139 1639 4202 dicat
1682 4156 1695 4201 :
1737 4138 1878 4213 Qui-

382 4258 662 4321 cumque
692 4238 872 4319 cupit
900 4245 964 4301 et
987 4247 1155 4301 amat
1186 4238 1441 4301 divitias
1475 4238 1872 4320 temporalc8‚
1908 4244 1958 4305 D
1987 4250 2082 4305 cst
2140 4259 2334 4322 supra
2385 4255 2399 4299 :
2453 4238 2762 4301 Bonorum
2825 4236 3113 4300 laborum
3161 4234 3478 4317 gloriosus
3507 4258 3772 4317 εφωηε.

383 4338 615 4401 merito
644 4335 834 4399 debet
862 4335 1239 4417 sapientiam
1272 4335 1458 4398 istam
1487 4344 1786 4417 appetere
1817 4345 1880 4398 et

385 4455 599 4500 amare
635 4453 650 4498 :
685 4434 840 4516 quia
869 4434 937 4496 in
967 4453 1043 4496 ea
1080 4442 1176 4498 est
1211 4435 1497 4498 omnium
1538 4434 1874 4511 bonorum,

384 4534 809 4614 omniumque
858 4532 1272 4614 pulchrorum
1323 4552 1397 4595 ac
1445 4532 1881 4596 desiderabili-

1990 3162 2213 3235 virtuS,
2247 3156 2550 3240 quoniam
2584 3174 2697 3237 per
2737 3174 3254 3236 unamquamque
3287 3155 3482 3217 virtu-

1989 3268 2117 3323 tem
2151 3257 2343 3319 homo
2373 3274 2441 3318 se
2472 3254 2664 3317 habet
2695 3262 2766 3315 ut
2803 3253 2983 3317 decet
3021 3271 3093 3316 ae
3130 3252 3341 3330 debet,
3376 3253 3483 3315 de-

1991 3358 2328 3437 bitumque
2359 3352 2672 3435 impendit
2703 3353 2827 3415 Deo
2856 3350 3232 3432 obsequium
3261 3368 3274 3413 :
3308 3352 3479 3433 quod

1990 3456 2180 3519 ctiam
2214 3454 2294 3515 de
2323 3450 2764 3513 misericordia
2793 3450 3034 3513 clarum
3066 3450 3337 3532 est,quia
3367 3468 3481 3532 per

1989 3573 2128 3618 eam
2160 3549 2468 3634 proximis
2499 3548 2890 3625 subvenitur,
2909 3547 3081 3629 quod
3109 3567 3146 3610 a
3178 3549 3302 3612 Deo
3333 3566 3484 3631 prae-

1987 3651 2248 3734 cipitur.
2273 3651 2546 3711 Labores
2579 3648 2778 3724 hujus
2807 3667 3076 3724 maynas
3095 3650 3326 3709 habent
3356 3649 3482 3708 vir-

1991 3760 2153 3812 tutes
2185 3770 2208 3809 :
2252 3747 2313 3809 id
2357 3755 2474 3821 est,
2517 3753 2696 3807 actus
2739 3744 2974 3826 quibus
3015 3763 3131 3827 pro
3169 3745 3482 3827 sapientia

1986 3846 2336 3913 obtinenda
2378 3864 2451 3908 ac
2489 3843 2876 3927 possidenda
2911 3842 3254 3919 laboratur,
3289 3861 3484 3907 anne-

1988 3966 2095 4009 xas
2126 3944 2366 4007 habent
2393 3962 2467 4007 ac
2494 3949 2938 4026 promerentur
2966 3941 3231 4004 virtutes
3261 3942 3484 4023 praeei-

1987 4064 2170 4128 puaS,
2207 4062 2319 4106 seu
2372 4061 2590 4105 earum
2629 4059 2821 4123 opera
2861 4040 3052 4116 bona,
3087 4038 3222 4103 sive
3269 4037 3482 4121 profe-

1987 4153 2205 4208 ctuum
2236 4142 2650 4217 incrementa,
2672 4138 3207 4222 quemadmodum
3235 4137 3476 4202 dictum

1988 4349 2083 4405 est
2125 4339 2392 4401 fructus.
2438 4337 2577 4418 Ipsa
2611 4336 2803 4399 etiam
2847 4336 3124 4398 increata
3156 4335 3479 4418 Sapientia

1989 4438 2199 4501 taliter
2240 4434 2677 4498 laborantibus
2719 4432 3002 4496 infundit
3047 4433 3336 4510 virtuteS,
3371 4441 3478 4496 aut

1989 4533 2352 4619 spirituales
2383 4531 2730 4615 profectus,
2766 4532 3102 4613 Propterea
3136 4532 3429 4594 subditur
3463 4548 3477 4592 ε

2070 4635 2496 4696 Sobrz'etatem
2525 4633 2723 4703 enim,
2750 4630 2810 4693 id
2845 4639 2941 4693 est
2971 4630 3478 4710 temperantiam,

386 4653 493 4696 um
546 4630 881 4714 plenitudo
931 4630 1263 4693 immensa.
1316 4630 1463 4705 Quae
1506 4631 1571 4692 in
1620 4631 1879 4694 Prover-

128 4744 355 4793 emam.
384 4731 513 4793 biis
560 4736 954 4793 contestatur
993 4747 1007 4790 :
1046 4729 1286 4792 Mecum
1338 4738 1489 4792 sunt
1536 4730 1774 4792 divitiae
1822 4738 1884 4793 et

104 4810 355 4923 qnam,
382 4828 611 4910 gloria.
651 4828 727 4889 Et
757 4826 989 4890 iterum
1021 4828 1318 4890 Salomon
1357 4828 1642 4909 loquitur
1674 4846 1688 4891 :
1722 4827 1882 4902 Quid

104 4937 161 4977 ts.
388 4926 649 5009 prodest
678 4925 875 4988 stulto
905 4924 1141 4987 habere
1171 4924 1450 5001 divitias,
1487 4946 1683 5007 quum
1721 4926 1887 5008 sapi-

386 5008 629 5087 entiam
658 5043 872 5086 emere
912 5042 1041 5085 non
1082 5023 1321 5105 possit?
1351 5024 1503 5104 quia
1533 5024 1597 5085 in
1638 5024 1888 5106 sapien-

1990 4744 2048 4795 ει
2088 4732 2506 4808 sapientiam,
2538 4728 2603 4791 id
2647 4738 2743 4792 est
2795 4728 3222 4809 prudentiam,
3256 4731 3430 4789 docet
3460 4749 3483 4789 .·

1993 4830 2147 4911 quia
2177 4848 2282 4891 eas
2322 4827 2610 4908 largitur,
2649 4836 2711 4890 et
2749 4828 3025 4910 qualiter
3052 4828 3362 4890 utendum
3403 4826 3487 4888 sit

1995 4928 2109 5005 eiS‚
2156 4927 2466 5008 inspirat3
2500 4927 2917 5003 ecjustitiam
2958 4944 3101 5007 quae
3145 4934 3243 4989 est
3284 4926 3488 4989 virtus

1997 5024 2316 5107 specialis,
2351 5034 2410 5085 et
2441 5026 2767 5095 virtutem,
2797 5023 2861 5085 id
2893 5032 2988 5087 est
3020 5022 3483 5102 fortitudinem,

1997 5142 2143 5206 quae
2173 5123 2534 5205 passionem
2566 5122 2814 5185 >timoris
2855 5120 3138 5185 refrenat
3175 5142 3248 5185 ac
3279 5124 3492 5187 mode-

2002 5231 2198 5297 ratur,
2231 5228 2292 5282 et
2321 5238 2463 5301 quae
2491 5220 2690 5281 ardua
2721 5218 2873 5282 facit
2905 5220 3176 5283 viriliter
3203 5222 3485 5303 aggredi,

2000 5328 2063 5384 ct
2105 5318 2278 5383 circa
2320 5317 2604 5400 pericula
2646 5316 2870 5381 mortis
2913 5337 2982 5381 se
3014 5327 3270 5383 strenue
3303 5320 3484 5401 gerit.

392 5122 480 5184 tia
524 5120 821 5183 consistit
868 5119 1198 5203 opulentia
1240 5140 1411 5183 vera.
1456 5121 1610 5184 Nam
1653 5132 1713 5185 ct
1758 5122 1889 5187 vita

390 5228 631 5283 aeterna
668 5228 765 5282 est
804 5219 871 5281 in
915 5227 1060 5281 actu
1100 5218 1449 5300 sapientiae,
1486 5220 1596 5300 qui
1634 5230 1731 5283 est
1764 5222 1891 5303 pri-

394 5336 517 5381 mae
546 5325 610 5381 ct
639 5336 905 5381 summm
944 5316 1395 5398 contemplatio
1434 5318 1739 5382 veritatiS.
1773 5321 1891 5382 Un-
