4284 6267
858 517 976 581 454

1564 532 1915 580 malumno
1957 532 2021 579 m
2062 532 2202 579 CAP.
2247 531 2270 577 1
2309 532 2468 578 LIBRI
2509 532 2867 579 sumum.
2911 551 2992 563 --
3031 532 3174 579 ΛΒΤ.
3219 530 3242 577 1

858 705 1451 770 connaturalitatem
1511 723 1623 767 seu
1681 702 2192 768 conformitatem
2246 720 2352 765 ve-
2378 701 2430 764 A
2458 720 2558 764 am
2593 720 2704 765 seu
2735 701 3264 785 omnipotentiam
3293 701 3428 780 Dei,
3460 710 3554 765 est
3584 702 3778 765 Deum
3809 710 3948 765 ten-

858 804 972 866 stri
1008 802 1283 867 affectus
1324 804 1403 866 ad
1437 803 1656 881 Deum,
1688 802 1969 884 judicate
2005 801 2085 865 de
2117 820 2194 865 eo
2233 800 2346 877 sic,

856 909 927 964 ut
972 910 1179 965 vester
1224 901 1499 965 affectus
1542 901 1625 963 sit
1673 900 1907 963 divinae
1948 908 2012 962 et
2053 900 2350 962 increatae

854 1000 1140 1081 aequitati
1190 998 1541 1063 conformis
1592 1017 1607 1061 z
1654 998 1874 1081 sicque
1932 997 2224 1060 sentiatis
2270 997 2350 1059 de

853 1116 952 1175 e0,
984 1100 1154 1180 quod
1200 1099 1339 1181 ipse
1386 1098 1470 1160 sit
1508 1097 1795 1161 omnium
1838 1098 2031 1178 judex
2072 1095 2350 1177 justissi-

852 1216 1018 1274 muS,
1059 1216 1189 1260 non
1228 1198 1435 1261 solum
1472 1216 1586 1279 per
1626 1198 1859 1259 nudam
1899 1205 1963 1257 et
2007 1194 2347 1258 informem

852 1295 1048 1360 vestri
1091 1295 1453 1359 intellectus
1494 1295 1808 1369 notitiam,
1846 1294 1954 1357 sed
1992 1312 2104 1375 per
2141 1292 2343 1375 ipsam

853 1392 1199 1455 voluntatis
1249 1392 1623 1469 bonitatem,
1678 1391 2040 1474 aequitatem
2090 1410 2167 1453 ac
2219 1392 2348 1452 sin-

852 1492 1201 1556 ceritatem.
1240 1496 1323 1555 It't
1364 1494 1437 1553 in
1483 1494 1900 1570 simplicitate
1936 1489 2148 1552 cordis
2175 1510 2346 1569 quoe-

850 1593 978 1651 rite
1034 1593 1229 1651 illum
1272 1612 1295 1651 .·
1345 1590 1406 1652 id
1468 1598 1584 1663 est,
1637 1591 1825 1653 corde
1878 1588 2179 1671 simplici,
2215 1608 2342 1651 non

2459 809 2615 879 tare,
2664 811 2726 863 et
2765 810 2985 864 contra
3027 800 3446 864 reverentiam
3491 802 3652 882 ejus.
3701 800 3945 865 Idcirco

2459 899 2550 962 sic
2594 918 2888 981 quaerens
2938 908 3046 962 aut
3087 918 3298 977 oranS,
3347 917 3474 963 non
3523 908 3798 963 meretur
3837 918 3946 962 ex-

2457 997 2687 1074 audiri,
2724 998 2836 1060 sed
2877 998 3077 1078 magis
3115 997 3362 1079 repelli.
3399 1000 3684 1075 Apparet
3719 1010 3940 1059 autem

2457 1098 2548 1156 eis
2576 1098 2693 1176 qui
2720 1099 2916 1173 fidem
2945 1098 3177 1157 liabent
3217 1098 3290 1155 in
3321 1098 3512 1157 illum
3533 1117 3557 1156 .·
3587 1095 3652 1157 id
3679 1105 3795 1173 est,
3827 1116 3943 1179 per

2457 1194 2880 1257 exauditionis
2908 1192 3236 1271 effectum,
3272 1193 3373 1257 vel
3405 1213 3518 1277 per
3557 1204 3942 1257 secretorum

2457 1293 2936 1369 revelationem,
2984 1312 3097 1356 seu
3146 1292 3484 1374 gratiosam
3533 1290 3944 1357 illuminatio-

2457 1410 2626 1469 nem,
2659 1391 2936 1455 ostendit
2985 1411 3162 1453 suam
3213 1390 3694 1471 benignitatem,
3731 1392 3942 1474 provi-

2453 1490 2735 1553 dentiam
2767 1510 2841 1554 ac
2871 1497 3268 1573 potestatem,
3293 1490 3388 1552 eis
3412 1491 3524 1572 qui
3557 1489 3687 1553 fide
3715 1489 3943 1554 forma-

2455 1598 2536 1667 ta,
2570 1589 2636 1652 id
2665 1598 2762 1653 est
2790 1608 2904 1672 per
2941 1589 3266 1653 caritatem
3309 1597 3371 1651 et
3408 1598 3588 1653 actus
3624 1589 3940 1653 virtuosos

850 1689 1115 1771 duplici,
1160 1688 1301 1751 sine
1338 1688 1765 1766 simulatione,
1800 1688 2062 1751 fictione
2100 1697 2164 1750 et
2202 1707 2344 1770 per·
2452 1696 2694 1764 ornata,
2748 1688 3084 1765 honorant,
3139 1688 3460 1765 invocant,
3511 1708 3620 1751 seu
3673 1689 3942 1751 tendunt

850 1807 1033 1850 versa
1092 1788 1469 1865 intentione,
1523 1795 1737 1871 optate
1793 1797 1855 1849 ει
1910 1786 2158 1850 studete
2215 1787 2342 1851 Deo
2452 1788 2518 1850 in
2562 1788 2798 1871 ipsum.
2833 1786 2990 1849 Hinc
3019 1787 3307 1851 Salvator
3337 1787 3401 1848 in
3435 1786 3778 1867 Evangelio
3823 1806 3940 1851 εω-

849 1886 1121 1969 placere,
1165 1886 1493 1967 conjungi,
1536 1895 1601 1949 et
1642 1885 1709 1947 in
1760 1884 1983 1967 gratia,
2027 1885 2340 1965 sapientia
2377 1892 2420 1953 B
2449 1887 2594 1971 pius
2643 1886 2926 1968 loquitur
2960 1903 2974 1947 τ
3011 1884 3184 1948 Sicut
3232 1885 3579 1963 credidisti,
3614 1884 3732 1948 fiat
3780 1885 3933 1966 tibi3
3975 1902 4205 1947 mitam.

812 2005 923 2048 -ac
953 1985 1189 2047 virtute
1246 1984 1585 2067 proficere,
1629 1985 1845 2048 omnia
1875 1983 2232 2048 ordinando
2261 1986 2337 2047 ad
2447 1995 2530 2061 et,
2583 1985 2766 2048 Fides
2818 1993 2924 2046 tua
2970 1992 3030 2047 te
3079 1983 3318 2047 salvam
3369 1983 3555 2064 fecit3
3601 1992 3684 2061 et,
3716 1982 3936 2048 Omnia
3962 1968 4203 2075 2}ngssss

850 2083 1156 2147 honorem
1189 2083 1591 2165 gloriamque
1620 2084 1846 2166 ipsius.
1880 2083 2039 2146 Hinc
2068 2082 2238 2145 enim
2272 2083 2337 2145 in

2447 2082 2783 2167 possibilia
2827 2091 2978 2145 sunt
3023 2082 3341 2162 credenti3
3385 2082 3683 2165 itemque,
3715 2082 3782 2145 Si
3829 2083 3936 2145 ha·
3991 2092 4204 2134 Mare-¹1·

849 2181 1295 2245 Ecclesiastico
1335 2181 1642 2263 scriptum
1684 2190 1780 2243 est
1823 2199 1837 2243 :
1870 2180 1957 2244 Ne
1995 2181 2337 2243 accesseris

2447 2182 2715 2245 bueritis
2747 2180 2945 2244 fidem
2977 2182 3136 2243 sicut
3168 2199 3434 2262 granum
3467 2181 3731 2263 sinapis,
3765 2182 3934 2245 dice—
3959 2156 4206 2260 fialam,

850 2281 928 2343 ad
960 2281 1155 2344 Deum
1186 2280 1428 2364 duplici
1453 2282 1659 2345 corde.
1677 2279 1963 2342 Christus
1993 2299 2250 2362 quoque
2277 2280 2338 2342 in

578 2400 820 2453 naum..
848 2378 1193 2459 Evangelio
1223 2380 1349 2445 ait:
1380 2378 1442 2442 Si
1474 2379 1695 2443 oculus
1726 2388 1873 2441 tuus
1901 2397 2176 2461 nequam
2207 2377 2341 2443 sue-

2450 2280 2527 2343 tis
2585 2280 2786 2343 monti
2849 2279 3017 2355 huic,
3069 2279 3244 2343 Tolle
3304 2288 3385 2356 te,
3441 2288 3506 2342 et
3559 2279 3810 2343 mittere
3867 2281 3931 2342 in
3963 2282 4205 2327 ¹⁹:¹²¹·212

554 2465 622 2506 ³³·
850 2478 953 2554 rit,
991 2478 1055 2540 id
1086 2487 1203 2555 est,
1231 2497 1529 2561 perversa
1559 2477 1852 2555 intentio,
1873 2486 2073 2541 totum
2107 2496 2338 2560 corpus

2447 2398 2641 2455 mare,
2667 2386 2728 2441 ει
2759 2378 3012 2441 obediet
3037 2377 3240 2441 vobis.
3265 2378 3423 2441 Hinc
3455 2378 3762 2460 scriptum
3793 2387 3928 2441 est:
3959 2343 4181 2455 335„AE

849 2583 1025 2639 tuum
1054 2576 1460 2640 tenebrosum
1493 2576 1627 2640 erit.
1653 2576 1730 2639 Et
1760 2575 1912 2639 alibi
1944 2577 2032 2639 ait
2063 2577 2339 2659 Scriptu-

850 2693 919 2736 ra
956 2691 971 2736 :
1004 2674 1418 2738 Simulatores
1452 2683 1516 2739 et
1542 2674 1757 2738 callidi
1789 2684 2135 2758 provocant
2177 2675 2338 2737 iram

2447 2476 2726 2539 Postulet
2756 2476 2822 2537 in
2875 2475 3006 2538 fide
3056 2474 3218 2538 nihil
3257 2475 3579 2537 haesitans,
3613 2475 3728 2550 Qui
3759 2477 3928 2539 enim
3955 2470 4191 2577 {mm

2447 2575 2719 2652 haesitat,
2769 2574 2999 2636 similis
3049 2582 3144 2637 est
3188 2573 3414 2638 fluctui
3468 2574 3681 2651 maria,
3736 2576 3848 2657 qui
3893 2596 3931 2638 a
4159 2562 4204 2575 ”

847 2772 973 2835 Dei.
995 2773 1278 2855 Insuper,
1293 2772 1358 2835 ln
1391 2773 1801 2855 simplicitate
1830 2774 2040 2837 cordis
2071 2773 2337 2855 quaerite

847 2870 1054 2949 illum,
1107 2871 1171 2934 id
1222 2880 1338 2950 εει,
1393 2872 1588 2935 Deum
1647 2889 2029 2951 cognoscere
2086 2871 2339 2935 studea-

846 2968 951 3044 tis,
986 2987 1098 3052 per
1126 2970 1620 3033 abstractionem
1653 2978 1717 3033 et
1744 2969 2334 3053 simplificationem
2447 2990 2593 3034 nem
2633 2986 2921 3052 praepara
2965 2968 3241 3032 animam
3275 2978 3471 3048 tuam,
3503 2979 3567 3032 et
3613 2969 3748 3033 noli
3793 2989 3930 3034 esse
3956 2963 4024 3004 ²³·

844 3069 1207 3133 intellectus
1259 3070 1455 3135 vestri
1513 3070 1597 3133 ab
1647 3070 1823 3134 omni
1882 3072 2041 3147 loco,
2090 3079 2336 3154 tempo·
2370 3077 2414 3140 C
2442 3068 2627 3153 quasi
2656 3069 2848 3135 homo
2895 3076 3146 3131 tentans
3187 3068 3407 3131 Deum.

844 3187 935 3244 re,
970 3168 1393 3251 corpulentia,
1430 3168 1883 3250 imaginatione
1926 3179 1988 3232 et
2020 3170 2335 3234 materiali
2539 3172 2864 3231 Perversae
2916 3170 3092 3229 enim
3148 3168 3584 3244 coyitationes,
3637 3167 3930 3233 videlicet
4065 3178 4100 3235 3

843 3267 1253 3350 proprietate,
1278 3268 1367 3330 ita
1411 3276 1479 3330 ut
1524 3268 1811 3331 sentiatis
1862 3268 2052 3331 Deum
2094 3269 2337 3353 simpli·
2443 3266 2735 3331 dubitare
2763 3268 2843 3331 de
2874 3266 3274 3350 providentia
3291 3266 3424 3343 Dei,
3449 3274 3513 3329 et
3540 3266 3926 3345 consimiles,

842 3364 1170 3429 cissimum
1202 3384 1362 3443 esse,
1400 3366 1663 3430 omnino
1700 3366 2210 3446 immaterialem,
2245 3369 2336 3431 in·
2443 3366 2662 3448 quales
2706 3373 2855 3428 sunt
2903 3364 3326 3446 cogitationes·
3365 3365 3667 3427 tentantis
3709 3366 3925 3444 Deum,

842 3462 1260 3541 divisibilem,
1306 3462 2067 3546 incircumscriptibilem,
2125 3474 2192 3529 et
2239 3466 2336 3529 in·
2442 3475 2764 3545 separant,
2800 3464 2865 3527 id
2895 3472 3014 3541 est,
3038 3471 3318 3526 mentem
3349 3472 3664 3540 avertunt,
3688 3485 3730 3524 a
3759 3468 3929 3527 Deo:

846 3558 1034 3624 finite
1082 3561 1543 3644 simpliciorem
1592 3563 1764 3626 omni
1828 3570 2064 3626 mente·
2099 3574 2328 3645 creata,
2444 3564 2596 3646 quia
2626 3563 2968 3645 displicent
2997 3562 3079 3641 ei,
3124 3570 3187 3626 et
3217 3562 3471 3627 veritati
3499 3581 3573 3625 ac
3603 3562 3928 3645 sapientiae

2441 3664 2580 3744 ejus
2610 3662 3100 3739 contrariantur,
3133 3660 3352 3743 sicque
3383 3659 3626 3724 faciunt
3653 3661 3930 3743 cogitan-

2444 3770 2571 3823 tem
2604 3780 2641 3823 a
2668 3761 2795 3824 Deo
2825 3760 3084 3837 distare,
3119 3778 3247 3822 non
3297 3759 3437 3823 loco
3464 3759 3573 3822 sed
3605 3760 3928 3824 dissimili-

2443 3858 2691 3922 tudine.
2740 3858 2884 3921 ldeo
2913 3858 3216 3940 scriptum
3249 3866 3347 3919 est
3377 3875 3391 3919 :
3431 3858 3802 3939 Iniquitates
3831 3878 3929 3921 ve·
3975 3882 4174 3928 ama.

2441 3964 2587 4019 strae
2610 3956 2964 4019 diviserunt
2991 3955 3157 4019 inter
3179 3974 3291 4019 vos
3315 3963 3380 4018 et
3402 3956 3600 4019 Deum
3625 3965 3924 4019 vestrum.

554 2203 702 2248 Eccli.
716 2206 818 2256 ι,36.

2445 2682 2635 2737 vento
2665 2681 2956 2737 movetur
3001 2681 3064 2736 et
3091 2672 3542 2736 circumfertur
3575 2693 3589 2737 :
3623 2692 3752 2737 non
3784 2692 3931 2754 ergo

2447 2773 2716 2836 aestimet
2763 2771 2953 2835 homo
3004 2769 3136 2848 ille,
3162 2773 3329 2853 quod
3377 2772 3648 2855 accipiat
3685 2772 3926 2855 aliquid

574 2696 661 2739 101>
676 2709 818 2747 xxxxx

552 2762 620 2804 ¹3.

844 3660 1132 3740 angelica
1174 3668 1237 3725 et
1279 3661 1580 3724 humana.

663 3766 699 3820 2
927 3763 1249 3829 Quoniam
1278 3763 1618 3821 invenitur
1644 3762 1723 3820 ab
1751 3763 1853 3822 his
1886 3764 2003 3840 qui
2034 3782 2165 3823 non
2204 3773 2335 3823 ten-

845 3868 985 3920 tant
1005 3860 1238 3920 illum:
1260 3858 1412 3941 quia
1442 3867 1687 3923 tentare
1715 3859 1935 3935 Deum,
1961 3868 2057 3923 est
2086 3861 2334 3943 species

842 3956 1356 4036 irreligiositatis,
1392 3966 1455 4021 et
1502 3964 1725 4021 contra
1772 3957 1932 4020 illud
1969 3976 1983 4020 :
2018 3959 2154 4022 Non
2198 3968 2335 4023 ten-

838 4052 1005 4116 tabis
1038 4055 1375 4117 Dominum
1405 4056 1599 4119 Deum
1633 4056 2073 4134 tuum.Porro,
2106 4076 2333 4121 secun-
2439 4054 2515 4117 Et
2561 4054 2717 4117 alibi
2773 4054 3076 4118 Dominus
3132 4056 3558 4118 comminatur
3605 4072 3619 4117 :
3668 4056 3775 4119 Vae
3817 4055 3924 4138 qui
3952 4079 4184 4123 meam.

838 4153 991 4216 dum
1016 4152 1434 4234 Augustinum
1467 4153 1532 4216 in
1562 4152 1727 4217 libro
1755 4163 1978 4217 contra
2004 4154 2327 4233 Faustum,
2440 4154 2734 4235 cogitatis
2774 4153 3023 4217 inutile.
3057 4154 3273 4217 Denuo
3317 4162 3381 4216 et
3424 4154 3488 4217 in
3529 4154 3688 4217 lsaia
3723 4155 3930 4219 horta-

838 4250 1104 4313 tentatio
1142 4249 1253 4313 Dei
1294 4251 1587 4314 consistit
1632 4251 1696 4313 in
1742 4251 1886 4329 hoc,
1924 4252 2093 4334 quod
2140 4252 2331 4317 homo
2361 4256 2410 4318 D
2443 4260 2543 4316 tur
2577 4270 2590 4315 ε
2627 4251 2886 4317 Auferte
2924 4251 3162 4315 malum
3205 4252 3662 4332 cogitationum
3701 4264 3930 4319 vestra·
3970 4279 4074 4329 ιι...
4101 4280 4161 4320 ιε.

835 4348 913 4411 ad
946 4347 1343 4411 evadendum
1374 4349 1620 4431 aliquid
1661 4350 1837 4427 mali,
1870 4351 1971 4414 vel
2003 4352 2080 4414 ad
2111 4370 2332 4415 conse-
2439 4370 2581 4413 rum
2611 4352 2692 4413 ab
2721 4351 2924 4415 oculis
2955 4352 3138 4413 meis,
3163 4354 3446 4414 Probata
3474 4362 3692 4414 autem
3719 4356 3928 4415 virtus

548 3974 811 4025 Deutmdo.

2445 2891 2483 2934 a
2521 2870 2810 2934 Domino.
2855 2869 2934 2931 Et
2967 2869 3122 2933 alibi
3160 2870 3428 2933 habetur
3461 2890 3477 2934 :
3509 2870 3930 2935 Ante'oratio-
3953 2898 4202 2942 Boetia-m.

834 4448 1160 4528 quendum
1191 4446 1437 4530 aliquid
1468 4448 1644 4523 boni,
1672 4449 2097 4531 praetermittit
2120 4449 2331 4515 facere

833 4545 1004 4627 quod
1053 4544 1135 4631 in·
1182 4565 1250 4609 se
1302 4554 1418 4609 est.
1464 4546 1727 4625 Idcirco,
1782 4546 1835 4609 si
1882 4548 2029 4629 quis
2079 4549 2330 4611 omittat

834 4642 1045 4707 facere
1074 4645 1248 4725 quod
1286 4645 1353 4706 in
1385 4664 1453 4708 se
1484 4654 1581 4708 est
1618 4646 1697 4708 ad
1740 4645 2154 4710 obtinendam
2191 4665 2332 4728 gra-

832 4742 1010 4817 tiam,
1054 4760 1242 4824 opem
1284 4762 1396 4805 seu
1433 4743 1971 4807 illuminationem
2015 4744 2326 4824 divinam,

833 4848 1207 4922 exspectans
1257 4841 1410 4904 talia
1455 4860 1534 4904 ex
1582 4841 1718 4905 sola
1765 4842 1873 4905 Dei
1924 4843 2324 4925 provisione3

834 4938 1032 5001 Deum
1080 4946 1323 5002 tentare
1360 4949 1679 5003 censetur.
1715 4940 2021 5022 Denique,
2059 4949 2322 5019 tentare,

832 5044 929 5100 est
970 5037 1477 5120 experimentum
1514 5057 1766 5101 sumere
1815 5038 1895 5101 de
1939 5046 2179 5102 tentato
2215 5058 2228 5102 :
2263 5049 2329 5104 et

830 5153 907 5197 ex
938 5134 1294 5215 ignorantia
1324 5143 1434 5197 aut
1471 5133 1795 5198 dubietate
1828 5135 2077 5199 videtur
2108 5156 2327 5219 proce-

830 5231 1001 5295 dere.
1037 5231 1178 5294 Ideo
1227 5232 1472 5314 aliquid
1513 5252 1700 5315 agere
1740 5234 1841 5297 vel
1883 5234 2206 5317 postulare
2245 5236 2325 5299 ad

832 5328 1289 5412 experiendum
1332 5338 1395 5393 et
1437 5331 1893 5413 explorandum
1938 5332 2325 5415 providenti-

2435 4451 2708 4526 corripit
2740 4451 3115 4527 insipientes
3143 4470 3166 4509 .·
3197 4449 3263 4512 id
3292 4457 3410 4525 est,
3443 4450 3608 4515 benc
3635 4452 3928 4516 exercita·

2437 4554 2500 4609 ta
2539 4556 2603 4610 et
2641 4547 2993 4630 approbata
3022 4547 3248 4626 virtuS,
3286 4556 3442 4631 puta
3476 4549 3800 4625 discretio,
3830 4551 3928 4632 ju-

2438 4646 2634 4723 stitia,
2690 4664 2804 4708 seu
2851 4645 2977 4709 alia
3036 4647 3301 4729 quaeviS‚
3351 4646 3558 4711 reddit
3605 4648 3925 4711 hominem

2435 4744 2701 4824 dignum
2761 4743 2839 4807 ad
2893 4744 3353 4827 increpandum
3410 4746 3766 4829 imperitOS,
3817 4748 3926 4830 qui

2436 4843 2647 4925 potius
2680 4852 2946 4925 peccant
2987 4862 3063 4907 ex
3093 4844 3472 4924 ignorantia,
3507 4854 3618 4909 aut
3657 4846 3926 4909 infirmi-

2437 4950 2584 5016 tate,
2629 4961 2740 5004 seu
2793 4942 3196 5007 vehementia
3240 4944 3578 5025 passioniS,
3612 4963 3802 5026 quam
3851 4965 3922 5009 ex

2436 5040 2764 5122 proposito
2793 5048 2857 5103 et
2887 5040 3108 5103 habitu
3151 5040 3402 5105 vitioso,
3437 5041 3618 5105 Tales
3652 5062 3920 5125 namque

2432 5139 2796 5203 rationabili
2831 5142 3240 5222 persuasione
3267 5141 3483 5205 induci
3507 5140 3764 5206 facilius
3795 5163 3920 5226 pos-

2432 5247 2580 5299 sunt
2629 5239 2706 5299 ad
2755 5238 3198 5321 poenitentiam
3248 5248 3310 5301 et
3354 5242 3688 5303 emendam
3725 5260 3740 5303 :
3773 5242 3916 5323 quia

2431 5343 2720 5397 cessante
2779 5336 3098 5418 passione,
3149 5336 3588 5417 ignorantiave
3651 5339 3909 5413 sublata,
