<?xml version="1.0" encoding="UTF-8"?>
<!DOCTYPE html PUBLIC "-//W3C//DTD XHTML 1.0 Transitional//EN"
    "http://www.w3.org/TR/xhtml1/DTD/xhtml1-transitional.dtd">
<html xmlns="http://www.w3.org/1999/xhtml" xml:lang="en" lang="en">
 <head>
  <title>
</title>
<meta http-equiv="Content-Type" content="text/html;charset=utf-8" />
  <meta name='ocr-system' content='tesseract 3.04.00' />
  <meta name='ocr-capabilities' content='ocr_page ocr_carea ocr_par ocr_line ocrx_word'/>
</head>
<body>
  <div class='ocr_page' id='page_1' title='image "./doctorisecstati00denigoog_0157.png"; bbox 0 0 4284 6267; ppageno 0'>
   <div class='ocr_carea' id='block_1_1' title="bbox 814 459 931 524">
    <p class='ocr_par' dir='ltr' id='par_1_1' title="bbox 814 459 931 524">
     <span class='ocr_line' id='line_1_1' title="bbox 814 459 931 524; baseline 0.009 -2"><span class='ocrx_word' id='word_1_1' title='bbox 814 459 931 524; x_wconf 78' lang='lat'><strong>124</strong></span> 
     </span>
    </p>
   </div>
   <div class='ocr_carea' id='block_1_2' title="bbox 524 731 2308 829">
    <p class='ocr_par' dir='ltr' id='par_1_2' title="bbox 524 731 2308 829">
     <span class='ocr_line' id='line_1_2' title="bbox 524 731 2308 829; baseline 0.017 -29"><span class='ocrx_word' id='word_1_2' title='bbox 524 731 590 772; x_wconf 85' lang='lat'><strong>¹¹·</strong></span> <span class='ocrx_word' id='word_1_3' title='bbox 815 758 1103 811; x_wconf 88' lang='lat' dir='ltr'><strong>nostrum</strong></span> <span class='ocrx_word' id='word_1_4' title='bbox 1147 749 1477 813; x_wconf 85' lang='lat' dir='ltr'><strong>dilatatum</strong></span> <span class='ocrx_word' id='word_1_5' title='bbox 1520 760 1635 814; x_wconf 89' lang='lat' dir='ltr'><strong>est.</strong></span> <span class='ocrx_word' id='word_1_6' title='bbox 1672 755 1755 814; x_wconf 79' lang='lat' dir='ltr'><strong>Et</strong></span> <span class='ocrx_word' id='word_1_7' title='bbox 1794 762 1944 812; x_wconf 81' lang='lat' dir='ltr'><strong>ante</strong></span> <span class='ocrx_word' id='word_1_8' title='bbox 1972 752 2308 829; x_wconf 66' lang='lat' dir='ltr'><strong>principes</strong></span> 
     </span>
    </p>
   </div>
   <div class='ocr_carea' id='block_1_3' title="bbox 531 848 2312 3004">
    <p class='ocr_par' dir='ltr' id='par_1_3' title="bbox 531 848 2310 1918">
     <span class='ocr_line' id='line_1_3' title="bbox 810 848 2307 926; baseline 0.001 -18"><span class='ocrx_word' id='word_1_9' title='bbox 810 851 1096 926; x_wconf 80' lang='lat' dir='ltr'><strong>spatium</strong></span> <span class='ocrx_word' id='word_1_10' title='bbox 1126 851 1188 907; x_wconf 81' lang='lat' dir='ltr'><strong>ei</strong></span> <span class='ocrx_word' id='word_1_11' title='bbox 1214 851 1404 926; x_wconf 82' lang='lat' dir='ltr'><strong>facit,</strong></span> <span class='ocrx_word' id='word_1_12' title='bbox 1437 848 1500 912; x_wconf 91' lang='lat' dir='ltr'><strong>id</strong></span> <span class='ocrx_word' id='word_1_13' title='bbox 1542 858 1659 926; x_wconf 89' lang='lat' dir='ltr'><strong>est,</strong></span> <span class='ocrx_word' id='word_1_14' title='bbox 1696 851 1804 913; x_wconf 88' lang='lat' dir='ltr'><strong>dat</strong></span> <span class='ocrx_word' id='word_1_15' title='bbox 1842 849 1900 912; x_wconf 91' lang='lat' dir='ltr'><strong>ei</strong></span> <span class='ocrx_word' id='word_1_16' title='bbox 1940 849 2178 912; x_wconf 85' lang='lat' dir='ltr'><strong>aditum</strong></span> <span class='ocrx_word' id='word_1_17' title='bbox 2227 848 2307 910; x_wconf 91' lang='lat' dir='ltr'><strong>ad</strong></span> 
     </span>
     <span class='ocr_line' id='line_1_4' title="bbox 815 946 2308 1031; baseline 0.001 -24"><span class='ocrx_word' id='word_1_18' title='bbox 815 946 919 1008; x_wconf 91' lang='lat' dir='ltr'><strong>Dei</strong></span> <span class='ocrx_word' id='word_1_19' title='bbox 951 946 1206 1024; x_wconf 80' lang='lat' dir='ltr'><strong>electoS,</strong></span> <span class='ocrx_word' id='word_1_20' title='bbox 1240 949 1316 1010; x_wconf 91' lang='lat' dir='ltr'><strong>ad</strong></span> <span class='ocrx_word' id='word_1_21' title='bbox 1349 948 1671 1031; x_wconf 82' lang='lat' dir='ltr'>principes</span> <span class='ocrx_word' id='word_1_22' title='bbox 1702 948 1879 1030; x_wconf 86' lang='lat' dir='ltr'><strong>regni</strong></span> <span class='ocrx_word' id='word_1_23' title='bbox 1912 947 2211 1022; x_wconf 84' lang='lat' dir='ltr'><strong>coelestiS‚</strong></span> <span class='ocrx_word' id='word_1_24' title='bbox 2245 953 2308 1008; x_wconf 92' lang='lat' dir='ltr'><strong>et</strong></span> 
     </span>
     <span class='ocr_line' id='line_1_5' title="bbox 809 1044 2308 1128; baseline 0.001 -23"><span class='ocrx_word' id='word_1_25' title='bbox 809 1044 893 1106; x_wconf 88' lang='lat' dir='ltr'><strong>ad</strong></span> <span class='ocrx_word' id='word_1_26' title='bbox 918 1047 1122 1126; x_wconf 89' lang='lat' dir='ltr'><strong>justos</strong></span> <span class='ocrx_word' id='word_1_27' title='bbox 1162 1047 1456 1128; x_wconf 81' lang='lat' dir='ltr'><strong>praelatos</strong></span> <span class='ocrx_word' id='word_1_28' title='bbox 1494 1065 1507 1108; x_wconf 92' lang='lat'>:</span> <span class='ocrx_word' id='word_1_29' title='bbox 1541 1048 1778 1128; x_wconf 89' lang='lat' dir='ltr'><strong>quibus</strong></span> <span class='ocrx_word' id='word_1_30' title='bbox 1818 1046 2206 1109; x_wconf 82' lang='lat' dir='ltr'><strong>assimilatur</strong></span> <span class='ocrx_word' id='word_1_31' title='bbox 2245 1054 2308 1108; x_wconf 91' lang='lat' dir='ltr'><strong>et</strong></span> 
     </span>
     <span class='ocr_line' id='line_1_6' title="bbox 531 1143 2309 1227; baseline 0.003 -26"><span class='ocrx_word' id='word_1_32' title='bbox 531 1158 723 1214; x_wconf 47' lang='lat' dir='ltr'><strong>mean,</strong></span> <span class='ocrx_word' id='word_1_33' title='bbox 744 1161 785 1201; x_wconf 79' lang='lat' dir='ltr'><strong>s.</strong></span> <span class='ocrx_word' id='word_1_34' title='bbox 813 1143 1041 1224; x_wconf 88' lang='lat' dir='ltr'><strong>placet,</strong></span> <span class='ocrx_word' id='word_1_35' title='bbox 1058 1145 1237 1225; x_wconf 85' lang='lat' dir='ltr'><strong>juxta</strong></span> <span class='ocrx_word' id='word_1_36' title='bbox 1270 1145 1448 1222; x_wconf 91' lang='lat' dir='ltr'><strong>illud,</strong></span> <span class='ocrx_word' id='word_1_37' title='bbox 1471 1145 1741 1208; x_wconf 88' lang='lat' dir='ltr'><strong>Suscitat</strong></span> <span class='ocrx_word' id='word_1_38' title='bbox 1772 1147 1850 1208; x_wconf 92' lang='lat' dir='ltr'><strong>de</strong></span> <span class='ocrx_word' id='word_1_39' title='bbox 1883 1145 2143 1227; x_wconf 90' lang='lat' dir='ltr'><strong>pulvere</strong></span> <span class='ocrx_word' id='word_1_40' title='bbox 2172 1162 2309 1224; x_wconf 80' lang='lat' dir='ltr'><strong>ege-</strong></span> 
     </span>
     <span class='ocr_line' id='line_1_7' title="bbox 813 1243 2305 1326; baseline -0.001 -23"><span class='ocrx_word' id='word_1_41' title='bbox 813 1260 989 1316; x_wconf 88' lang='lat' dir='ltr'><strong>num,</strong></span> <span class='ocrx_word' id='word_1_42' title='bbox 1022 1251 1091 1304; x_wconf 92' lang='lat' dir='ltr'><strong>ut</strong></span> <span class='ocrx_word' id='word_1_43' title='bbox 1121 1244 1335 1306; x_wconf 85' lang='lat' dir='ltr'><strong>sedeat</strong></span> <span class='ocrx_word' id='word_1_44' title='bbox 1364 1263 1508 1306; x_wconf 87' lang='lat' dir='ltr'><strong>cum</strong></span> <span class='ocrx_word' id='word_1_45' title='bbox 1542 1244 1966 1326; x_wconf 82' lang='lat' dir='ltr'><strong>principibuS‚</strong></span> <span class='ocrx_word' id='word_1_46' title='bbox 1984 1252 2047 1307; x_wconf 91' lang='lat' dir='ltr'><strong>et</strong></span> <span class='ocrx_word' id='word_1_47' title='bbox 2076 1243 2305 1306; x_wconf 88' lang='lat' dir='ltr'><strong>solium</strong></span> 
     </span>
     <span class='ocr_line' id='line_1_8' title="bbox 813 1341 2309 1424; baseline 0.001 -23"><span class='ocrx_word' id='word_1_48' title='bbox 813 1341 1031 1422; x_wconf 82' lang='lat' dir='ltr'><strong>gloriae</strong></span> <span class='ocrx_word' id='word_1_49' title='bbox 1064 1349 1295 1404; x_wconf 90' lang='lat' dir='ltr'><strong>teneat.</strong></span> <span class='ocrx_word' id='word_1_50' title='bbox 1328 1342 1653 1420; x_wconf 65' lang='lat' dir='ltr'><strong>Praeterea,</strong></span> <span class='ocrx_word' id='word_1_51' title='bbox 1690 1343 1950 1424; x_wconf 90' lang='lat' dir='ltr'><strong>quidam</strong></span> <span class='ocrx_word' id='word_1_52' title='bbox 1982 1350 2309 1424; x_wconf 84' lang='lat' dir='ltr'><strong>exponunt</strong></span> 
     </span>
     <span class='ocr_line' id='line_1_9' title="bbox 814 1439 2309 1522; baseline 0.001 -21"><span class='ocrx_word' id='word_1_53' title='bbox 814 1440 983 1502; x_wconf 88' lang='lat' dir='ltr'><strong>istud</strong></span> <span class='ocrx_word' id='word_1_54' title='bbox 1030 1439 1526 1522; x_wconf 80' lang='lat' dir='ltr'><strong>superficialiter</strong></span> <span class='ocrx_word' id='word_1_55' title='bbox 1568 1442 1657 1504; x_wconf 91' lang='lat' dir='ltr'><strong>ita</strong></span> <span class='ocrx_word' id='word_1_56' title='bbox 1691 1459 1705 1503; x_wconf 92' lang='lat'><strong>:</strong></span> <span class='ocrx_word' id='word_1_57' title='bbox 1745 1442 1985 1504; x_wconf 91' lang='lat' dir='ltr'><strong>Donum</strong></span> <span class='ocrx_word' id='word_1_58' title='bbox 2028 1439 2309 1503; x_wconf 90' lang='lat' dir='ltr'><strong>hominis</strong></span> 
     </span>
     <span class='ocr_line' id='line_1_10' title="bbox 814 1537 2310 1620; baseline 0 -20"><span class='ocrx_word' id='word_1_59' title='bbox 814 1539 1037 1601; x_wconf 90' lang='lat' dir='ltr'><strong>dilatat.</strong></span> <span class='ocrx_word' id='word_1_60' title='bbox 1066 1537 1233 1600; x_wconf 86' lang='lat' dir='ltr'><strong>viam</strong></span> <span class='ocrx_word' id='word_1_61' title='bbox 1268 1540 1430 1620; x_wconf 88' lang='lat' dir='ltr'><strong>ejus,</strong></span> <span class='ocrx_word' id='word_1_62' title='bbox 1456 1539 1605 1620; x_wconf 90' lang='lat' dir='ltr'><strong>quia</strong></span> <span class='ocrx_word' id='word_1_63' title='bbox 1634 1540 1783 1602; x_wconf 91' lang='lat' dir='ltr'><strong>dum</strong></span> <span class='ocrx_word' id='word_1_64' title='bbox 1818 1540 2007 1603; x_wconf 92' lang='lat' dir='ltr'><strong>homo</strong></span> <span class='ocrx_word' id='word_1_65' title='bbox 2038 1541 2144 1601; x_wconf 91' lang='lat' dir='ltr'><strong>dat</strong></span> <span class='ocrx_word' id='word_1_66' title='bbox 2177 1558 2310 1601; x_wconf 90' lang='lat' dir='ltr'><strong>mu-</strong></span> 
     </span>
     <span class='ocr_line' id='line_1_11' title="bbox 816 1637 2307 1720; baseline 0 -22"><span class='ocrx_word' id='word_1_67' title='bbox 816 1655 967 1699; x_wconf 84' lang='lat' dir='ltr'><strong>nera</strong></span> <span class='ocrx_word' id='word_1_68' title='bbox 1010 1637 1226 1718; x_wconf 89' lang='lat' dir='ltr'><strong>aliqua</strong></span> <span class='ocrx_word' id='word_1_69' title='bbox 1268 1638 1565 1720; x_wconf 90' lang='lat' dir='ltr'><strong>portariis</strong></span> <span class='ocrx_word' id='word_1_70' title='bbox 1609 1657 1681 1701; x_wconf 87' lang='lat' dir='ltr'><strong>ac</strong></span> <span class='ocrx_word' id='word_1_71' title='bbox 1726 1637 2038 1701; x_wconf 81' lang='lat' dir='ltr'><strong>ministris</strong></span> <span class='ocrx_word' id='word_1_72' title='bbox 2086 1654 2307 1716; x_wconf 83' lang='lat' dir='ltr'><strong>regum</strong></span> 
     </span>
     <span class='ocr_line' id='line_1_12' title="bbox 815 1736 2303 1818; baseline -0.003 -18"><span class='ocrx_word' id='word_1_73' title='bbox 815 1755 885 1800; x_wconf 89' lang='lat' dir='ltr'><strong>ac</strong></span> <span class='ocrx_word' id='word_1_74' title='bbox 929 1736 1426 1818; x_wconf 74' lang='lat' dir='ltr'><strong>praesidentium,</strong></span> <span class='ocrx_word' id='word_1_75' title='bbox 1462 1737 1649 1799; x_wconf 87' lang='lat' dir='ltr'><strong>datur</strong></span> <span class='ocrx_word' id='word_1_76' title='bbox 1688 1737 1747 1799; x_wconf 91' lang='lat' dir='ltr'><strong>ei</strong></span> <span class='ocrx_word' id='word_1_77' title='bbox 1777 1737 1941 1799; x_wconf 87' lang='lat' dir='ltr'><strong>liber</strong></span> <span class='ocrx_word' id='word_1_78' title='bbox 1981 1736 2303 1812; x_wconf 81' lang='lat' dir='ltr'><strong>introituS,</strong></span> 
     </span>
     <span class='ocr_line' id='line_1_13' title="bbox 814 1835 2205 1918; baseline -0.001 -22"><span class='ocrx_word' id='word_1_79' title='bbox 814 1835 1034 1916; x_wconf 89' lang='lat' dir='ltr'><strong>sicque</strong></span> <span class='ocrx_word' id='word_1_80' title='bbox 1062 1835 1335 1916; x_wconf 87' lang='lat' dir='ltr'><strong>acquirit</strong></span> <span class='ocrx_word' id='word_1_81' title='bbox 1361 1854 1686 1898; x_wconf 87' lang='lat' dir='ltr'><strong>accessum</strong></span> <span class='ocrx_word' id='word_1_82' title='bbox 1716 1837 1792 1898; x_wconf 92' lang='lat' dir='ltr'><strong>ad</strong></span> <span class='ocrx_word' id='word_1_83' title='bbox 1826 1835 2205 1918; x_wconf 90' lang='lat' dir='ltr'><strong>principem.</strong></span> 
     </span>
    </p>

    <p class='ocr_par' dir='ltr' id='par_1_4' title="bbox 621 1933 2312 3004">
     <span class='ocr_line' id='line_1_14' title="bbox 621 1933 2303 2013; baseline 0.002 -22"><span class='ocrx_word' id='word_1_84' title='bbox 621 1936 688 1991; x_wconf 83' lang='lat'><strong>17</strong></span> <span class='ocrx_word' id='word_1_85' title='bbox 893 1938 1117 1996; x_wconf 71' lang='lat' dir='ltr'><strong>‚Iustus</strong></span> <span class='ocrx_word' id='word_1_86' title='bbox 1162 1936 1351 2013; x_wconf 79' lang='lat' dir='ltr'><strong>prior</strong></span> <span class='ocrx_word' id='word_1_87' title='bbox 1392 1945 1481 1994; x_wconf 79' lang='lat' dir='ltr'><strong>est</strong></span> <span class='ocrx_word' id='word_1_88' title='bbox 1525 1945 1855 1995; x_wconf 76' lang='lat' dir='ltr'><strong>accusator</strong></span> <span class='ocrx_word' id='word_1_89' title='bbox 1896 1936 2025 2007; x_wconf 86' lang='lat' dir='ltr'><strong>sui,</strong></span> <span class='ocrx_word' id='word_1_90' title='bbox 2074 1933 2137 1995; x_wconf 90' lang='lat' dir='ltr'><strong>id</strong></span> <span class='ocrx_word' id='word_1_91' title='bbox 2187 1942 2303 2011; x_wconf 88' lang='lat' dir='ltr'><strong>est,</strong></span> 
     </span>
     <span class='ocr_line' id='line_1_15' title="bbox 819 2031 2309 2114; baseline 0 -20"><span class='ocrx_word' id='word_1_92' title='bbox 819 2032 1105 2114; x_wconf 89' lang='lat' dir='ltr'><strong>quotidie</strong></span> <span class='ocrx_word' id='word_1_93' title='bbox 1137 2053 1205 2095; x_wconf 89' lang='lat' dir='ltr'><strong>se</strong></span> <span class='ocrx_word' id='word_1_94' title='bbox 1237 2031 1443 2114; x_wconf 92' lang='lat' dir='ltr'><strong>ipsum</strong></span> <span class='ocrx_word' id='word_1_95' title='bbox 1486 2033 1865 2110; x_wconf 78' lang='lat' dir='ltr'><strong>considerat,</strong></span> <span class='ocrx_word' id='word_1_96' title='bbox 1902 2040 1964 2095; x_wconf 88' lang='lat' dir='ltr'><strong>et</strong></span> <span class='ocrx_word' id='word_1_97' title='bbox 1993 2032 2309 2114; x_wconf 90' lang='lat' dir='ltr'><strong>quotidia-</strong></span> 
     </span>
     <span class='ocr_line' id='line_1_16' title="bbox 818 2131 2310 2214; baseline 0.001 -22"><span class='ocrx_word' id='word_1_98' title='bbox 818 2151 931 2192; x_wconf 93' lang='lat' dir='ltr'><strong>nas</strong></span> <span class='ocrx_word' id='word_1_99' title='bbox 969 2131 1189 2212; x_wconf 86' lang='lat' dir='ltr'><strong>culpas</strong></span> <span class='ocrx_word' id='word_1_100' title='bbox 1230 2151 1301 2194; x_wconf 90' lang='lat' dir='ltr'><strong>ac</strong></span> <span class='ocrx_word' id='word_1_101' title='bbox 1340 2139 1550 2196; x_wconf 85' lang='lat' dir='ltr'><strong>cetera</strong></span> <span class='ocrx_word' id='word_1_102' title='bbox 1589 2151 1703 2194; x_wconf 90' lang='lat' dir='ltr'><strong>sua</strong></span> <span class='ocrx_word' id='word_1_103' title='bbox 1742 2140 1999 2214; x_wconf 87' lang='lat' dir='ltr'><strong>peccata</strong></span> <span class='ocrx_word' id='word_1_104' title='bbox 2037 2132 2203 2193; x_wconf 87' lang='lat' dir='ltr'><strong>intra</strong></span> <span class='ocrx_word' id='word_1_105' title='bbox 2243 2151 2310 2194; x_wconf 91' lang='lat' dir='ltr'><strong>se</strong></span> 
     </span>
     <span class='ocr_line' id='line_1_17' title="bbox 816 2230 2305 2312; baseline -0.001 -19"><span class='ocrx_word' id='word_1_106' title='bbox 816 2230 1068 2293; x_wconf 86' lang='lat' dir='ltr'><strong>assidue</strong></span> <span class='ocrx_word' id='word_1_107' title='bbox 1095 2230 1515 2312; x_wconf 83' lang='lat' dir='ltr'><strong>reprehendit,</strong></span> <span class='ocrx_word' id='word_1_108' title='bbox 1532 2238 1906 2312; x_wconf 85' lang='lat' dir='ltr'><strong>accusatque</strong></span> <span class='ocrx_word' id='word_1_109' title='bbox 1928 2250 2136 2294; x_wconf 89' lang='lat' dir='ltr'><strong>coram</strong></span> <span class='ocrx_word' id='word_1_110' title='bbox 2163 2230 2305 2307; x_wconf 90' lang='lat' dir='ltr'><strong>De0,</strong></span> 
     </span>
     <span class='ocr_line' id='line_1_18' title="bbox 816 2327 2308 2411; baseline -0.002 -19"><span class='ocrx_word' id='word_1_111' title='bbox 816 2338 879 2392; x_wconf 90' lang='lat' dir='ltr'><strong>et</strong></span> <span class='ocrx_word' id='word_1_112' title='bbox 922 2327 1107 2411; x_wconf 91' lang='lat' dir='ltr'><strong>punit</strong></span> <span class='ocrx_word' id='word_1_113' title='bbox 1150 2347 1225 2392; x_wconf 88' lang='lat' dir='ltr'><strong>ea</strong></span> <span class='ocrx_word' id='word_1_114' title='bbox 1274 2328 1337 2391; x_wconf 91' lang='lat' dir='ltr'><strong>in</strong></span> <span class='ocrx_word' id='word_1_115' title='bbox 1384 2329 1747 2410; x_wconf 88' lang='lat' dir='ltr'><strong>semetipso.</strong></span> <span class='ocrx_word' id='word_1_116' title='bbox 1791 2329 2029 2392; x_wconf 89' lang='lat' dir='ltr'><strong>Caritas</strong></span> <span class='ocrx_word' id='word_1_117' title='bbox 2071 2328 2308 2391; x_wconf 89' lang='lat' dir='ltr'><strong>etenim</strong></span> 
     </span>
     <span class='ocr_line' id='line_1_19' title="bbox 816 2427 2308 2510; baseline -0.001 -20"><span class='ocrx_word' id='word_1_118' title='bbox 816 2428 1044 2510; x_wconf 90' lang='lat' dir='ltr'><strong>incipit</strong></span> <span class='ocrx_word' id='word_1_119' title='bbox 1073 2447 1109 2490; x_wconf 89' lang='lat' dir='ltr'><strong>a</strong></span> <span class='ocrx_word' id='word_1_120' title='bbox 1140 2447 1255 2491; x_wconf 91' lang='lat' dir='ltr'><strong>suo</strong></span> <span class='ocrx_word' id='word_1_121' title='bbox 1285 2427 1591 2509; x_wconf 88' lang='lat' dir='ltr'><strong>subjecto,</strong></span> <span class='ocrx_word' id='word_1_122' title='bbox 1611 2436 1674 2490; x_wconf 90' lang='lat' dir='ltr'><strong>et</strong></span> <span class='ocrx_word' id='word_1_123' title='bbox 1702 2427 1813 2509; x_wconf 89' lang='lat' dir='ltr'><strong>qui</strong></span> <span class='ocrx_word' id='word_1_124' title='bbox 1845 2447 1913 2490; x_wconf 89' lang='lat' dir='ltr'><strong>se</strong></span> <span class='ocrx_word' id='word_1_125' title='bbox 1940 2427 2148 2509; x_wconf 90' lang='lat' dir='ltr'><strong>ipsum</strong></span> <span class='ocrx_word' id='word_1_126' title='bbox 2182 2446 2308 2492; x_wconf 88' lang='lat' dir='ltr'><strong>non</strong></span> 
     </span>
     <span class='ocr_line' id='line_1_20' title="bbox 816 2526 2310 2610; baseline 0.001 -22"><span class='ocrx_word' id='word_1_127' title='bbox 816 2536 1065 2610; x_wconf 83' lang='lat' dir='ltr'><strong>purgat,</strong></span> <span class='ocrx_word' id='word_1_128' title='bbox 1111 2526 1409 2607; x_wconf 87' lang='lat' dir='ltr'><strong>indignus</strong></span> <span class='ocrx_word' id='word_1_129' title='bbox 1452 2535 1545 2589; x_wconf 89' lang='lat' dir='ltr'><strong>est</strong></span> <span class='ocrx_word' id='word_1_130' title='bbox 1588 2527 1747 2590; x_wconf 89' lang='lat' dir='ltr'><strong>alios</strong></span> <span class='ocrx_word' id='word_1_131' title='bbox 1789 2527 2119 2609; x_wconf 83' lang='lat' dir='ltr'><strong>castigare.</strong></span> <span class='ocrx_word' id='word_1_132' title='bbox 2167 2527 2310 2590; x_wconf 91' lang='lat' dir='ltr'><strong>Ideo</strong></span> 
     </span>
     <span class='ocr_line' id='line_1_21' title="bbox 815 2625 2305 2710; baseline -0.001 -21"><span class='ocrx_word' id='word_1_133' title='bbox 815 2629 1022 2710; x_wconf 89' lang='lat' dir='ltr'><strong>justus</strong></span> <span class='ocrx_word' id='word_1_134' title='bbox 1054 2634 1355 2707; x_wconf 86' lang='lat' dir='ltr'><strong>tanquam</strong></span> <span class='ocrx_word' id='word_1_135' title='bbox 1385 2644 1535 2688; x_wconf 89' lang='lat' dir='ltr'><strong>vere</strong></span> <span class='ocrx_word' id='word_1_136' title='bbox 1563 2625 1825 2689; x_wconf 90' lang='lat' dir='ltr'><strong>humilis</strong></span> <span class='ocrx_word' id='word_1_137' title='bbox 1865 2646 1937 2690; x_wconf 92' lang='lat' dir='ltr'><strong>ac</strong></span> <span class='ocrx_word' id='word_1_138' title='bbox 1971 2626 2305 2702; x_wconf 85' lang='lat' dir='ltr'><strong>discretuS‚</strong></span> 
     </span>
     <span class='ocr_line' id='line_1_22' title="bbox 819 2723 2312 2807; baseline -0.003 -18"><span class='ocrx_word' id='word_1_139' title='bbox 819 2726 1011 2790; x_wconf 89' lang='lat' dir='ltr'><strong>etiam</strong></span> <span class='ocrx_word' id='word_1_140' title='bbox 1056 2725 1205 2786; x_wconf 91' lang='lat' dir='ltr'><strong>dum</strong></span> <span class='ocrx_word' id='word_1_141' title='bbox 1253 2724 1331 2787; x_wconf 92' lang='lat' dir='ltr'><strong>ad</strong></span> <span class='ocrx_word' id='word_1_142' title='bbox 1380 2723 1640 2786; x_wconf 91' lang='lat' dir='ltr'><strong>alterius</strong></span> <span class='ocrx_word' id='word_1_143' title='bbox 1690 2724 2156 2807; x_wconf 87' lang='lat' dir='ltr'><strong>correptionem</strong></span> <span class='ocrx_word' id='word_1_144' title='bbox 2202 2731 2312 2786; x_wconf 87' lang='lat' dir='ltr'><strong>aut</strong></span> 
     </span>
     <span class='ocr_line' id='line_1_23' title="bbox 819 2822 2312 2905; baseline -0.003 -17"><span class='ocrx_word' id='word_1_145' title='bbox 819 2824 1277 2888; x_wconf 87' lang='lat' dir='ltr'><strong>correctionem</strong></span> <span class='ocrx_word' id='word_1_146' title='bbox 1309 2823 1613 2905; x_wconf 88' lang='lat' dir='ltr'><strong>procedit,</strong></span> <span class='ocrx_word' id='word_1_147' title='bbox 1632 2822 1952 2905; x_wconf 85' lang='lat' dir='ltr'><strong>propriam</strong></span> <span class='ocrx_word' id='word_1_148' title='bbox 1988 2823 2053 2885; x_wconf 90' lang='lat' dir='ltr'><strong>in</strong></span> <span class='ocrx_word' id='word_1_149' title='bbox 2085 2822 2312 2905; x_wconf 90' lang='lat' dir='ltr'><strong>primis</strong></span> 
     </span>
     <span class='ocr_line' id='line_1_24' title="bbox 824 2920 2310 3004; baseline -0.001 -19"><span class='ocrx_word' id='word_1_150' title='bbox 824 2922 1256 3002; x_wconf 80' lang='lat' dir='ltr'><strong>fragilitatem,</strong></span> <span class='ocrx_word' id='word_1_151' title='bbox 1320 2920 1870 2985; x_wconf 80' lang='lat' dir='ltr'><strong>defectuositatem</strong></span> <span class='ocrx_word' id='word_1_152' title='bbox 1934 2929 1998 2984; x_wconf 91' lang='lat' dir='ltr'><strong>et</strong></span> <span class='ocrx_word' id='word_1_153' title='bbox 2056 2922 2310 3004; x_wconf 90' lang='lat' dir='ltr'><strong>culpam</strong></span> 
     </span>
    </p>
   </div>
   <div class='ocr_carea' id='block_1_4' title="bbox 1429 478 3285 527">
    <p class='ocr_par' dir='ltr' id='par_1_5' title="bbox 1429 478 3285 527">
     <span class='ocr_line' id='line_1_25' title="bbox 1429 478 3285 527; baseline 0.001 -2"><span class='ocrx_word' id='word_1_154' title='bbox 1429 479 1781 527; x_wconf 72' lang='lat' dir='ltr'><strong>RNAmtATlo</strong></span> <span class='ocrx_word' id='word_1_155' title='bbox 1822 479 1887 525; x_wconf 79' lang='lat' dir='ltr'><strong>m</strong></span> <span class='ocrx_word' id='word_1_156' title='bbox 1927 479 2063 525; x_wconf 76' lang='lat' dir='ltr'><strong>GAP.</strong></span> <span class='ocrx_word' id='word_1_157' title='bbox 2111 479 2263 524; x_wconf 81' lang='lat' dir='ltr'>XVIII</span> <span class='ocrx_word' id='word_1_158' title='bbox 2303 478 2782 526; x_wconf 74' lang='lat' dir='ltr'><strong>Pnovmlonuu.</strong></span> <span class='ocrx_word' id='word_1_159' title='bbox 2827 500 2909 509; x_wconf 91' lang='lat'><strong>-—</strong></span> <span class='ocrx_word' id='word_1_160' title='bbox 2948 480 3089 527; x_wconf 74' lang='grc' dir='ltr'><strong>ΛΒΤ.</strong></span> <span class='ocrx_word' id='word_1_161' title='bbox 3134 480 3285 526; x_wconf 83' lang='lat' dir='ltr'><strong>xvm</strong></span> 
     </span>
    </p>
   </div>
   <div class='ocr_carea' id='block_1_5' title="bbox 565 650 3904 734">
    <p class='ocr_par' dir='ltr' id='par_1_6' title="bbox 565 650 3904 734">
     <span class='ocr_line' id='line_1_26' title="bbox 565 650 3904 734; baseline 0.001 -24"><span class='ocrx_word' id='word_1_162' title='bbox 565 665 1049 717; x_wconf 60' lang='lat' dir='ltr'><strong>nemmmeum.</strong></span> <span class='ocrx_word' id='word_1_163' title='bbox 1102 651 1443 733; x_wconf 87' lang='lat' dir='ltr'><strong>Apostolus</strong></span> <span class='ocrx_word' id='word_1_164' title='bbox 1501 671 1757 734; x_wconf 87' lang='lat' dir='ltr'><strong>quoque</strong></span> <span class='ocrx_word' id='word_1_165' title='bbox 1809 671 1822 714; x_wconf 91' lang='lat'>:</span> <span class='ocrx_word' id='word_1_166' title='bbox 1876 650 2015 727; x_wconf 91' lang='lat' dir='ltr'><strong>Cor,</strong></span> <span class='ocrx_word' id='word_1_167' title='bbox 2066 650 2300 733; x_wconf 90' lang='lat' dir='ltr'><strong>inquit,</strong></span> <span class='ocrx_word' id='word_1_168' title='bbox 2335 651 2382 712; x_wconf 84' lang='lat' dir='ltr'>A</span> <span class='ocrx_word' id='word_1_169' title='bbox 2415 651 2539 712; x_wconf 91' lang='lat' dir='ltr'><strong>mei</strong></span> <span class='ocrx_word' id='word_1_170' title='bbox 2588 650 2762 727; x_wconf 78' lang='lat' dir='ltr'><strong>estiS,</strong></span> <span class='ocrx_word' id='word_1_171' title='bbox 2815 651 2869 712; x_wconf 91' lang='lat' dir='ltr'><strong>si</strong></span> <span class='ocrx_word' id='word_1_172' title='bbox 2919 651 3198 715; x_wconf 84' lang='lat' dir='ltr'><strong>feceritis</strong></span> <span class='ocrx_word' id='word_1_173' title='bbox 3243 670 3388 733; x_wconf 77' lang='lat' dir='ltr'><strong>quae</strong></span> <span class='ocrx_word' id='word_1_174' title='bbox 3434 669 3550 732; x_wconf 84' lang='lat' dir='ltr'><strong>ego</strong></span> <span class='ocrx_word' id='word_1_175' title='bbox 3597 650 3904 734; x_wconf 79' lang='lat' dir='ltr'><strong>praecipio</strong></span> 
     </span>
    </p>
   </div>
   <div class='ocr_carea' id='block_1_6' title="bbox 2415 742 3910 1816">
    <p class='ocr_par' dir='ltr' id='par_1_7' title="bbox 2415 742 3910 1816">
     <span class='ocr_line' id='line_1_27' title="bbox 2415 742 3904 832; baseline -0.001 -20"><span class='ocrx_word' id='word_1_176' title='bbox 2415 742 2748 812; x_wconf 58' lang='lat' dir='ltr'><strong>vobi&#39;slste</strong></span> <span class='ocrx_word' id='word_1_177' title='bbox 2775 749 3019 812; x_wconf 90' lang='lat' dir='ltr'><strong>amicus</strong></span> <span class='ocrx_word' id='word_1_178' title='bbox 3049 769 3160 832; x_wconf 88' lang='lat' dir='ltr'><strong>per</strong></span> <span class='ocrx_word' id='word_1_179' title='bbox 3189 751 3406 831; x_wconf 82' lang='lat' dir='ltr'><strong>gratiae</strong></span> <span class='ocrx_word' id='word_1_180' title='bbox 3437 750 3904 814; x_wconf 85' lang='lat' dir='ltr'><strong>incrementum</strong></span> 
     </span>
     <span class='ocr_line' id='line_1_28' title="bbox 2415 848 3908 913; baseline -0.001 -3"><span class='ocrx_word' id='word_1_181' title='bbox 2415 855 2478 910; x_wconf 91' lang='lat' dir='ltr'><strong>et</strong></span> <span class='ocrx_word' id='word_1_182' title='bbox 2536 848 2968 911; x_wconf 85' lang='lat' dir='ltr'><strong>visitationem</strong></span> <span class='ocrx_word' id='word_1_183' title='bbox 3027 868 3100 912; x_wconf 90' lang='lat' dir='ltr'><strong>ac</strong></span> <span class='ocrx_word' id='word_1_184' title='bbox 3154 850 3650 913; x_wconf 86' lang='lat' dir='ltr'><strong>consolationem</strong></span> <span class='ocrx_word' id='word_1_185' title='bbox 3709 849 3908 912; x_wconf 88' lang='lat' dir='ltr'><strong>inter-</strong></span> 
     </span>
     <span class='ocr_line' id='line_1_29' title="bbox 2416 945 3909 1031; baseline 0.003 -25"><span class='ocrx_word' id='word_1_186' title='bbox 2416 963 2585 1023; x_wconf 88' lang='lat' dir='ltr'><strong>nam,</strong></span> <span class='ocrx_word' id='word_1_187' title='bbox 2619 945 2797 1009; x_wconf 89' lang='lat' dir='ltr'><strong>venit</strong></span> <span class='ocrx_word' id='word_1_188' title='bbox 2825 947 2889 1008; x_wconf 91' lang='lat' dir='ltr'><strong>in</strong></span> <span class='ocrx_word' id='word_1_189' title='bbox 2921 965 3030 1010; x_wconf 88' lang='lat' dir='ltr'><strong>cor</strong></span> <span class='ocrx_word' id='word_1_190' title='bbox 3056 947 3213 1028; x_wconf 86' lang='lat' dir='ltr'><strong>justi</strong></span> <span class='ocrx_word' id='word_1_191' title='bbox 3243 968 3311 1012; x_wconf 92' lang='lat' dir='ltr'><strong>se</strong></span> <span class='ocrx_word' id='word_1_192' title='bbox 3342 949 3547 1031; x_wconf 90' lang='lat' dir='ltr'><strong>primo</strong></span> <span class='ocrx_word' id='word_1_193' title='bbox 3575 949 3909 1010; x_wconf 88' lang='lat' dir='ltr'><strong>humiliter</strong></span> 
     </span>
     <span class='ocr_line' id='line_1_30' title="bbox 2416 1045 3908 1130; baseline 0.002 -23"><span class='ocrx_word' id='word_1_194' title='bbox 2416 1045 2796 1122; x_wconf 82' lang='lat' dir='ltr'><strong>accusantiS,</strong></span> <span class='ocrx_word' id='word_1_195' title='bbox 2844 1055 2906 1109; x_wconf 88' lang='lat' dir='ltr'><strong>et</strong></span> <span class='ocrx_word' id='word_1_196' title='bbox 2956 1046 3115 1108; x_wconf 90' lang='lat' dir='ltr'><strong>illud</strong></span> <span class='ocrx_word' id='word_1_197' title='bbox 3163 1047 3542 1125; x_wconf 87' lang='lat' dir='ltr'><strong>considerat,</strong></span> <span class='ocrx_word' id='word_1_198' title='bbox 3592 1048 3908 1130; x_wconf 85' lang='lat' dir='ltr'><strong>approbat</strong></span> 
     </span>
     <span class='ocr_line' id='line_1_31' title="bbox 2417 1147 3910 1230; baseline 0.002 -22"><span class='ocrx_word' id='word_1_199' title='bbox 2417 1153 2606 1226; x_wconf 87' lang='lat' dir='ltr'><strong>atque</strong></span> <span class='ocrx_word' id='word_1_200' title='bbox 2640 1155 3012 1208; x_wconf 89' lang='lat' dir='ltr'><strong>remunerat.</strong></span> <span class='ocrx_word' id='word_1_201' title='bbox 3031 1147 3324 1222; x_wconf 88' lang='lat' dir='ltr'><strong>Rursum,</strong></span> <span class='ocrx_word' id='word_1_202' title='bbox 3346 1166 3461 1229; x_wconf 88' lang='lat' dir='ltr'><strong>per</strong></span> <span class='ocrx_word' id='word_1_203' title='bbox 3489 1148 3761 1210; x_wconf 88' lang='lat' dir='ltr'><strong>amicum</strong></span> <span class='ocrx_word' id='word_1_204' title='bbox 3795 1167 3910 1230; x_wconf 93' lang='lat' dir='ltr'><strong>po-</strong></span> 
     </span>
     <span class='ocr_line' id='line_1_32' title="bbox 2419 1244 3900 1328; baseline 0.002 -21"><span class='ocrx_word' id='word_1_205' title='bbox 2419 1253 2540 1307; x_wconf 89' lang='lat' dir='ltr'><strong>test</strong></span> <span class='ocrx_word' id='word_1_206' title='bbox 2571 1244 2842 1326; x_wconf 85' lang='lat' dir='ltr'><strong>intelligi</strong></span> <span class='ocrx_word' id='word_1_207' title='bbox 2871 1246 3135 1326; x_wconf 84' lang='lat' dir='ltr'><strong>angelus</strong></span> <span class='ocrx_word' id='word_1_208' title='bbox 3164 1255 3376 1309; x_wconf 86' lang='lat' dir='ltr'><strong>custos</strong></span> <span class='ocrx_word' id='word_1_209' title='bbox 3403 1246 3682 1311; x_wconf 89' lang='lat' dir='ltr'><strong>hominis</strong></span> <span class='ocrx_word' id='word_1_210' title='bbox 3708 1248 3900 1328; x_wconf 85' lang='lat' dir='ltr'><strong>justi:</strong></span> 
     </span>
     <span class='ocr_line' id='line_1_33' title="bbox 2417 1343 3906 1426; baseline 0.003 -21"><span class='ocrx_word' id='word_1_211' title='bbox 2417 1363 2605 1426; x_wconf 91' lang='lat' dir='ltr'><strong>quem</strong></span> <span class='ocrx_word' id='word_1_212' title='bbox 2657 1344 2919 1424; x_wconf 84' lang='lat' dir='ltr'><strong>angelus</strong></span> <span class='ocrx_word' id='word_1_213' title='bbox 2967 1343 3221 1407; x_wconf 89' lang='lat' dir='ltr'><strong>assidue</strong></span> <span class='ocrx_word' id='word_1_214' title='bbox 3269 1345 3506 1422; x_wconf 86' lang='lat' dir='ltr'><strong>visitat,</strong></span> <span class='ocrx_word' id='word_1_215' title='bbox 3541 1347 3906 1411; x_wconf 90' lang='lat' dir='ltr'><strong>consolatur</strong></span> 
     </span>
     <span class='ocr_line' id='line_1_34' title="bbox 2415 1443 3908 1525; baseline 0.003 -21"><span class='ocrx_word' id='word_1_216' title='bbox 2415 1462 2490 1506; x_wconf 90' lang='lat' dir='ltr'><strong>ac</strong></span> <span class='ocrx_word' id='word_1_217' title='bbox 2538 1443 2820 1518; x_wconf 88' lang='lat' dir='ltr'><strong>discutit,</strong></span> <span class='ocrx_word' id='word_1_218' title='bbox 2875 1443 3175 1524; x_wconf 89' lang='lat' dir='ltr'><strong>intusque</strong></span> <span class='ocrx_word' id='word_1_219' title='bbox 3229 1452 3468 1521; x_wconf 90' lang='lat' dir='ltr'><strong>monet,</strong></span> <span class='ocrx_word' id='word_1_220' title='bbox 3520 1445 3786 1525; x_wconf 86' lang='lat' dir='ltr'><strong>inquirit</strong></span> <span class='ocrx_word' id='word_1_221' title='bbox 3839 1454 3908 1509; x_wconf 86' lang='lat' dir='ltr'><strong>et</strong></span> 
     </span>
     <span class='ocr_line' id='line_1_35' title="bbox 2418 1542 3904 1625; baseline 0.001 -21"><span class='ocrx_word' id='word_1_222' title='bbox 2418 1542 2622 1606; x_wconf 89' lang='lat' dir='ltr'><strong>docet.</strong></span> <span class='ocrx_word' id='word_1_223' title='bbox 2676 1542 2885 1605; x_wconf 87' lang='lat' dir='ltr'><strong>Potest</strong></span> <span class='ocrx_word' id='word_1_224' title='bbox 2943 1542 3096 1604; x_wconf 90' lang='lat' dir='ltr'><strong>item</strong></span> <span class='ocrx_word' id='word_1_225' title='bbox 3145 1561 3258 1624; x_wconf 89' lang='lat' dir='ltr'><strong>per</strong></span> <span class='ocrx_word' id='word_1_226' title='bbox 3306 1543 3582 1606; x_wconf 90' lang='lat' dir='ltr'><strong>amicum</strong></span> <span class='ocrx_word' id='word_1_227' title='bbox 3630 1543 3904 1625; x_wconf 81' lang='lat' dir='ltr'><strong>intelligi</strong></span> 
     </span>
     <span class='ocr_line' id='line_1_36' title="bbox 2418 1640 3908 1725; baseline 0.003 -24"><span class='ocrx_word' id='word_1_228' title='bbox 2418 1641 2748 1724; x_wconf 89' lang='lat' dir='ltr'><strong>proximus</strong></span> <span class='ocrx_word' id='word_1_229' title='bbox 2795 1640 2951 1722; x_wconf 87' lang='lat' dir='ltr'><strong>justi</strong></span> <span class='ocrx_word' id='word_1_230' title='bbox 3001 1649 3264 1719; x_wconf 86' lang='lat' dir='ltr'><strong>amator,</strong></span> <span class='ocrx_word' id='word_1_231' title='bbox 3308 1642 3420 1723; x_wconf 88' lang='lat' dir='ltr'><strong>qui</strong></span> <span class='ocrx_word' id='word_1_232' title='bbox 3469 1642 3646 1705; x_wconf 88' lang='lat' dir='ltr'><strong>venit</strong></span> <span class='ocrx_word' id='word_1_233' title='bbox 3689 1644 3768 1705; x_wconf 89' lang='lat' dir='ltr'><strong>ad</strong></span> <span class='ocrx_word' id='word_1_234' title='bbox 3807 1645 3908 1725; x_wconf 86' lang='lat' dir='ltr'><strong>ju-</strong></span> 
     </span>
     <span class='ocr_line' id='line_1_37' title="bbox 2420 1741 3909 1816; baseline 0.002 -14"><span class='ocrx_word' id='word_1_235' title='bbox 2420 1749 2586 1802; x_wconf 87' lang='lat' dir='ltr'><strong>stum</strong></span> <span class='ocrx_word' id='word_1_236' title='bbox 2639 1759 2708 1802; x_wconf 91' lang='lat' dir='ltr'><strong>se</strong></span> <span class='ocrx_word' id='word_1_237' title='bbox 2753 1748 3180 1816; x_wconf 87' lang='lat' dir='ltr'><strong>accusantem,</strong></span> <span class='ocrx_word' id='word_1_238' title='bbox 3217 1742 3293 1803; x_wconf 88' lang='lat' dir='ltr'><strong>ad</strong></span> <span class='ocrx_word' id='word_1_239' title='bbox 3343 1741 3798 1804; x_wconf 89' lang='lat' dir='ltr'><strong>consolandum</strong></span> <span class='ocrx_word' id='word_1_240' title='bbox 3841 1752 3909 1805; x_wconf 90' lang='lat' dir='ltr'><strong>et</strong></span> 
     </span>
    </p>
   </div>
   <div class='ocr_carea' id='block_1_7' title="bbox 2348 1838 3836 1920">
    <p class='ocr_par' dir='ltr' id='par_1_8' title="bbox 2348 1838 3836 1920">
     <span class='ocr_line' id='line_1_38' title="bbox 2348 1838 3836 1920; baseline 0.001 -21"><span class='ocrx_word' id='word_1_241' title='bbox 2348 1838 2392 1899; x_wconf 90' lang='lat' dir='ltr'>B</span> <span class='ocrx_word' id='word_1_242' title='bbox 2422 1838 2937 1920; x_wconf 86' lang='lat' dir='ltr'><strong>investigandum</strong></span> <span class='ocrx_word' id='word_1_243' title='bbox 2966 1840 3286 1919; x_wconf 89' lang='lat' dir='ltr'><strong>quomodo</strong></span> <span class='ocrx_word' id='word_1_244' title='bbox 3317 1858 3384 1901; x_wconf 90' lang='lat' dir='ltr'><strong>se</strong></span> <span class='ocrx_word' id='word_1_245' title='bbox 3414 1857 3514 1902; x_wconf 91' lang='lat' dir='ltr'><strong>res</strong></span> <span class='ocrx_word' id='word_1_246' title='bbox 3542 1839 3791 1903; x_wconf 88' lang='lat' dir='ltr'><strong>habeat.</strong></span> <span class='ocrx_word' id='word_1_247' title='bbox 3829 1853 3836 1860; x_wconf 84' lang='lat'><strong>·</strong></span> 
     </span>
    </p>
   </div>
   <div class='ocr_carea' id='block_1_8' title="bbox 2419 1940 4152 2990">
    <p class='ocr_par' dir='ltr' id='par_1_9' title="bbox 2419 1940 4146 2516">
     <span class='ocr_line' id='line_1_39' title="bbox 2505 1940 4146 2022; baseline 0.004 -22"><span class='ocrx_word' id='word_1_248' title='bbox 2505 1940 3054 2000; x_wconf 77' lang='lat' dir='ltr'><strong>Contradictiones</strong></span> <span class='ocrx_word' id='word_1_249' title='bbox 3097 1941 3466 2017; x_wconf 76' lang='lat' dir='ltr'><strong>comprimit</strong></span> <span class='ocrx_word' id='word_1_250' title='bbox 3509 1960 3642 2000; x_wconf 79' lang='lat' dir='ltr'><strong>sors</strong></span> <span class='ocrx_word' id='word_1_251' title='bbox 3685 1959 3709 2002; x_wconf 93' lang='lat'><strong>.·</strong></span> <span class='ocrx_word' id='word_1_252' title='bbox 3755 1940 3908 2022; x_wconf 80' lang='lat' dir='ltr'><strong>quia</strong></span> <span class='ocrx_word' id='word_1_253' title='bbox 4063 1953 4146 2007; x_wconf 84' lang='lat'><strong>18</strong></span> 
     </span>
     <span class='ocr_line' id='line_1_40' title="bbox 2419 2036 3908 2118; baseline 0.001 -19"><span class='ocrx_word' id='word_1_254' title='bbox 2419 2039 2568 2100; x_wconf 90' lang='lat' dir='ltr'><strong>dum</strong></span> <span class='ocrx_word' id='word_1_255' title='bbox 2606 2036 2898 2099; x_wconf 85' lang='lat' dir='ltr'><strong>homines</strong></span> <span class='ocrx_word' id='word_1_256' title='bbox 2921 2045 3070 2098; x_wconf 88' lang='lat' dir='ltr'><strong>sunt</strong></span> <span class='ocrx_word' id='word_1_257' title='bbox 3093 2037 3416 2100; x_wconf 88' lang='lat' dir='ltr'><strong>discordes</strong></span> <span class='ocrx_word' id='word_1_258' title='bbox 3439 2037 3609 2100; x_wconf 89' lang='lat' dir='ltr'><strong>circa</strong></span> <span class='ocrx_word' id='word_1_259' title='bbox 3637 2037 3908 2118; x_wconf 89' lang='lat' dir='ltr'><strong>alicujus</strong></span> 
     </span>
     <span class='ocr_line' id='line_1_41' title="bbox 2420 2134 3910 2218; baseline -0.001 -19"><span class='ocrx_word' id='word_1_260' title='bbox 2420 2138 2511 2199; x_wconf 91' lang='lat' dir='ltr'><strong>rei</strong></span> <span class='ocrx_word' id='word_1_261' title='bbox 2545 2134 2948 2211; x_wconf 89' lang='lat' dir='ltr'><strong>divisionem,</strong></span> <span class='ocrx_word' id='word_1_262' title='bbox 2987 2136 3376 2198; x_wconf 88' lang='lat' dir='ltr'><strong>reducuntur</strong></span> <span class='ocrx_word' id='word_1_263' title='bbox 3413 2135 3492 2198; x_wconf 89' lang='lat' dir='ltr'><strong>ad</strong></span> <span class='ocrx_word' id='word_1_264' title='bbox 3532 2155 3750 2218; x_wconf 85' lang='lat' dir='ltr'><strong>pacem</strong></span> <span class='ocrx_word' id='word_1_265' title='bbox 3793 2155 3910 2218; x_wconf 89' lang='lat' dir='ltr'><strong>per</strong></span> 
     </span>
     <span class='ocr_line' id='line_1_42' title="bbox 2421 2235 3912 2316; baseline -0.004 -16"><span class='ocrx_word' id='word_1_266' title='bbox 2421 2235 2691 2300; x_wconf 90' lang='lat' dir='ltr'><strong>sortium</strong></span> <span class='ocrx_word' id='word_1_267' title='bbox 2741 2253 2970 2312; x_wconf 82' lang='lat' dir='ltr'><strong>usum3</strong></span> <span class='ocrx_word' id='word_1_268' title='bbox 3015 2244 3075 2294; x_wconf 79' lang='lat' dir='ltr'><strong>et</strong></span> <span class='ocrx_word' id='word_1_269' title='bbox 3124 2237 3298 2295; x_wconf 79' lang='lat' dir='ltr'><strong>inter</strong></span> <span class='ocrx_word' id='word_1_270' title='bbox 3335 2244 3622 2313; x_wconf 75' lang='lat' dir='ltr'><strong>potentes</strong></span> <span class='ocrx_word' id='word_1_271' title='bbox 3665 2255 3912 2316; x_wconf 81' lang='lat' dir='ltr'><strong>quoque</strong></span> 
     </span>
     <span class='ocr_line' id='line_1_43' title="bbox 2421 2331 3908 2414; baseline -0.001 -17"><span class='ocrx_word' id='word_1_272' title='bbox 2421 2335 2634 2398; x_wconf 89' lang='lat' dir='ltr'><strong>taliter</strong></span> <span class='ocrx_word' id='word_1_273' title='bbox 2675 2331 3126 2395; x_wconf 83' lang='lat' dir='ltr'><strong>dissentientes</strong></span> <span class='ocrx_word' id='word_1_274' title='bbox 3171 2334 3501 2410; x_wconf 70' lang='lat' dir='ltr'><strong>dijudicat</strong></span> <span class='ocrx_word' id='word_1_275' title='bbox 3549 2351 3708 2411; x_wconf 67' lang='lat' dir='ltr'><strong>som,</strong></span> <span class='ocrx_word' id='word_1_276' title='bbox 3753 2333 3908 2414; x_wconf 91' lang='lat' dir='ltr'><strong>quid</strong></span> 
     </span>
     <span class='ocr_line' id='line_1_44' title="bbox 2421 2429 3295 2516; baseline -0.005 -21"><span class='ocrx_word' id='word_1_277' title='bbox 2421 2432 2699 2516; x_wconf 89' lang='lat' dir='ltr'><strong>quilibet</strong></span> <span class='ocrx_word' id='word_1_278' title='bbox 2728 2429 2955 2493; x_wconf 89' lang='lat' dir='ltr'><strong>debeat</strong></span> <span class='ocrx_word' id='word_1_279' title='bbox 2984 2429 3295 2493; x_wconf 86' lang='lat' dir='ltr'><strong>obtinere.</strong></span> 
     </span>
    </p>

    <p class='ocr_par' dir='ltr' id='par_1_10' title="bbox 2421 2529 4152 2990">
     <span class='ocr_line' id='line_1_45' title="bbox 2501 2529 4152 2608; baseline 0 -16"><span class='ocrx_word' id='word_1_280' title='bbox 2501 2536 2732 2592; x_wconf 78' lang='lat' dir='ltr'><strong>Frater</strong></span> <span class='ocrx_word' id='word_1_281' title='bbox 2779 2531 2896 2608; x_wconf 81' lang='lat' dir='ltr'><strong>qui</strong></span> <span class='ocrx_word' id='word_1_282' title='bbox 2943 2529 3308 2606; x_wconf 80' lang='lat' dir='ltr'><strong>adjuvatur</strong></span> <span class='ocrx_word' id='word_1_283' title='bbox 3351 2551 3391 2589; x_wconf 84' lang='lat' dir='ltr'><strong>a</strong></span> <span class='ocrx_word' id='word_1_284' title='bbox 3437 2530 3670 2607; x_wconf 79' lang='lat' dir='ltr'><strong>fratre,</strong></span> <span class='ocrx_word' id='word_1_285' title='bbox 3701 2529 3767 2592; x_wconf 89' lang='lat' dir='ltr'><strong>id</strong></span> <span class='ocrx_word' id='word_1_286' title='bbox 3813 2537 3912 2592; x_wconf 83' lang='lat' dir='ltr'><strong>est</strong></span> <span class='ocrx_word' id='word_1_287' title='bbox 4071 2545 4152 2600; x_wconf 80' lang='lat'><strong>19</strong></span> 
     </span>
     <span class='ocr_line' id='line_1_46' title="bbox 2421 2627 3914 2712; baseline -0.001 -21"><span class='ocrx_word' id='word_1_288' title='bbox 2421 2629 2695 2712; x_wconf 87' lang='lat' dir='ltr'><strong>proximi</strong></span> <span class='ocrx_word' id='word_1_289' title='bbox 2716 2646 2783 2691; x_wconf 89' lang='lat' dir='ltr'><strong>se</strong></span> <span class='ocrx_word' id='word_1_290' title='bbox 2804 2627 3080 2690; x_wconf 89' lang='lat' dir='ltr'><strong>invicem</strong></span> <span class='ocrx_word' id='word_1_291' title='bbox 3102 2627 3433 2690; x_wconf 88' lang='lat' dir='ltr'><strong>caritative</strong></span> <span class='ocrx_word' id='word_1_292' title='bbox 3450 2628 3746 2708; x_wconf 86' lang='lat' dir='ltr'><strong>juvantes</strong></span> <span class='ocrx_word' id='word_1_293' title='bbox 3764 2646 3914 2692; x_wconf 85' lang='lat' dir='ltr'><strong>cou-</strong></span> 
     </span>
     <span class='ocr_line' id='line_1_47' title="bbox 2423 2724 3910 2806; baseline -0.003 -14"><span class='ocrx_word' id='word_1_294' title='bbox 2423 2727 2568 2792; x_wconf 91' lang='lat' dir='ltr'><strong>silio</strong></span> <span class='ocrx_word' id='word_1_295' title='bbox 2599 2736 2662 2791; x_wconf 88' lang='lat' dir='ltr'><strong>et</strong></span> <span class='ocrx_word' id='word_1_296' title='bbox 2701 2724 2966 2802; x_wconf 80' lang='lat' dir='ltr'><strong>effectu,</strong></span> <span class='ocrx_word' id='word_1_297' title='bbox 3004 2733 3152 2788; x_wconf 86' lang='lat' dir='ltr'><strong>sunt</strong></span> <span class='ocrx_word' id='word_1_298' title='bbox 3187 2727 3377 2806; x_wconf 82' lang='lat' dir='ltr'><strong>quasi</strong></span> <span class='ocrx_word' id='word_1_299' title='bbox 3402 2729 3634 2788; x_wconf 74' lang='lat' dir='ltr'><strong>civitas</strong></span> <span class='ocrx_word' id='word_1_300' title='bbox 3661 2731 3856 2805; x_wconf 79' lang='lat' dir='ltr'><strong>firma</strong></span> <span class='ocrx_word' id='word_1_301' title='bbox 3887 2749 3910 2788; x_wconf 92' lang='grc'><strong>.·</strong></span> 
     </span>
     <span class='ocr_line' id='line_1_48' title="bbox 2424 2823 3915 2908; baseline -0.003 -17"><span class='ocrx_word' id='word_1_302' title='bbox 2424 2829 2489 2891; x_wconf 88' lang='lat' dir='ltr'><strong>in</strong></span> <span class='ocrx_word' id='word_1_303' title='bbox 2519 2845 2648 2908; x_wconf 89' lang='lat' dir='ltr'><strong>qua</strong></span> <span class='ocrx_word' id='word_1_304' title='bbox 2676 2825 2849 2888; x_wconf 85' lang='lat' dir='ltr'><strong>cives</strong></span> <span class='ocrx_word' id='word_1_305' title='bbox 2879 2843 2949 2888; x_wconf 90' lang='lat' dir='ltr'><strong>se</strong></span> <span class='ocrx_word' id='word_1_306' title='bbox 2985 2823 3262 2888; x_wconf 89' lang='lat' dir='ltr'><strong>invicem</strong></span> <span class='ocrx_word' id='word_1_307' title='bbox 3291 2826 3517 2906; x_wconf 86' lang='lat' dir='ltr'><strong>juvant</strong></span> <span class='ocrx_word' id='word_1_308' title='bbox 3552 2844 3626 2888; x_wconf 90' lang='lat' dir='ltr'><strong>ac</strong></span> <span class='ocrx_word' id='word_1_309' title='bbox 3655 2832 3915 2888; x_wconf 88' lang='lat' dir='ltr'><strong>tuentur</strong></span> 
     </span>
     <span class='ocr_line' id='line_1_49' title="bbox 2423 2922 3914 2990; baseline -0.003 0"><span class='ocrx_word' id='word_1_310' title='bbox 2423 2934 2644 2990; x_wconf 89' lang='lat' dir='ltr'><strong>contra</strong></span> <span class='ocrx_word' id='word_1_311' title='bbox 2683 2924 2918 2986; x_wconf 83' lang='lat' dir='ltr'><strong>hosteS.</strong></span> <span class='ocrx_word' id='word_1_312' title='bbox 2954 2923 3040 2986; x_wconf 91' lang='lat' dir='ltr'><strong>De</strong></span> <span class='ocrx_word' id='word_1_313' title='bbox 3079 2923 3199 2986; x_wconf 88' lang='lat' dir='ltr'><strong>boc</strong></span> <span class='ocrx_word' id='word_1_314' title='bbox 3239 2923 3303 2984; x_wconf 92' lang='lat' dir='ltr'><strong>in</strong></span> <span class='ocrx_word' id='word_1_315' title='bbox 3343 2922 3722 2986; x_wconf 81' lang='lat' dir='ltr'><strong>Ecclesiaste</strong></span> <span class='ocrx_word' id='word_1_316' title='bbox 3759 2924 3914 2987; x_wconf 90' lang='lat' dir='ltr'><strong>scri-</strong></span> 
     </span>
    </p>
   </div>
   <div class='ocr_carea' id='block_1_9' title="bbox 821 3019 4240 3108">
    <p class='ocr_par' dir='ltr' id='par_1_11' title="bbox 821 3019 4240 3108">
     <span class='ocr_line' id='line_1_50' title="bbox 821 3019 4240 3108; baseline 0.001 -24"><span class='ocrx_word' id='word_1_317' title='bbox 821 3029 1065 3104; x_wconf 90' lang='lat' dir='ltr'><strong>pensat,</strong></span> <span class='ocrx_word' id='word_1_318' title='bbox 1105 3020 1512 3102; x_wconf 90' lang='lat' dir='ltr'><strong>reprehendit</strong></span> <span class='ocrx_word' id='word_1_319' title='bbox 1543 3039 1616 3083; x_wconf 90' lang='lat' dir='ltr'><strong>ac</strong></span> <span class='ocrx_word' id='word_1_320' title='bbox 1658 3019 1847 3083; x_wconf 91' lang='lat' dir='ltr'><strong>diluit</strong></span> <span class='ocrx_word' id='word_1_321' title='bbox 1880 3036 1894 3082; x_wconf 90' lang='lat'>:</span> <span class='ocrx_word' id='word_1_322' title='bbox 1930 3020 2151 3101; x_wconf 90' lang='lat' dir='ltr'><strong>sicque</strong></span> <span class='ocrx_word' id='word_1_323' title='bbox 2181 3039 2312 3083; x_wconf 90' lang='lat' dir='ltr'><strong>cor·</strong></span> <span class='ocrx_word' id='word_1_324' title='bbox 2350 3024 2393 3087; x_wconf 90' lang='lat' dir='ltr'>C</span> <span class='ocrx_word' id='word_1_325' title='bbox 2424 3034 2605 3108; x_wconf 90' lang='lat' dir='ltr'><strong>ptum</strong></span> <span class='ocrx_word' id='word_1_326' title='bbox 2637 3032 2733 3086; x_wconf 89' lang='lat' dir='ltr'><strong>est</strong></span> <span class='ocrx_word' id='word_1_327' title='bbox 2767 3039 2781 3084; x_wconf 91' lang='lat'>:</span> <span class='ocrx_word' id='word_1_328' title='bbox 2818 3021 2924 3084; x_wconf 81' lang='lat' dir='ltr'><strong>Vae</strong></span> <span class='ocrx_word' id='word_1_329' title='bbox 2962 3021 3104 3098; x_wconf 90' lang='lat' dir='ltr'><strong>soli,</strong></span> <span class='ocrx_word' id='word_1_330' title='bbox 3139 3021 3291 3104; x_wconf 90' lang='lat' dir='ltr'><strong>quia</strong></span> <span class='ocrx_word' id='word_1_331' title='bbox 3329 3021 3381 3084; x_wconf 91' lang='lat' dir='ltr'><strong>si</strong></span> <span class='ocrx_word' id='word_1_332' title='bbox 3421 3022 3744 3100; x_wconf 87' lang='lat' dir='ltr'><strong>ceciderit,</strong></span> <span class='ocrx_word' id='word_1_333' title='bbox 3781 3041 3910 3086; x_wconf 91' lang='lat' dir='ltr'><strong>non</strong></span> <span class='ocrx_word' id='word_1_334' title='bbox 3964 3046 4152 3091; x_wconf 66' lang='lat' dir='ltr'><strong>Recte.</strong></span> <span class='ocrx_word' id='word_1_335' title='bbox 4175 3061 4240 3096; x_wconf 64' lang='grc' dir='ltr'><strong>η,</strong></span> 
     </span>
    </p>
   </div>
   <div class='ocr_carea' id='block_1_10' title="bbox 820 3118 2318 4193">
    <p class='ocr_par' dir='ltr' id='par_1_12' title="bbox 820 3118 2318 4193">
     <span class='ocr_line' id='line_1_51' title="bbox 820 3118 2313 3204; baseline -0.002 -20"><span class='ocrx_word' id='word_1_336' title='bbox 820 3122 974 3203; x_wconf 89' lang='lat' dir='ltr'><strong>ripit</strong></span> <span class='ocrx_word' id='word_1_337' title='bbox 1003 3119 1360 3204; x_wconf 86' lang='lat' dir='ltr'><strong>proximum</strong></span> <span class='ocrx_word' id='word_1_338' title='bbox 1393 3128 1500 3181; x_wconf 87' lang='lat' dir='ltr'><strong>aut</strong></span> <span class='ocrx_word' id='word_1_339' title='bbox 1531 3118 1857 3182; x_wconf 91' lang='lat' dir='ltr'><strong>subditum</strong></span> <span class='ocrx_word' id='word_1_340' title='bbox 1889 3138 2075 3181; x_wconf 90' lang='lat' dir='ltr'><strong>suum</strong></span> <span class='ocrx_word' id='word_1_341' title='bbox 2103 3119 2313 3181; x_wconf 91' lang='lat' dir='ltr'><strong>humi-</strong></span> 
     </span>
     <span class='ocr_line' id='line_1_52' title="bbox 822 3217 2314 3300; baseline -0.001 -18"><span class='ocrx_word' id='word_1_342' title='bbox 822 3220 969 3284; x_wconf 85' lang='lat' dir='ltr'><strong>liter</strong></span> <span class='ocrx_word' id='word_1_343' title='bbox 998 3227 1060 3282; x_wconf 93' lang='lat' dir='ltr'><strong>et</strong></span> <span class='ocrx_word' id='word_1_344' title='bbox 1100 3219 1405 3294; x_wconf 90' lang='lat' dir='ltr'><strong>modeste,</strong></span> <span class='ocrx_word' id='word_1_345' title='bbox 1442 3218 1901 3300; x_wconf 88' lang='lat' dir='ltr'><strong>compatienter</strong></span> <span class='ocrx_word' id='word_1_346' title='bbox 1938 3224 2001 3280; x_wconf 90' lang='lat' dir='ltr'><strong>et</strong></span> <span class='ocrx_word' id='word_1_347' title='bbox 2036 3217 2314 3282; x_wconf 87' lang='lat' dir='ltr'><strong>caritati-</strong></span> 
     </span>
     <span class='ocr_line' id='line_1_53' title="bbox 820 3317 2313 3399; baseline -0.002 -16"><span class='ocrx_word' id='word_1_348' title='bbox 820 3337 911 3383; x_wconf 86' lang='lat' dir='ltr'><strong>ve.</strong></span> <span class='ocrx_word' id='word_1_349' title='bbox 926 3318 1138 3382; x_wconf 89' lang='lat' dir='ltr'><strong>Nihilo</strong></span> <span class='ocrx_word' id='word_1_350' title='bbox 1166 3318 1372 3380; x_wconf 89' lang='lat' dir='ltr'><strong>minus</strong></span> <span class='ocrx_word' id='word_1_351' title='bbox 1404 3317 1469 3379; x_wconf 90' lang='lat' dir='ltr'><strong>in</strong></span> <span class='ocrx_word' id='word_1_352' title='bbox 1502 3317 1885 3380; x_wconf 87' lang='lat' dir='ltr'><strong>subditorum</strong></span> <span class='ocrx_word' id='word_1_353' title='bbox 1916 3317 2313 3399; x_wconf 89' lang='lat' dir='ltr'><strong>correptione</strong></span> 
     </span>
     <span class='ocr_line' id='line_1_54' title="bbox 820 3416 2312 3498; baseline -0.001 -17"><span class='ocrx_word' id='word_1_354' title='bbox 820 3419 1009 3481; x_wconf 90' lang='lat' dir='ltr'><strong>debet</strong></span> <span class='ocrx_word' id='word_1_355' title='bbox 1051 3438 1118 3481; x_wconf 90' lang='lat' dir='ltr'><strong>se</strong></span> <span class='ocrx_word' id='word_1_356' title='bbox 1160 3426 1417 3480; x_wconf 89' lang='lat' dir='ltr'><strong>strenue</strong></span> <span class='ocrx_word' id='word_1_357' title='bbox 1453 3435 1692 3498; x_wconf 86' lang='lat' dir='ltr'><strong>gerere,</strong></span> <span class='ocrx_word' id='word_1_358' title='bbox 1741 3436 1858 3480; x_wconf 89' lang='lat' dir='ltr'><strong>nec</strong></span> <span class='ocrx_word' id='word_1_359' title='bbox 1898 3416 2312 3480; x_wconf 90' lang='lat' dir='ltr'><strong>immoderate</strong></span> 
     </span>
     <span class='ocr_line' id='line_1_55' title="bbox 821 3515 2314 3599; baseline -0.001 -20"><span class='ocrx_word' id='word_1_360' title='bbox 821 3536 887 3579; x_wconf 91' lang='lat' dir='ltr'><strong>se</strong></span> <span class='ocrx_word' id='word_1_361' title='bbox 920 3516 1129 3599; x_wconf 90' lang='lat' dir='ltr'><strong>ipsum</strong></span> <span class='ocrx_word' id='word_1_362' title='bbox 1163 3515 1457 3598; x_wconf 87' lang='lat' dir='ltr'><strong>dejicere.</strong></span> <span class='ocrx_word' id='word_1_363' title='bbox 1501 3516 1757 3597; x_wconf 87' lang='lat' dir='ltr'><strong>Propter</strong></span> <span class='ocrx_word' id='word_1_364' title='bbox 1792 3516 1962 3598; x_wconf 92' lang='lat' dir='ltr'><strong>quod</strong></span> <span class='ocrx_word' id='word_1_365' title='bbox 2004 3515 2090 3579; x_wconf 91' lang='lat' dir='ltr'><strong>ait</strong></span> <span class='ocrx_word' id='word_1_366' title='bbox 2121 3515 2314 3578; x_wconf 92' lang='lat' dir='ltr'><strong>Isido-</strong></span> 
     </span>
     <span class='ocr_line' id='line_1_56' title="bbox 822 3615 2315 3697; baseline -0.001 -19"><span class='ocrx_word' id='word_1_367' title='bbox 822 3635 928 3678; x_wconf 89' lang='lat' dir='ltr'><strong>rus</strong></span> <span class='ocrx_word' id='word_1_368' title='bbox 964 3634 978 3678; x_wconf 91' lang='lat'><strong>:</strong></span> <span class='ocrx_word' id='word_1_369' title='bbox 1010 3615 1217 3679; x_wconf 90' lang='lat' dir='ltr'><strong>Bonus</strong></span> <span class='ocrx_word' id='word_1_370' title='bbox 1249 3616 1546 3697; x_wconf 84' lang='lat' dir='ltr'><strong>praelatus</strong></span> <span class='ocrx_word' id='word_1_371' title='bbox 1576 3623 1692 3691; x_wconf 89' lang='lat' dir='ltr'><strong>est,</strong></span> <span class='ocrx_word' id='word_1_372' title='bbox 1713 3615 1822 3696; x_wconf 90' lang='lat' dir='ltr'><strong>qui</strong></span> <span class='ocrx_word' id='word_1_373' title='bbox 1856 3615 1920 3676; x_wconf 91' lang='lat' dir='ltr'><strong>in</strong></span> <span class='ocrx_word' id='word_1_374' title='bbox 1952 3615 2315 3677; x_wconf 88' lang='lat' dir='ltr'><strong>humilitate</strong></span> 
     </span>
     <span class='ocr_line' id='line_1_57' title="bbox 824 3713 2314 3797; baseline -0.001 -20"><span class='ocrx_word' id='word_1_375' title='bbox 824 3723 1031 3779; x_wconf 88' lang='lat' dir='ltr'><strong>servat</strong></span> <span class='ocrx_word' id='word_1_376' title='bbox 1061 3714 1491 3797; x_wconf 90' lang='lat' dir='ltr'><strong>disciplinam,</strong></span> <span class='ocrx_word' id='word_1_377' title='bbox 1513 3722 1575 3776; x_wconf 87' lang='lat' dir='ltr'><strong>et</strong></span> <span class='ocrx_word' id='word_1_378' title='bbox 1606 3733 1716 3795; x_wconf 89' lang='lat' dir='ltr'><strong>per</strong></span> <span class='ocrx_word' id='word_1_379' title='bbox 1745 3713 2149 3796; x_wconf 89' lang='lat' dir='ltr'><strong>disciplinam</strong></span> <span class='ocrx_word' id='word_1_380' title='bbox 2185 3732 2314 3777; x_wconf 91' lang='lat' dir='ltr'><strong>non</strong></span> 
     </span>
     <span class='ocr_line' id='line_1_58' title="bbox 823 3812 2313 3895; baseline -0.002 -18"><span class='ocrx_word' id='word_1_381' title='bbox 823 3814 1093 3878; x_wconf 89' lang='lat' dir='ltr'><strong>incurrit</strong></span> <span class='ocrx_word' id='word_1_382' title='bbox 1116 3812 1494 3895; x_wconf 88' lang='lat' dir='ltr'><strong>superbiam.</strong></span> <span class='ocrx_word' id='word_1_383' title='bbox 1511 3813 1740 3875; x_wconf 86' lang='lat' dir='ltr'><strong>Verum</strong></span> <span class='ocrx_word' id='word_1_384' title='bbox 1774 3813 1942 3874; x_wconf 88' lang='lat' dir='ltr'><strong>istud</strong></span> <span class='ocrx_word' id='word_1_385' title='bbox 1968 3813 2155 3875; x_wconf 91' lang='lat' dir='ltr'><strong>multi</strong></span> <span class='ocrx_word' id='word_1_386' title='bbox 2187 3831 2313 3876; x_wconf 89' lang='lat' dir='ltr'><strong>non</strong></span> 
     </span>
     <span class='ocr_line' id='line_1_59' title="bbox 824 3911 2316 3994; baseline -0.001 -19"><span class='ocrx_word' id='word_1_387' title='bbox 824 3921 1098 3990; x_wconf 88' lang='lat' dir='ltr'><strong>servant,</strong></span> <span class='ocrx_word' id='word_1_388' title='bbox 1119 3912 1232 3994; x_wconf 90' lang='lat' dir='ltr'><strong>qui</strong></span> <span class='ocrx_word' id='word_1_389' title='bbox 1265 3912 1330 3974; x_wconf 90' lang='lat' dir='ltr'><strong>in</strong></span> <span class='ocrx_word' id='word_1_390' title='bbox 1364 3911 1523 3974; x_wconf 87' lang='lat' dir='ltr'><strong>alios</strong></span> <span class='ocrx_word' id='word_1_391' title='bbox 1558 3920 1681 3974; x_wconf 87' lang='lat' dir='ltr'><strong>tam</strong></span> <span class='ocrx_word' id='word_1_392' title='bbox 1717 3911 2032 3975; x_wconf 81' lang='lat' dir='ltr'><strong>invective</strong></span> <span class='ocrx_word' id='word_1_393' title='bbox 2058 3930 2316 3975; x_wconf 91' lang='lat' dir='ltr'><strong>moven-</strong></span> 
     </span>
     <span class='ocr_line' id='line_1_60' title="bbox 824 4011 2317 4094; baseline -0.003 -17"><span class='ocrx_word' id='word_1_394' title='bbox 824 4023 947 4091; x_wconf 91' lang='lat' dir='ltr'><strong>tur,</strong></span> <span class='ocrx_word' id='word_1_395' title='bbox 981 4013 1161 4094; x_wconf 90' lang='lat' dir='ltr'><strong>quasi</strong></span> <span class='ocrx_word' id='word_1_396' title='bbox 1203 4012 1342 4074; x_wconf 89' lang='lat' dir='ltr'><strong>sine</strong></span> <span class='ocrx_word' id='word_1_397' title='bbox 1382 4020 1639 4094; x_wconf 88' lang='lat' dir='ltr'><strong>peccato</strong></span> <span class='ocrx_word' id='word_1_398' title='bbox 1680 4011 1939 4092; x_wconf 89' lang='lat' dir='ltr'><strong>ipsimet</strong></span> <span class='ocrx_word' id='word_1_399' title='bbox 1974 4019 2220 4091; x_wconf 83' lang='lat' dir='ltr'><strong>essent3</strong></span> <span class='ocrx_word' id='word_1_400' title='bbox 2255 4019 2317 4074; x_wconf 91' lang='lat' dir='ltr'><strong>et</strong></span> 
     </span>
     <span class='ocr_line' id='line_1_61' title="bbox 825 4109 2318 4193; baseline -0.003 -17"><span class='ocrx_word' id='word_1_401' title='bbox 825 4113 1031 4176; x_wconf 87' lang='lat' dir='ltr'><strong>aliena</strong></span> <span class='ocrx_word' id='word_1_402' title='bbox 1060 4110 1261 4191; x_wconf 81' lang='lat' dir='ltr'><strong>magis</strong></span> <span class='ocrx_word' id='word_1_403' title='bbox 1297 4130 1489 4192; x_wconf 91' lang='lat' dir='ltr'><strong>quam</strong></span> <span class='ocrx_word' id='word_1_404' title='bbox 1522 4109 1780 4192; x_wconf 92' lang='lat' dir='ltr'><strong>propria</strong></span> <span class='ocrx_word' id='word_1_405' title='bbox 1808 4110 2138 4172; x_wconf 88' lang='lat' dir='ltr'><strong>intuentur</strong></span> <span class='ocrx_word' id='word_1_406' title='bbox 2169 4129 2318 4193; x_wconf 91' lang='lat' dir='ltr'><strong>pon-</strong></span> 
     </span>
    </p>
   </div>
   <div class='ocr_carea' id='block_1_11' title="bbox 2423 3113 4244 4174">
    <p class='ocr_par' dir='ltr' id='par_1_13' title="bbox 2423 3113 4014 3300">
     <span class='ocr_line' id='line_1_62' title="bbox 2423 3113 4014 3202; baseline -0.002 -15"><span class='ocrx_word' id='word_1_407' title='bbox 2423 3124 2617 3187; x_wconf 90' lang='lat' dir='ltr'><strong>habet</strong></span> <span class='ocrx_word' id='word_1_408' title='bbox 2663 3120 3124 3185; x_wconf 87' lang='lat' dir='ltr'><strong>sublevantem.</strong></span> <span class='ocrx_word' id='word_1_409' title='bbox 3169 3121 3328 3184; x_wconf 89' lang='lat' dir='ltr'><strong>Hinc</strong></span> <span class='ocrx_word' id='word_1_410' title='bbox 3369 3120 3772 3202; x_wconf 86' lang='lat' dir='ltr'><strong>congregatio</strong></span> <span class='ocrx_word' id='word_1_411' title='bbox 3811 3121 3912 3184; x_wconf 89' lang='lat' dir='ltr'><strong>de·</strong></span> <span class='ocrx_word' id='word_1_412' title='bbox 3942 3113 4014 3155; x_wconf 86' lang='lat'><strong>¹⁰·</strong></span> 
     </span>
     <span class='ocr_line' id='line_1_63' title="bbox 2427 3219 3909 3300; baseline -0.003 -13"><span class='ocrx_word' id='word_1_413' title='bbox 2427 3231 2741 3298; x_wconf 85' lang='lat' dir='ltr'><strong>votorum,</strong></span> <span class='ocrx_word' id='word_1_414' title='bbox 2775 3229 2839 3283; x_wconf 91' lang='lat' dir='ltr'><strong>et</strong></span> <span class='ocrx_word' id='word_1_415' title='bbox 2873 3226 3225 3282; x_wconf 86' lang='lat' dir='ltr'><strong>conventus</strong></span> <span class='ocrx_word' id='word_1_416' title='bbox 3257 3238 3408 3283; x_wconf 87' lang='lat' dir='ltr'><strong>vere</strong></span> <span class='ocrx_word' id='word_1_417' title='bbox 3445 3219 3909 3300; x_wconf 86' lang='lat' dir='ltr'><strong>religiosorum,</strong></span> 
     </span>
    </p>

    <p class='ocr_par' dir='ltr' id='par_1_14' title="bbox 2427 3317 3914 3400">
     <span class='ocr_line' id='line_1_64' title="bbox 2427 3317 3914 3400; baseline -0.002 -17"><span class='ocrx_word' id='word_1_418' title='bbox 2427 3320 2664 3383; x_wconf 87' lang='lat' dir='ltr'><strong>habent</strong></span> <span class='ocrx_word' id='word_1_419' title='bbox 2695 3317 3062 3381; x_wconf 79' lang='lat' dir='ltr'><strong>firmitatem</strong></span> <span class='ocrx_word' id='word_1_420' title='bbox 3107 3317 3492 3400; x_wconf 80' lang='lat' dir='ltr'><strong>praecipuam</strong></span> <span class='ocrx_word' id='word_1_421' title='bbox 3529 3335 3542 3379; x_wconf 75' lang='grc' dir='ltr'>ε</span> <span class='ocrx_word' id='word_1_422' title='bbox 3579 3317 3643 3379; x_wconf 90' lang='lat' dir='ltr'><strong>in</strong></span> <span class='ocrx_word' id='word_1_423' title='bbox 3680 3318 3914 3399; x_wconf 92' lang='lat' dir='ltr'><strong>quibus</strong></span> 
     </span>
    </p>

    <p class='ocr_par' dir='ltr' id='par_1_15' title="bbox 2427 3415 4244 3796">
     <span class='ocr_line' id='line_1_65' title="bbox 2429 3415 3914 3498; baseline -0.001 -17"><span class='ocrx_word' id='word_1_424' title='bbox 2429 3427 2578 3481; x_wconf 91' lang='lat' dir='ltr'><strong>sunt</strong></span> <span class='ocrx_word' id='word_1_425' title='bbox 2615 3425 2708 3480; x_wconf 91' lang='lat' dir='ltr'><strong>tot</strong></span> <span class='ocrx_word' id='word_1_426' title='bbox 2744 3417 3088 3498; x_wconf 81' lang='lat' dir='ltr'><strong>adjutoreS,</strong></span> <span class='ocrx_word' id='word_1_427' title='bbox 3122 3425 3278 3498; x_wconf 90' lang='lat' dir='ltr'><strong>quot</strong></span> <span class='ocrx_word' id='word_1_428' title='bbox 3317 3415 3723 3480; x_wconf 77' lang='lat' dir='ltr'><strong>habitatores,</strong></span> <span class='ocrx_word' id='word_1_429' title='bbox 3755 3417 3914 3480; x_wconf 86' lang='lat' dir='ltr'><strong>Hinc</strong></span> 
     </span>
     <span class='ocr_line' id='line_1_66' title="bbox 2427 3514 4230 3597; baseline -0.001 -16"><span class='ocrx_word' id='word_1_430' title='bbox 2427 3516 2712 3581; x_wconf 90' lang='lat' dir='ltr'><strong>Christus</strong></span> <span class='ocrx_word' id='word_1_431' title='bbox 2743 3515 2919 3578; x_wconf 88' lang='lat' dir='ltr'><strong>misit</strong></span> <span class='ocrx_word' id='word_1_432' title='bbox 2946 3514 3298 3597; x_wconf 90' lang='lat' dir='ltr'><strong>discipulos</strong></span> <span class='ocrx_word' id='word_1_433' title='bbox 3333 3532 3480 3578; x_wconf 90' lang='lat' dir='ltr'><strong>suos</strong></span> <span class='ocrx_word' id='word_1_434' title='bbox 3517 3514 3914 3580; x_wconf 87' lang='lat' dir='ltr'><strong>combinatos</strong></span> <span class='ocrx_word' id='word_1_435' title='bbox 3968 3536 4165 3586; x_wconf 48' lang='lat' dir='ltr'><strong>Luca,</strong></span> <span class='ocrx_word' id='word_1_436' title='bbox 4189 3541 4230 3580; x_wconf 78' lang='lat' dir='ltr'><strong>t.</strong></span> 
     </span>
     <span class='ocr_line' id='line_1_67' title="bbox 2428 3611 4244 3698; baseline -0.002 -19"><span class='ocrx_word' id='word_1_437' title='bbox 2428 3617 2504 3679; x_wconf 89' lang='lat' dir='ltr'><strong>ad</strong></span> <span class='ocrx_word' id='word_1_438' title='bbox 2536 3615 3023 3698; x_wconf 81' lang='lat' dir='ltr'><strong>praedicaudum.</strong></span> <span class='ocrx_word' id='word_1_439' title='bbox 3050 3615 3126 3676; x_wconf 89' lang='lat' dir='ltr'><strong>Et</strong></span> <span class='ocrx_word' id='word_1_440' title='bbox 3154 3613 3482 3676; x_wconf 88' lang='lat' dir='ltr'><strong>Psalmista</strong></span> <span class='ocrx_word' id='word_1_441' title='bbox 3515 3611 3786 3677; x_wconf 80' lang='lat' dir='ltr'><strong>fatetur:</strong></span> <span class='ocrx_word' id='word_1_442' title='bbox 3811 3614 3918 3677; x_wconf 88' lang='lat' dir='ltr'><strong>Ec·</strong></span> <span class='ocrx_word' id='word_1_443' title='bbox 3961 3635 4052 3678; x_wconf 69' lang='lat'><strong>1⁰2.</strong></span> <span class='ocrx_word' id='word_1_444' title='bbox 4071 3649 4244 3682; x_wconf 62' lang='lat' dir='ltr'><strong>aum,</strong></span> 
     </span>
     <span class='ocr_line' id='line_1_68' title="bbox 2427 3701 3985 3796; baseline -0.003 -17"><span class='ocrx_word' id='word_1_445' title='bbox 2427 3734 2500 3779; x_wconf 90' lang='lat' dir='ltr'><strong>ce</strong></span> <span class='ocrx_word' id='word_1_446' title='bbox 2529 3733 2720 3796; x_wconf 91' lang='lat' dir='ltr'><strong>quam</strong></span> <span class='ocrx_word' id='word_1_447' title='bbox 2753 3713 3015 3790; x_wconf 90' lang='lat' dir='ltr'><strong>bonum,</strong></span> <span class='ocrx_word' id='word_1_448' title='bbox 3037 3721 3099 3775; x_wconf 89' lang='lat' dir='ltr'><strong>et</strong></span> <span class='ocrx_word' id='word_1_449' title='bbox 3124 3732 3314 3794; x_wconf 91' lang='lat' dir='ltr'><strong>quam</strong></span> <span class='ocrx_word' id='word_1_450' title='bbox 3344 3712 3722 3793; x_wconf 90' lang='lat' dir='ltr'><strong>jucundum,</strong></span> <span class='ocrx_word' id='word_1_451' title='bbox 3747 3712 3922 3775; x_wconf 90' lang='lat' dir='ltr'><strong>habi·</strong></span> <span class='ocrx_word' id='word_1_452' title='bbox 3949 3701 3985 3740; x_wconf 92' lang='lat'><strong>¹·</strong></span> 
     </span>
    </p>

    <p class='ocr_par' dir='ltr' id='par_1_16' title="bbox 2429 3810 3922 3892">
     <span class='ocr_line' id='line_1_69' title="bbox 2429 3810 3922 3892; baseline -0.001 -16"><span class='ocrx_word' id='word_1_453' title='bbox 2429 3823 2561 3876; x_wconf 86' lang='lat' dir='ltr'><strong>tare</strong></span> <span class='ocrx_word' id='word_1_454' title='bbox 2602 3810 2829 3875; x_wconf 80' lang='lat' dir='ltr'><strong>fratres</strong></span> <span class='ocrx_word' id='word_1_455' title='bbox 2870 3811 2935 3874; x_wconf 91' lang='lat' dir='ltr'><strong>in</strong></span> <span class='ocrx_word' id='word_1_456' title='bbox 2975 3814 3210 3873; x_wconf 76' lang='lat' dir='ltr'><strong>unum!</strong></span> <span class='ocrx_word' id='word_1_457' title='bbox 3259 3810 3628 3874; x_wconf 85' lang='lat' dir='ltr'><strong>Aristoteles</strong></span> <span class='ocrx_word' id='word_1_458' title='bbox 3664 3829 3922 3892; x_wconf 88' lang='lat' dir='ltr'><strong>quoque</strong></span> 
     </span>
    </p>

    <p class='ocr_par' dir='ltr' id='par_1_17' title="bbox 2429 3909 3924 3990">
     <span class='ocr_line' id='line_1_70' title="bbox 2429 3909 3924 3990; baseline -0.001 -15"><span class='ocrx_word' id='word_1_459' title='bbox 2429 3909 2667 3975; x_wconf 80' lang='lat' dir='ltr'><strong>effatur</strong></span> <span class='ocrx_word' id='word_1_460' title='bbox 2706 3928 2719 3972; x_wconf 74' lang='grc' dir='ltr'>ε</span> <span class='ocrx_word' id='word_1_461' title='bbox 2765 3910 2897 3973; x_wconf 92' lang='lat' dir='ltr'><strong>Duo</strong></span> <span class='ocrx_word' id='word_1_462' title='bbox 2943 3909 3134 3972; x_wconf 90' lang='lat' dir='ltr'><strong>simul</strong></span> <span class='ocrx_word' id='word_1_463' title='bbox 3176 3909 3528 3987; x_wconf 81' lang='lat' dir='ltr'><strong>venienteS,</strong></span> <span class='ocrx_word' id='word_1_464' title='bbox 3567 3909 3924 3990; x_wconf 82' lang='lat' dir='ltr'><strong>intelligere</strong></span> 
     </span>
    </p>

    <p class='ocr_par' dir='ltr' id='par_1_18' title="bbox 2428 4008 3926 4174">
     <span class='ocr_line' id='line_1_71' title="bbox 2428 4008 3926 4091; baseline -0.002 -18"><span class='ocrx_word' id='word_1_465' title='bbox 2428 4019 2491 4074; x_wconf 86' lang='lat' dir='ltr'><strong>et</strong></span> <span class='ocrx_word' id='word_1_466' title='bbox 2516 4029 2702 4091; x_wconf 87' lang='lat' dir='ltr'><strong>agere</strong></span> <span class='ocrx_word' id='word_1_467' title='bbox 2729 4016 2878 4071; x_wconf 90' lang='lat' dir='ltr'><strong>sunt</strong></span> <span class='ocrx_word' id='word_1_468' title='bbox 2903 4008 3307 4090; x_wconf 88' lang='lat' dir='ltr'><strong>potentiores.</strong></span> <span class='ocrx_word' id='word_1_469' title='bbox 3327 4010 3413 4069; x_wconf 80' lang='lat' dir='ltr'><strong>Ec</strong></span> <span class='ocrx_word' id='word_1_470' title='bbox 3420 4009 3711 4085; x_wconf 81' lang='lat' dir='ltr'><strong>judicia,</strong></span> <span class='ocrx_word' id='word_1_471' title='bbox 3733 4008 3796 4071; x_wconf 92' lang='lat' dir='ltr'><strong>id</strong></span> <span class='ocrx_word' id='word_1_472' title='bbox 3826 4017 3926 4072; x_wconf 86' lang='lat' dir='ltr'><strong>est</strong></span> 
     </span>
     <span class='ocr_line' id='line_1_72' title="bbox 2431 4105 3924 4174; baseline -0.002 -1"><span class='ocrx_word' id='word_1_473' title='bbox 2431 4109 2847 4174; x_wconf 89' lang='lat' dir='ltr'><strong>discretiones</strong></span> <span class='ocrx_word' id='word_1_474' title='bbox 2907 4126 3125 4171; x_wconf 89' lang='lat' dir='ltr'><strong>eorum</strong></span> <span class='ocrx_word' id='word_1_475' title='bbox 3178 4127 3255 4170; x_wconf 84' lang='lat' dir='ltr'><strong>ex</strong></span> <span class='ocrx_word' id='word_1_476' title='bbox 3303 4114 3525 4168; x_wconf 87' lang='lat' dir='ltr'><strong>mutua</strong></span> <span class='ocrx_word' id='word_1_477' title='bbox 3582 4105 3924 4170; x_wconf 87' lang='lat' dir='ltr'><strong>collatione</strong></span> 
     </span>
    </p>
   </div>
   <div class='ocr_carea' id='block_1_12' title="bbox 823 4203 3925 4293">
    <p class='ocr_par' dir='ltr' id='par_1_19' title="bbox 823 4203 3925 4293">
     <span class='ocr_line' id='line_1_73' title="bbox 823 4203 3925 4293; baseline -0.004 -16"><span class='ocrx_word' id='word_1_478' title='bbox 823 4216 1175 4293; x_wconf 87' lang='lat' dir='ltr'><strong>derantque</strong></span> <span class='ocrx_word' id='word_1_479' title='bbox 1204 4217 1480 4292; x_wconf 85' lang='lat' dir='ltr'><strong>peccata.</strong></span> <span class='ocrx_word' id='word_1_480' title='bbox 1517 4209 1689 4271; x_wconf 90' lang='lat' dir='ltr'><strong>Sicut</strong></span> <span class='ocrx_word' id='word_1_481' title='bbox 1730 4217 1792 4272; x_wconf 91' lang='lat' dir='ltr'><strong>et</strong></span> <span class='ocrx_word' id='word_1_482' title='bbox 1831 4207 2069 4272; x_wconf 90' lang='lat' dir='ltr'><strong>Seneca</strong></span> <span class='ocrx_word' id='word_1_483' title='bbox 2110 4209 2314 4271; x_wconf 79' lang='lat' dir='ltr'><strong>fassus</strong></span> <span class='ocrx_word' id='word_1_484' title='bbox 2350 4220 2399 4282; x_wconf 85' lang='lat' dir='ltr'>D</span> <span class='ocrx_word' id='word_1_485' title='bbox 2431 4209 2710 4292; x_wconf 82' lang='lat' dir='ltr'><strong>prolatae,</strong></span> <span class='ocrx_word' id='word_1_486' title='bbox 2741 4207 2841 4270; x_wconf 93' lang='lat' dir='ltr'><strong>vel</strong></span> <span class='ocrx_word' id='word_1_487' title='bbox 2876 4205 3208 4269; x_wconf 82' lang='lat' dir='ltr'><strong>sententiae</strong></span> <span class='ocrx_word' id='word_1_488' title='bbox 3237 4224 3394 4287; x_wconf 87' lang='lat' dir='ltr'><strong>quas</strong></span> <span class='ocrx_word' id='word_1_489' title='bbox 3425 4204 3782 4282; x_wconf 88' lang='lat' dir='ltr'><strong>enuntiant,</strong></span> <span class='ocrx_word' id='word_1_490' title='bbox 3816 4203 3925 4266; x_wconf 80' lang='lat' dir='ltr'><strong>fir-</strong></span> 
     </span>
    </p>
   </div>
   <div class='ocr_carea' id='block_1_13' title="bbox 549 4307 2323 5279">
    <p class='ocr_par' dir='ltr' id='par_1_20' title="bbox 549 4307 2323 5279">
     <span class='ocr_line' id='line_1_74' title="bbox 824 4307 2319 4390; baseline -0.003 -15"><span class='ocrx_word' id='word_1_491' title='bbox 824 4319 941 4388; x_wconf 90' lang='lat' dir='ltr'><strong>est,</strong></span> <span class='ocrx_word' id='word_1_492' title='bbox 996 4310 1215 4372; x_wconf 89' lang='lat' dir='ltr'><strong>dicens</strong></span> <span class='ocrx_word' id='word_1_493' title='bbox 1266 4326 1279 4371; x_wconf 91' lang='lat'>:</span> <span class='ocrx_word' id='word_1_494' title='bbox 1328 4307 1742 4372; x_wconf 89' lang='lat' dir='ltr'><strong>Severissime</strong></span> <span class='ocrx_word' id='word_1_495' title='bbox 1790 4308 2127 4371; x_wconf 89' lang='lat' dir='ltr'><strong>adversum</strong></span> <span class='ocrx_word' id='word_1_496' title='bbox 2174 4327 2319 4390; x_wconf 86' lang='lat' dir='ltr'><strong>pec—</strong></span> 
     </span>
     <span class='ocr_line' id='line_1_75' title="bbox 824 4405 2320 4488; baseline -0.003 -14"><span class='ocrx_word' id='word_1_497' title='bbox 824 4418 1041 4474; x_wconf 89' lang='lat' dir='ltr'><strong>cantes</strong></span> <span class='ocrx_word' id='word_1_498' title='bbox 1075 4427 1187 4471; x_wconf 91' lang='lat' dir='ltr'><strong>nos</strong></span> <span class='ocrx_word' id='word_1_499' title='bbox 1229 4407 1600 4487; x_wconf 77' lang='lat' dir='ltr'><strong>ingerimuS,</strong></span> <span class='ocrx_word' id='word_1_500' title='bbox 1637 4415 1698 4468; x_wconf 90' lang='lat' dir='ltr'><strong>et</strong></span> <span class='ocrx_word' id='word_1_501' title='bbox 1736 4405 1860 4488; x_wconf 91' lang='lat' dir='ltr'><strong>ipsi</strong></span> <span class='ocrx_word' id='word_1_502' title='bbox 1898 4407 2115 4469; x_wconf 90' lang='lat' dir='ltr'><strong>eadem</strong></span> <span class='ocrx_word' id='word_1_503' title='bbox 2153 4426 2320 4470; x_wconf 89' lang='lat' dir='ltr'><strong>com-</strong></span> 
     </span>
     <span class='ocr_line' id='line_1_76' title="bbox 826 4504 2316 4587; baseline -0.003 -16"><span class='ocrx_word' id='word_1_504' title='bbox 826 4509 1161 4572; x_wconf 88' lang='lat' dir='ltr'><strong>mittimus.</strong></span> <span class='ocrx_word' id='word_1_505' title='bbox 1214 4505 1519 4587; x_wconf 90' lang='lat' dir='ltr'><strong>Denique,</strong></span> <span class='ocrx_word' id='word_1_506' title='bbox 1561 4504 1859 4568; x_wconf 86' lang='lat' dir='ltr'><strong>Cassiano</strong></span> <span class='ocrx_word' id='word_1_507' title='bbox 1916 4513 2206 4583; x_wconf 87' lang='lat' dir='ltr'><strong>testante,</strong></span> <span class='ocrx_word' id='word_1_508' title='bbox 2250 4505 2316 4567; x_wconf 92' lang='lat' dir='ltr'><strong>in</strong></span> 
     </span>
     <span class='ocr_line' id='line_1_77' title="bbox 827 4602 2320 4689; baseline -0.002 -20"><span class='ocrx_word' id='word_1_509' title='bbox 827 4608 947 4671; x_wconf 93' lang='lat' dir='ltr'><strong>hoc</strong></span> <span class='ocrx_word' id='word_1_510' title='bbox 977 4614 1239 4689; x_wconf 91' lang='lat' dir='ltr'><strong>apparet</strong></span> <span class='ocrx_word' id='word_1_511' title='bbox 1269 4623 1349 4667; x_wconf 91' lang='lat' dir='ltr'><strong>an</strong></span> <span class='ocrx_word' id='word_1_512' title='bbox 1390 4602 1535 4686; x_wconf 89' lang='lat' dir='ltr'><strong>quis</strong></span> <span class='ocrx_word' id='word_1_513' title='bbox 1576 4622 1652 4665; x_wconf 88' lang='lat' dir='ltr'><strong>ex</strong></span> <span class='ocrx_word' id='word_1_514' title='bbox 1692 4603 1882 4667; x_wconf 90' lang='lat' dir='ltr'><strong>corde</strong></span> <span class='ocrx_word' id='word_1_515' title='bbox 1924 4613 1985 4666; x_wconf 91' lang='lat' dir='ltr'><strong>et</strong></span> <span class='ocrx_word' id='word_1_516' title='bbox 2020 4623 2169 4667; x_wconf 85' lang='lat' dir='ltr'><strong>vera</strong></span> <span class='ocrx_word' id='word_1_517' title='bbox 2203 4604 2320 4666; x_wconf 90' lang='lat' dir='ltr'><strong>hu-</strong></span> 
     </span>
     <span class='ocr_line' id='line_1_78' title="bbox 828 4702 2321 4786; baseline -0.003 -17"><span class='ocrx_word' id='word_1_518' title='bbox 828 4706 1099 4769; x_wconf 87' lang='lat' dir='ltr'><strong>militate</strong></span> <span class='ocrx_word' id='word_1_519' title='bbox 1128 4723 1196 4767; x_wconf 90' lang='lat' dir='ltr'><strong>se</strong></span> <span class='ocrx_word' id='word_1_520' title='bbox 1236 4703 1442 4786; x_wconf 91' lang='lat' dir='ltr'><strong>ipsum</strong></span> <span class='ocrx_word' id='word_1_521' title='bbox 1478 4703 1546 4764; x_wconf 93' lang='lat' dir='ltr'><strong>in</strong></span> <span class='ocrx_word' id='word_1_522' title='bbox 1586 4702 1811 4784; x_wconf 90' lang='lat' dir='ltr'><strong>primis</strong></span> <span class='ocrx_word' id='word_1_523' title='bbox 1843 4711 2116 4777; x_wconf 86' lang='lat' dir='ltr'><strong>accuset,</strong></span> <span class='ocrx_word' id='word_1_524' title='bbox 2162 4702 2216 4765; x_wconf 92' lang='lat' dir='ltr'><strong>si</strong></span> <span class='ocrx_word' id='word_1_525' title='bbox 2246 4721 2321 4765; x_wconf 91' lang='lat' dir='ltr'><strong>ea</strong></span> 
     </span>
     <span class='ocr_line' id='line_1_79' title="bbox 828 4801 2321 4889; baseline -0.001 -21"><span class='ocrx_word' id='word_1_526' title='bbox 828 4825 969 4889; x_wconf 82' lang='lat' dir='ltr'><strong>quae</strong></span> <span class='ocrx_word' id='word_1_527' title='bbox 1010 4805 1147 4886; x_wconf 89' lang='lat' dir='ltr'><strong>ipse</strong></span> <span class='ocrx_word' id='word_1_528' title='bbox 1186 4803 1250 4865; x_wconf 93' lang='lat' dir='ltr'><strong>in</strong></span> <span class='ocrx_word' id='word_1_529' title='bbox 1298 4821 1365 4865; x_wconf 91' lang='lat' dir='ltr'><strong>se</strong></span> <span class='ocrx_word' id='word_1_530' title='bbox 1405 4801 1832 4884; x_wconf 88' lang='lat' dir='ltr'><strong>reprehendit,</strong></span> <span class='ocrx_word' id='word_1_531' title='bbox 1867 4802 1947 4865; x_wconf 93' lang='lat' dir='ltr'><strong>ab</strong></span> <span class='ocrx_word' id='word_1_532' title='bbox 1987 4802 2131 4865; x_wconf 90' lang='lat' dir='ltr'><strong>aliis</strong></span> <span class='ocrx_word' id='word_1_533' title='bbox 2172 4821 2321 4883; x_wconf 90' lang='lat' dir='ltr'><strong>quo-</strong></span> 
     </span>
     <span class='ocr_line' id='line_1_80' title="bbox 828 4898 2320 4988; baseline -0.004 -20"><span class='ocrx_word' id='word_1_534' title='bbox 828 4924 952 4988; x_wconf 89' lang='lat' dir='ltr'><strong>que</strong></span> <span class='ocrx_word' id='word_1_535' title='bbox 984 4901 1362 4986; x_wconf 89' lang='lat' dir='ltr'><strong>reprehendi</strong></span> <span class='ocrx_word' id='word_1_536' title='bbox 1396 4908 1459 4963; x_wconf 89' lang='lat' dir='ltr'><strong>et</strong></span> <span class='ocrx_word' id='word_1_537' title='bbox 1496 4899 1803 4976; x_wconf 87' lang='lat' dir='ltr'><strong>accusari,</strong></span> <span class='ocrx_word' id='word_1_538' title='bbox 1840 4898 2093 4982; x_wconf 90' lang='lat' dir='ltr'><strong>sibique</strong></span> <span class='ocrx_word' id='word_1_539' title='bbox 2123 4900 2320 4982; x_wconf 88' lang='lat' dir='ltr'><strong>objici</strong></span> 
     </span>
     <span class='ocr_line' id='line_1_81' title="bbox 826 4998 2317 5086; baseline -0.005 -18"><span class='ocrx_word' id='word_1_540' title='bbox 826 5000 1271 5086; x_wconf 84' lang='lat' dir='ltr'><strong>aequanimiter</strong></span> <span class='ocrx_word' id='word_1_541' title='bbox 1317 4998 1612 5082; x_wconf 85' lang='lat' dir='ltr'><strong>patiatur.</strong></span> <span class='ocrx_word' id='word_1_542' title='bbox 1663 5000 1845 5060; x_wconf 79' lang='lat' dir='ltr'><strong>Venit</strong></span> <span class='ocrx_word' id='word_1_543' title='bbox 1876 5001 2126 5060; x_wconf 80' lang='lat' dir='ltr'><strong>amicus</strong></span> <span class='ocrx_word' id='word_1_544' title='bbox 2154 5002 2317 5078; x_wconf 69' lang='lat' dir='ltr'><strong>eJ‘uS,</strong></span> 
     </span>
     <span class='ocr_line' id='line_1_82' title="bbox 825 5097 2323 5181; baseline -0.002 -17"><span class='ocrx_word' id='word_1_545' title='bbox 825 5113 883 5164; x_wconf 77' lang='lat' dir='ltr'><strong>ec</strong></span> <span class='ocrx_word' id='word_1_546' title='bbox 932 5101 1352 5176; x_wconf 72' lang='lat' dir='ltr'><strong>investiyabit</strong></span> <span class='ocrx_word' id='word_1_547' title='bbox 1395 5119 1563 5159; x_wconf 81' lang='lat' dir='ltr'><strong>eum.</strong></span> <span class='ocrx_word' id='word_1_548' title='bbox 1614 5097 1729 5160; x_wconf 86' lang='lat' dir='ltr'><strong>Per</strong></span> <span class='ocrx_word' id='word_1_549' title='bbox 1774 5097 2053 5160; x_wconf 85' lang='lat' dir='ltr'><strong>amicum</strong></span> <span class='ocrx_word' id='word_1_550' title='bbox 2112 5107 2323 5181; x_wconf 83' lang='lat' dir='ltr'><strong>potest.</strong></span> 
     </span>
     <span class='ocr_line' id='line_1_83' title="bbox 549 5188 2321 5279; baseline -0.003 -14"><span class='ocrx_word' id='word_1_551' title='bbox 549 5188 795 5240; x_wconf 47' lang='lat' dir='ltr'><strong>‘&#39;mmm&#39;’</strong></span> <span class='ocrx_word' id='word_1_552' title='bbox 827 5199 1101 5279; x_wconf 87' lang='lat' dir='ltr'><strong>intelligi</strong></span> <span class='ocrx_word' id='word_1_553' title='bbox 1132 5195 1420 5260; x_wconf 90' lang='lat' dir='ltr'><strong>Christus</strong></span> <span class='ocrx_word' id='word_1_554' title='bbox 1443 5213 1457 5257; x_wconf 77' lang='grc' dir='ltr'><strong><em>ε</em></strong></span> <span class='ocrx_word' id='word_1_555' title='bbox 1480 5195 1592 5277; x_wconf 90' lang='lat' dir='ltr'><strong>qui</strong></span> <span class='ocrx_word' id='word_1_556' title='bbox 1623 5195 1926 5277; x_wconf 89' lang='lat' dir='ltr'><strong>loquitur,</strong></span> <span class='ocrx_word' id='word_1_557' title='bbox 1952 5196 2076 5260; x_wconf 84' lang='lat' dir='ltr'><strong>Vos</strong></span> <span class='ocrx_word' id='word_1_558' title='bbox 2109 5204 2321 5260; x_wconf 89' lang='lat' dir='ltr'><strong>autem</strong></span> 
     </span>
    </p>
   </div>
   <div class='ocr_carea' id='block_1_14' title="bbox 536 5253 2321 5369">
    <p class='ocr_par' dir='ltr' id='par_1_21' title="bbox 536 5253 2321 5369">
     <span class='ocr_line' id='line_1_84' title="bbox 536 5253 2321 5369; baseline 0.001 -12"><span class='ocrx_word' id='word_1_559' title='bbox 536 5253 679 5359; x_wconf 50' lang='grc' dir='ltr'><strong><em>ιῗόεα.</em></strong></span> <span class='ocrx_word' id='word_1_560' title='bbox 703 5317 769 5360; x_wconf 78' lang='lat'><strong>¹4.</strong></span> <span class='ocrx_word' id='word_1_561' title='bbox 826 5299 957 5363; x_wconf 85' lang='lat' dir='ltr'><strong>dixi</strong></span> <span class='ocrx_word' id='word_1_562' title='bbox 988 5297 1250 5361; x_wconf 78' lang='lat' dir='ltr'><strong>amicos,</strong></span> <span class='ocrx_word' id='word_1_563' title='bbox 1284 5293 1401 5369; x_wconf 87' lang='lat' dir='ltr'><strong>Qui</strong></span> <span class='ocrx_word' id='word_1_564' title='bbox 1432 5313 1653 5357; x_wconf 88' lang='lat' dir='ltr'><strong>rursus</strong></span> <span class='ocrx_word' id='word_1_565' title='bbox 1682 5294 1919 5358; x_wconf 78' lang='lat' dir='ltr'><strong>fatetur</strong></span> <span class='ocrx_word' id='word_1_566' title='bbox 1940 5294 2100 5360; x_wconf 90' lang='lat' dir='ltr'><strong>:Vos</strong></span> <span class='ocrx_word' id='word_1_567' title='bbox 2129 5295 2321 5359; x_wconf 88' lang='lat' dir='ltr'><strong>amici</strong></span> 
     </span>
    </p>
   </div>
   <div class='ocr_carea' id='block_1_15' title="bbox 2429 4303 4238 5373">
    <p class='ocr_par' dir='ltr' id='par_1_22' title="bbox 2429 4303 3926 5062">
     <span class='ocr_line' id='line_1_85' title="bbox 2429 4303 3924 4386; baseline -0.003 -15"><span class='ocrx_word' id='word_1_568' title='bbox 2429 4327 2530 4372; x_wconf 90' lang='lat' dir='ltr'><strong>ma</strong></span> <span class='ocrx_word' id='word_1_569' title='bbox 2572 4315 2722 4369; x_wconf 90' lang='lat' dir='ltr'><strong>sunt</strong></span> <span class='ocrx_word' id='word_1_570' title='bbox 2763 4307 2954 4386; x_wconf 81' lang='lat' dir='ltr'><strong>quasi</strong></span> <span class='ocrx_word' id='word_1_571' title='bbox 2984 4315 3179 4365; x_wconf 82' lang='lat' dir='ltr'><strong>vectes</strong></span> <span class='ocrx_word' id='word_1_572' title='bbox 3209 4307 3474 4364; x_wconf 81' lang='lat' dir='ltr'><strong>urbium</strong></span> <span class='ocrx_word' id='word_1_573' title='bbox 3507 4325 3529 4364; x_wconf 91' lang='lat'><strong>.·</strong></span> <span class='ocrx_word' id='word_1_574' title='bbox 3559 4303 3668 4384; x_wconf 91' lang='lat' dir='ltr'><strong>qui</strong></span> <span class='ocrx_word' id='word_1_575' title='bbox 3709 4312 3924 4366; x_wconf 89' lang='lat' dir='ltr'><strong>vectes</strong></span> 
     </span>
     <span class='ocr_line' id='line_1_86' title="bbox 2431 4399 3924 4487; baseline -0.005 -16"><span class='ocrx_word' id='word_1_576' title='bbox 2431 4406 2732 4471; x_wconf 83' lang='lat' dir='ltr'><strong>muniunt.</strong></span> <span class='ocrx_word' id='word_1_577' title='bbox 2763 4411 2999 4487; x_wconf 85' lang='lat' dir='ltr'><strong>portas.</strong></span> <span class='ocrx_word' id='word_1_578' title='bbox 3017 4401 3468 4480; x_wconf 78' lang='lat' dir='ltr'><strong>Consormiter,</strong></span> <span class='ocrx_word' id='word_1_579' title='bbox 3495 4399 3710 4478; x_wconf 79' lang='lat' dir='ltr'><strong>frater,</strong></span> <span class='ocrx_word' id='word_1_580' title='bbox 3733 4401 3796 4463; x_wconf 93' lang='lat' dir='ltr'><strong>id</strong></span> <span class='ocrx_word' id='word_1_581' title='bbox 3827 4409 3924 4464; x_wconf 86' lang='lat' dir='ltr'><strong>cst</strong></span> 
     </span>
     <span class='ocr_line' id='line_1_87' title="bbox 2433 4499 3926 4588; baseline -0.001 -22"><span class='ocrx_word' id='word_1_582' title='bbox 2433 4505 2613 4588; x_wconf 90' lang='lat' dir='ltr'><strong>plebs</strong></span> <span class='ocrx_word' id='word_1_583' title='bbox 2644 4503 2924 4584; x_wconf 82' lang='lat' dir='ltr'><strong>gentiliS,</strong></span> <span class='ocrx_word' id='word_1_584' title='bbox 2959 4503 3180 4582; x_wconf 87' lang='lat' dir='ltr'><strong>adjuta</strong></span> <span class='ocrx_word' id='word_1_585' title='bbox 3210 4520 3246 4562; x_wconf 87' lang='lat' dir='ltr'><strong>a</strong></span> <span class='ocrx_word' id='word_1_586' title='bbox 3278 4499 3494 4576; x_wconf 80' lang='lat' dir='ltr'><strong>fratre,</strong></span> <span class='ocrx_word' id='word_1_587' title='bbox 3529 4499 3592 4562; x_wconf 93' lang='lat' dir='ltr'><strong>id</strong></span> <span class='ocrx_word' id='word_1_588' title='bbox 3623 4508 3720 4562; x_wconf 90' lang='lat' dir='ltr'><strong>est</strong></span> <span class='ocrx_word' id='word_1_589' title='bbox 3748 4520 3784 4562; x_wconf 89' lang='lat' dir='ltr'><strong>a</strong></span> <span class='ocrx_word' id='word_1_590' title='bbox 3813 4519 3926 4583; x_wconf 91' lang='lat' dir='ltr'><strong>po-</strong></span> 
     </span>
     <span class='ocr_line' id='line_1_88' title="bbox 2431 4598 3926 4686; baseline -0.003 -19"><span class='ocrx_word' id='word_1_591' title='bbox 2431 4605 2584 4686; x_wconf 90' lang='lat' dir='ltr'><strong>pulo</strong></span> <span class='ocrx_word' id='word_1_592' title='bbox 2612 4603 2994 4678; x_wconf 74' lang='lat' dir='ltr'><strong>Iudaeorum,</strong></span> <span class='ocrx_word' id='word_1_593' title='bbox 3033 4599 3313 4683; x_wconf 90' lang='lat' dir='ltr'><strong>primum</strong></span> <span class='ocrx_word' id='word_1_594' title='bbox 3344 4598 3412 4661; x_wconf 92' lang='lat' dir='ltr'><strong>in</strong></span> <span class='ocrx_word' id='word_1_595' title='bbox 3441 4599 3756 4662; x_wconf 86' lang='lat' dir='ltr'><strong>Christum</strong></span> <span class='ocrx_word' id='word_1_596' title='bbox 3791 4618 3926 4662; x_wconf 88' lang='lat' dir='ltr'><strong>cre-</strong></span> 
     </span>
     <span class='ocr_line' id='line_1_89' title="bbox 2431 4699 3926 4783; baseline -0.003 -17"><span class='ocrx_word' id='word_1_597' title='bbox 2431 4705 2643 4779; x_wconf 90' lang='lat' dir='ltr'><strong>dente,</strong></span> <span class='ocrx_word' id='word_1_598' title='bbox 2678 4709 2831 4783; x_wconf 91' lang='lat' dir='ltr'><strong>puta</strong></span> <span class='ocrx_word' id='word_1_599' title='bbox 2861 4699 3181 4782; x_wconf 87' lang='lat' dir='ltr'><strong>Apostolis</strong></span> <span class='ocrx_word' id='word_1_600' title='bbox 3211 4706 3274 4761; x_wconf 90' lang='lat' dir='ltr'><strong>et</strong></span> <span class='ocrx_word' id='word_1_601' title='bbox 3305 4716 3526 4762; x_wconf 91' lang='lat' dir='ltr'><strong>eorum</strong></span> <span class='ocrx_word' id='word_1_602' title='bbox 3560 4706 3926 4779; x_wconf 90' lang='lat' dir='ltr'><strong>cooperato-</strong></span> 
     </span>
     <span class='ocr_line' id='line_1_90' title="bbox 2431 4796 3920 4882; baseline -0.003 -19"><span class='ocrx_word' id='word_1_603' title='bbox 2431 4802 2608 4863; x_wconf 91' lang='lat' dir='ltr'><strong>ribus</strong></span> <span class='ocrx_word' id='word_1_604' title='bbox 2649 4799 2896 4882; x_wconf 81' lang='lat' dir='ltr'><strong>primiS‚</strong></span> <span class='ocrx_word' id='word_1_605' title='bbox 2931 4806 3026 4862; x_wconf 88' lang='lat' dir='ltr'><strong>est</strong></span> <span class='ocrx_word' id='word_1_606' title='bbox 3056 4797 3241 4879; x_wconf 85' lang='lat' dir='ltr'><strong>quasi</strong></span> <span class='ocrx_word' id='word_1_607' title='bbox 3272 4797 3424 4860; x_wconf 90' lang='lat' dir='ltr'><strong>urbs</strong></span> <span class='ocrx_word' id='word_1_608' title='bbox 3465 4796 3732 4872; x_wconf 86' lang='lat' dir='ltr'><strong>munita,</strong></span> <span class='ocrx_word' id='word_1_609' title='bbox 3767 4797 3920 4858; x_wconf 92' lang='lat' dir='ltr'><strong>dum</strong></span> 
     </span>
     <span class='ocr_line' id='line_1_91' title="bbox 2429 4895 3924 4982; baseline -0.003 -20"><span class='ocrx_word' id='word_1_610' title='bbox 2429 4907 2700 4982; x_wconf 90' lang='lat' dir='ltr'><strong>uterque</strong></span> <span class='ocrx_word' id='word_1_611' title='bbox 2738 4897 3012 4980; x_wconf 90' lang='lat' dir='ltr'><strong>populus</strong></span> <span class='ocrx_word' id='word_1_612' title='bbox 3042 4897 3152 4959; x_wconf 90' lang='lat' dir='ltr'><strong>ille</strong></span> <span class='ocrx_word' id='word_1_613' title='bbox 3190 4895 3256 4958; x_wconf 91' lang='lat' dir='ltr'><strong>in</strong></span> <span class='ocrx_word' id='word_1_614' title='bbox 3288 4895 3572 4959; x_wconf 83' lang='lat' dir='ltr'><strong>Ecclesia</strong></span> <span class='ocrx_word' id='word_1_615' title='bbox 3607 4913 3721 4976; x_wconf 86' lang='lat' dir='ltr'><strong>per</strong></span> <span class='ocrx_word' id='word_1_616' title='bbox 3762 4895 3924 4959; x_wconf 90' lang='lat' dir='ltr'><strong>cari-</strong></span> 
     </span>
     <span class='ocr_line' id='line_1_92' title="bbox 2431 4996 2897 5062; baseline -0.004 0"><span class='ocrx_word' id='word_1_617' title='bbox 2431 5007 2623 5062; x_wconf 85' lang='lat' dir='ltr'><strong>tatem</strong></span> <span class='ocrx_word' id='word_1_618' title='bbox 2657 4996 2897 5060; x_wconf 92' lang='lat' dir='ltr'><strong>unitur.</strong></span> 
     </span>
    </p>

    <p class='ocr_par' dir='ltr' id='par_1_23' title="bbox 2431 5094 4238 5373">
     <span class='ocr_line' id='line_1_93' title="bbox 2536 5094 4128 5175; baseline -0.004 -17"><span class='ocrx_word' id='word_1_619' title='bbox 2536 5100 2630 5159; x_wconf 85' lang='lat' dir='ltr'><strong>De</strong></span> <span class='ocrx_word' id='word_1_620' title='bbox 2676 5097 2902 5175; x_wconf 78' lang='lat' dir='ltr'><strong>fructu</strong></span> <span class='ocrx_word' id='word_1_621' title='bbox 2950 5096 3080 5155; x_wconf 84' lang='lat' dir='ltr'><strong>oris</strong></span> <span class='ocrx_word' id='word_1_622' title='bbox 3128 5095 3264 5155; x_wconf 82' lang='lat' dir='ltr'><strong>viri</strong></span> <span class='ocrx_word' id='word_1_623' title='bbox 3308 5094 3662 5170; x_wconf 75' lang='lat' dir='ltr'><strong>replebitur</strong></span> <span class='ocrx_word' id='word_1_624' title='bbox 3707 5101 3922 5152; x_wconf 81' lang='lat' dir='ltr'><strong>venter</strong></span> <span class='ocrx_word' id='word_1_625' title='bbox 4037 5105 4128 5160; x_wconf 56' lang='grc' dir='ltr'><strong>ρο</strong></span> 
     </span>
     <span class='ocr_line' id='line_1_94' title="bbox 2431 5191 4238 5275; baseline 0 -19"><span class='ocrx_word' id='word_1_626' title='bbox 2431 5198 2593 5275; x_wconf 81' lang='lat' dir='ltr'><strong>ejus.</strong></span> <span class='ocrx_word' id='word_1_627' title='bbox 2626 5195 2754 5258; x_wconf 88' lang='lat' dir='ltr'><strong>Hoc</strong></span> <span class='ocrx_word' id='word_1_628' title='bbox 2797 5201 2895 5257; x_wconf 84' lang='lat' dir='ltr'><strong>est</strong></span> <span class='ocrx_word' id='word_1_629' title='bbox 2940 5193 3111 5275; x_wconf 90' lang='lat' dir='ltr'><strong>quod</strong></span> <span class='ocrx_word' id='word_1_630' title='bbox 3154 5191 3397 5256; x_wconf 90' lang='lat' dir='ltr'><strong>dictum</strong></span> <span class='ocrx_word' id='word_1_631' title='bbox 3439 5199 3536 5254; x_wconf 89' lang='lat' dir='ltr'><strong>est</strong></span> <span class='ocrx_word' id='word_1_632' title='bbox 3577 5208 3789 5271; x_wconf 89' lang='lat' dir='ltr'><strong>supra,</strong></span> <span class='ocrx_word' id='word_1_633' title='bbox 3837 5191 3923 5254; x_wconf 87' lang='lat' dir='ltr'><strong>De</strong></span> <span class='ocrx_word' id='word_1_634' title='bbox 3999 5211 4238 5264; x_wconf 61' lang='lat' dir='ltr'><strong>emam,</strong></span> 
     </span>
     <span class='ocr_line' id='line_1_95' title="bbox 2434 5277 4021 5373; baseline -0.004 -16"><span class='ocrx_word' id='word_1_635' title='bbox 2434 5294 2648 5357; x_wconf 84' lang='lat' dir='ltr'><strong>fructu</strong></span> <span class='ocrx_word' id='word_1_636' title='bbox 2679 5292 2808 5358; x_wconf 89' lang='lat' dir='ltr'><strong>oris</strong></span> <span class='ocrx_word' id='word_1_637' title='bbox 2840 5292 2939 5356; x_wconf 91' lang='lat' dir='ltr'><strong>sui</strong></span> <span class='ocrx_word' id='word_1_638' title='bbox 2971 5291 3416 5373; x_wconf 89' lang='lat' dir='ltr'><strong>unusquisque</strong></span> <span class='ocrx_word' id='word_1_639' title='bbox 3448 5289 3796 5372; x_wconf 86' lang='lat' dir='ltr'><strong>replebitur</strong></span> <span class='ocrx_word' id='word_1_640' title='bbox 3817 5288 3925 5352; x_wconf 91' lang='lat' dir='ltr'><strong>bo-</strong></span> <span class='ocrx_word' id='word_1_641' title='bbox 3955 5277 4021 5317; x_wconf 76' lang='lat'><strong>¹⁴·</strong></span> 
     </span>
    </p>
   </div>
  </div>
 </body>
</html>
