4284 6267
1647 384 1686 415 O

829 478 948 542 264
1563 503 1912 556 amm-no
1953 508 2017 559 m
2057 508 2197 557 cn.
2244 510 2307 556 rx
2350 507 2784 556 contusus-m.
2829 529 2910 540 —
2950 510 3089 557 Am.
3136 510 3200 556 ix

1954 908 2606 999 ARTICULUS
2683 913 2805 998 IX

1371 1185 1729 1232 ELUcmATlo
1781 1184 2057 1231 GAPITULI
2111 1184 2258 1231 Nom
2304 1185 2317 1231 :
2374 1184 2527 1231 sum·
2578 1186 2741 1233 Jus‘rI
2793 1187 2989 1243 ATQUE
3032 1188 3383 1235 snmus.

984 1464 1056 1528 IC
1107 1465 1398 1547 reprimit
1442 1465 1764 1529 hominem
1816 1464 1896 1527 ab
1945 1464 2120 1529 omni
2164 1482 2327 1526 vana
2358 1462 2408 1524 A
2438 1472 2535 1526 est
2566 1464 3034 1545 indifferenter,
3056 1476 3357 1549 quantum
3386 1469 3464 1531 ad
3494 1470 3926 1552 apparentiam

1004 1564 1366 1641 securitate,
1399 1564 1674 1627 elatione
1711 1572 1774 1625 et
1803 1563 2323 1646 praesumptione,
2438 1564 2837 1641 exteriorem,
2889 1566 3181 1647 quamvis
3236 1586 3447 1631 coram
3507 1569 3631 1631 Deo
3679 1568 3931 1632 diversa

833 1681 909 1726 eo
940 1664 1110 1744 quod
1141 1663 1380 1726 nesciat
1420 1682 1499 1725 an
1533 1663 1780 1745 placeat
1809 1663 1953 1740 Det),
1987 1682 2069 1725 an
2099 1662 2333 1725 habeat
2440 1662 2525 1723 sit
2556 1662 2737 1739 ratio,
2762 1666 3063 1726 eveniant
3075 1666 3260 1742 justo
3287 1675 3347 1728 et
3376 1669 3599 1744 impio,
3616 1676 3925 1750 quantum

837 1761 1164 1824 caritatem
1227 1762 1530 1839 infusam,
1593 1782 1672 1825 an
1733 1761 2019 1825 finaliter
2074 1760 2160 1824 sit
2214 1760 2332 1822 sal·
2440 1761 2517 1823 ad
2553 1760 2821 1824 virtutes
2853 1759 3120 1838 infusas,
3164 1771 3227 1826 et
3264 1764 3419 1827 vitia
3458 1764 3551 1827 eis
3588 1766 3925 1844 contraria,

835 1861 1104 1924 vandus,
2441 1861 2597 1920 bono
2625 1869 2684 1919 et
2713 1865 2908 1929 mlo,
2944 1861 3010 1923 id
3051 1871 3149 1926 est
3191 1862 3448 1926 habenti
3490 1864 3756 1927 virtutes
3800 1882 3935 1928 mo-

919 1962 1092 2021 Sunt
1103 1962 1282 2037 justi
1316 1971 1508 2040 atque
1541 1963 1858 2037 sapientes
1897 1958 2205 2021 habentes
2244 1976 2334 2019 sa·
2442 1956 2627 2034 raleS,
2662 1966 2727 2020 et
2763 1957 2856 2021 eis
2895 1960 3159 2038 carenti,
3192 1965 3462 2033 mundo,
3492 1982 3605 2044 per
3645 1962 3839 2026 fidem
3869 1970 3933 2025 et

839 2057 1147 2140 pientiam
1188 2077 1329 2139 quae
1369 2067 1465 2121 est
1499 2059 1771 2139 donum3
1802 2069 1862 2119 et
1890 2077 2083 2135 opera
2109 2076 2332 2117 eorum
2442 2058 2847 2141 sapientiam,
2867 2072 2927 2120 et
2955 2063 3294 2121 immundo
3324 2078 3437 2142 per
3468 2058 3782 2134 haeresim,
3802 2078 3935 2142 per·

837 2158 914 2218 in
961 2177 1164 2218 manu
1208 2160 1332 2220 Dei
1378 2165 1546 2235 sunt,
1602 2158 1667 2220 id
1713 2165 1831 2234 est,
1885 2163 2061 2219 actus
2109 2173 2327 2218 eorum
2442 2154 2668 2219 fidiam
2702 2164 2767 2219 et
2804 2175 3071 2234 errore8‚
3114 2160 3485 2221 immolanti
3522 2160 3842 2229 victimas,
3874 2168 3933 2219 et

842 2253 1177 2318 interiores
1233 2264 1296 2318 et
1343 2255 1712 2332 exterioreS‚
1761 2255 1843 2318 ab
1901 2254 2059 2337 ipsis
2106 2252 2327 2331 oblati,
2440 2256 2767 2333 sam-isicia
2797 2258 3249 2317 contemnenti.
3290 2258 3478 2319 Sicut
3505 2260 3727 2324 bonus,
3756 2258 3934 2317 sicet

837 2352 1128 2429 exhibiti,
1175 2362 1237 2416 et
1274 2354 1594 2417 commissi
1643 2363 1793 2416 sunt
1836 2353 1984 2432 Deo,
2027 2361 2329 2433 tanquam
2434 2364 2730 2433 peccator
2759 2352 2949 2417 habet
2984 2355 3113 2436 jam
3156 2354 3345 2417 dicta.
3376 2354 3532 2417 Nam
3570 2362 3632 2417 et
3673 2354 3932 2436 quidam

836 2452 1106 2515 creatori
1144 2471 1219 2515 ac
1252 2452 1477 2534 judici.
1514 2452 1673 2516 Sunt
1710 2470 1968 2533 quoque
2006 2469 2202 2533 opera
2228 2468 2333 2513 eo-
2442 2450 2625 2514 electi
2671 2453 3053 2534 quandoque
3091 2452 3267 2517 vitiis
3314 2462 3465 2515 sunt
3507 2452 3801 2534 subJecti.
3844 2453 3937 2516 Si·

838 2568 980 2611 rum
1040 2550 1106 2612 in
1154 2570 1347 2613 manu
1397 2551 1530 2628 Dei,
1583 2550 1734 2632 quia
1781 2557 2242 2614 conservantur
2296 2568 2333 2611 a
2443 2548 2681 2611 militer
2708 2549 2976 2613 virtuosi
3014 2558 3078 2612 et
3106 2550 3293 2613 electi
3334 2550 3653 2613 interdum
3684 2568 3937 2634 prospe-

838 2647 990 2725 Deo,
1021 2656 1084 2711 et
1113 2648 1250 2731 ipse
1280 2656 1488 2731 potest
1524 2649 1812 2730 judicare
1841 2650 1920 2712 de
1943 2648 2038 2712 eis
2069 2656 2140 2710 ut
2168 2645 2327 2711 vult.
2369 2646 2415 2708 B
2443 2655 2665 2709 rantur
2723 2647 2789 2709 in
2838 2648 3093 2726 saeculo,
3146 2657 3210 2711 et
3267 2648 3510 2712 divitiis
3566 2668 3640 2713 ac
3694 2649 3936 2713 honore

841 2750 927 2810 Et
958 2758 1168 2809 tamen
1199 2749 1400 2809 nescit
1428 2749 1636 2817 homo,
1670 2747 1733 2809 id
1771 2755 1889 2823 est,
1921 2743 2335 2810 certitudina-
2442 2744 2793 2821 abundant,
2836 2755 2898 2809 et
2946 2745 3201 2829 reprobi
3252 2747 3511 2829 quidam
3559 2756 3936 2830 premuntur

839 2845 966 2909 lem
1008 2846 1300 2909 notitiam
1338 2848 1417 2909 de
1457 2846 1578 2909 isto
1618 2864 1745 2909 non
1781 2845 1991 2923 habet,
2035 2843 2331 2909 videlicet
2442 2844 2750 2907 adversiS.
2812 2848 2888 2906 Ut
2919 2846 3253 2924 perjurus,
3284 2847 3380 2907 ita
3426 2856 3487 2907 et
3530 2848 3642 2907 ille
3677 2849 3795 2926 qui
3836 2868 3934 2907 ve-

839 2955 1066 3007 utrum
1095 2966 1312 3008 amore
1337 2966 1426 3007 an
1459 2948 1606 3007 odio
1632 2948 1873 3023 digmus
1901 2947 2008 3007 sit.
2049 2945 2202 3021 Hoc,
2236 2944 2333 3006 in·
2440 2963 2593 3004 rum
2647 2945 2924 3021 dejerat,
2974 2944 3037 3006 id
3096 2952 3211 3019 est,
3267 2944 3452 3009 valde
3506 2942 3817 3019 affirmat,
3868 2952 3933 3008 et

838 3062 1052 3125 quam,
1087 3044 1292 3107 nescit
1327 3044 1541 3122 homo,
1576 3043 1871 3126 quamvis
1903 3043 2223 3106 virtuosus
2257 3061 2331 3105 ac
2442 3043 2717 3105 multum
2762 3043 3069 3107 assertive
3110 3044 3302 3125 jurat,
3338 3051 3527 3127 prout
3569 3044 3777 3126 primo
3818 3044 3931 3108 Re-

837 3141 1092 3223 sapiens
1123 3142 1204 3204 sit
1237 3159 1250 3204 :
1285 3141 1587 3224 quoniam
1619 3142 1824 3205 nescit
1852 3161 1931 3205 an
1965 3141 2048 3203 sit
2078 3141 2144 3203 in
2176 3140 2331 3205 cari·
2437 3158 2589 3221 gum
2639 3142 2909 3205 habetur
2942 3160 2956 3205 :
3002 3142 3259 3206 Addidit
3301 3142 3599 3206 Jonathas
3646 3143 3933 3225 deJcrare
3958 3161 4013 3266 ¹37
4028 3160 4201 3214 nemu.

836 3248 966 3304 tate
1011 3248 1076 3303 et
1123 3248 1289 3304 statu
1338 3240 1582 3319 salutis,
1618 3259 1698 3303 an
1749 3240 1813 3302 in
1859 3248 2118 3323 peccato
2168 3258 2331 3303 mor·
2438 3239 2655 3302 David.

835 3338 982 3419 tali3
1016 3339 1236 3421 sicque
1263 3340 1512 3418 ignorat
1545 3359 1626 3402 an
1657 3348 1976 3402 mereatur
2005 3346 2068 3403 et
2097 3338 2329 3418 dignus
2500 3343 2636 3401 Hoc
2659 3350 2749 3401 est
2771 3342 3123 3418 pessimum
3148 3342 3319 3400 inter
3345 3343 3567 3401 omnia
3595 3360 3739 3420 quoe
3759 3346 3933 3420 flunt

839 3437 924 3501 sit
961 3438 1159 3501 amari
1190 3457 1227 3500 a
1262 3438 1404 3515 DeO,
1437 3458 1519 3501 an
1551 3438 1701 3502 odio
1742 3437 1963 3501 haberi
2001 3439 2080 3502 ab
2123 3456 2223 3501 eo.
2254 3438 2332 3499 Et
2439 3440 2555 3498 sub
2591 3442 2740 3506 sole,
2770 3441 2929 3519 quia
2967 3442 3188 3500 eadem
3225 3441 3472 3499 eunctis
3508 3442 3839 3508 eveniunt,
3872 3439 3933 3504 id

843 3538 1137 3618 quamvis
1165 3538 1528 3622 experiatur
1555 3534 1623 3600 se
1651 3538 1848 3600 Deum
1874 3537 2154 3618 diligere,
2169 3537 2332 3617 igno-
2442 3543 2560 3612 est,
2592 3536 2827 3599 similia
2860 3537 3240 3617 contingunt
3277 3536 3655 3618 quibusdam
3686 3538 3765 3601 de
3802 3556 3938 3602 om-

843 3644 938 3699 rat
971 3644 1180 3701 tamen
1210 3657 1292 3700 an
1322 3637 1545 3718 diligat
1578 3637 1772 3699 Deum
1801 3637 2062 3700 caritate
2090 3635 2328 3713 infusa,
2444 3636 2511 3697 ni
2554 3654 2788 3717 genere
2834 3636 3192 3698 hominum.
3241 3636 3361 3699 Sed
3405 3654 3603 3717 quum
3648 3637 3820 3700 istud
3860 3656 3934 3700 ex

843 3755 923 3799 an
965 3737 1170 3801 solum
1207 3736 1480 3800 naturali
1515 3744 1579 3799 et
1608 3735 1924 3818 acquisito
1958 3753 2175 3798 amore
2208 3753 2222 3798 ε
2258 3754 2333 3799 eo
2444 3734 2664 3798 divina
2725 3734 3149 3816 providentia,
3202 3753 3328 3797 non
3389 3733 3527 3797 sine
3575 3734 3935 3798 rationabili

842 3836 1011 3919 quod
1057 3842 1233 3898 tanta
1270 3835 1354 3897 sit
1391 3834 1745 3897 similitudo
1783 3842 1847 3896 et
1886 3834 2335 3899 convenientia
2370 3830 2414 3895 C
2443 3851 2633 3897 causa
2676 3833 2999 3915 procedat,
3043 3834 3361 3913 quomodo
3402 3832 3751 3915 pessimum
3796 3836 3935 3897 est?

842 3943 1097 3998 actuum
1129 3935 1354 3997 harum
1387 3935 1653 3996 duarum
1685 3932 2123 4010 dilectionum,
2161 3934 2332 4015 quod
2442 3932 2519 3993 Et
2550 3931 3085 4013 respondendum,
3120 3931 3290 4013 quod
3330 3931 3677 4013 pessimum
3719 3940 3836 4007 est,
3870 3932 3933 3995 id

839 4033 1030 4098 homo
1061 4050 1190 4097 non
1219 4032 1386 4096 valet
1417 4031 1584 4094 inter
1606 4049 1713 4095 eos
1745 4040 1917 4095 certo
1943 4031 2328 4109 discernere,
2442 4038 2539 4093 est
2586 4031 2769 4094 valde
2818 4028 3249 4111 periculosum
3299 4029 3810 4111 quampluribuS,
3846 4040 3938 4094 at-

840 4140 913 4195 ut
962 4130 1386 4194 communiter
1438 4130 1662 4193 dicunt
1712 4130 2022 4194 doctores,
2069 4130 2335 4193 Verum·
2444 4148 2571 4211 que
2618 4130 2865 4193 occasio
2915 4127 3216 4191 vitiorum
3265 4128 3636 4191 multorum.
3677 4128 3937 4212 Propter

839 4238 1052 4293 tamen
1100 4228 1288 4292 multi
1335 4246 1452 4311 pro
1501 4235 1674 4291 certo
1721 4228 1953 4304 sciunt,
2007 4237 2118 4291 aut
2171 4229 2335 4292 scire
2443 4227 2613 4310 quod
2657 4226 2999 4289 subditur:

839 4336 1130 4411 possunt,
1153 4346 1222 4391 se
1251 4346 1390 4391 esse
1420 4328 1488 4389 in
1517 4328 1794 4410 peccatis
1825 4327 2222 4405 mortalibuS,
2247 4337 2336 4390 at·
2540 4328 2713 4387 Unde
2754 4335 2813 4385 et
2858 4329 3052 4387 corda
3094 4327 3388 4403 filiorum
3436 4325 3774 4387 hominum
3818 4328 3937 4387 im-

841 4445 967 4510 que
1010 4426 1093 4489 ob
1137 4427 1256 4490 hoc
1304 4427 1429 4489 Deo
1478 4444 1618 4489 esse
1662 4426 1933 4489 odibiles
1983 4428 2333 4490 secundum
2436 4429 2708 4503 plentur
2742 4426 3027 4495 malitia,
3064 4424 3126 4486 id
3172 4432 3289 4500 est,
3324 4423 3389 4486 in
3429 4423 3605 4486 vitiis
3648 4442 3939 4506 perseve-

841 4534 1219 4610 praesentem
1249 4524 1595 4607 justitiam3
1619 4523 1777 4607 quid
1808 4532 2018 4587 autem
2052 4522 2337 4587 finaliter
2448 4530 2590 4586 rant
2632 4542 2705 4585 ac
2748 4522 3181 4600 habituantur,
3218 4521 3357 4586 sine
3400 4521 3630 4586 timore
3673 4541 3938 4604 peccan-

845 4622 963 4687 fiet
1003 4624 1082 4687 de
1124 4623 1238 4701 eis,
1285 4623 1598 4703 ignorant.
2446 4623 2549 4698 do,
2596 4629 2668 4685 ut
2716 4622 2955 4684 dictum
3007 4629 3123 4698 est,
3170 4639 3371 4704 quum
3418 4620 3676 4685 videant
3724 4622 3939 4684 omnia

925 4726 1055 4787 Sed
1081 4723 1305 4785 omnia
1341 4724 1416 4784 in
1446 4723 1756 4801 futurum
1794 4731 2207 4783 reservantur
2235 4724 2340 4783 in·
2447 4720 2629 4802 quasi
2661 4719 3108 4783 indifferenter
3137 4719 3323 4783 bonis
3354 4728 3415 4783 et
3446 4719 3631 4782 malis
3660 4720 3938 4784 homini-

844 4831 1016 4883 certa
1053 4843 1076 4882 .·
1115 4821 1178 4884 id
1222 4828 1340 4896 est,
1388 4821 1552 4883 Deus
1592 4818 1852 4883 interim
1902 4818 2020 4881 ista
2061 4819 2341 4883 occultat
2448 4818 2568 4882 bus
2598 4818 2878 4882 evenire.
2909 4818 3362 4881 Verumtamen
3396 4817 3567 4890 talia,
3600 4837 3746 4900 quae
3776 4818 3843 4881 in
3871 4838 3939 4882 se

846 4918 1236 4995 hominibuS,
1271 4918 1382 4981 sed
1421 4918 1487 4980 in
1529 4916 1746 4980 futuro
1785 4916 2064 4997 generali
2096 4916 2339 4997 judicio
2448 4936 2577 4981 non
2626 4926 2776 4980 sunt
2822 4917 2991 4981 bona
3034 4924 3145 4980 aut
3190 4916 3359 4979 mala
3405 4917 3754 4994 moraliter,
3799 4936 3940 4999 quae

843 5016 1145 5082 omnibus
1181 5016 1540 5080 innotescet
1566 5014 1712 5098 quis
1743 5034 1780 5078 a
1809 5014 1936 5078 Deo
1975 5014 2218 5078 electus
2256 5016 2341 5079 sit
2371 5017 2420 5078 D
2448 5016 2691 5081 scilicet
2727 5016 2916 5097 justis
2954 5025 3017 5079 et
3054 5015 3313 5097 injustis
3359 5015 3724 5078 communia
3764 5024 3934 5093 sunt,

843 5125 903 5179 et
932 5114 1216 5189 dilectuS,
1237 5122 1301 5177 et
1327 5114 1474 5196 quis
1503 5113 1866 5197 praescitus3
1897 5134 1964 5174 eo
1993 5118 2167 5194 quod
2192 5117 2339 5176 uni·
2446 5114 2812 5198 philosophi
2861 5122 3093 5179 vocant
3129 5113 3298 5177 bona
3342 5113 3553 5177 media
3593 5132 3705 5176 seu
3752 5112 3939 5176 indif-

843 5237 1050 5300 versa,
1100 5213 1346 5278 scilicet
1399 5232 1706 5296 prospera
1748 5222 1814 5276 et
1868 5214 2154 5293 adversa,
2206 5214 2337 5277 vita
2446 5212 2758 5292 ferentia3
2817 5213 2927 5275 sed
2991 5212 3181 5293 vulgo
3248 5231 3415 5296 saepe
3472 5212 3769 5295 pessima,
3830 5223 3939 5275 aut

840 5315 1029 5395 longa
1055 5323 1119 5376 et
1157 5312 1392 5390 breviS,
1427 5310 1582 5375 vitia
1618 5320 1680 5375 et
1709 5311 1999 5389 virtutes,
2030 5333 2232 5393 oeque,
2268 5311 2331 5375 id
2442 5312 2633 5375 etiam
2665 5311 2908 5394 optima
2942 5329 3083 5374 esse
3111 5310 3429 5374 videntur.
3466 5309 3793 5393 Siquidem
3824 5311 3935 5375 do—

4072 3349 4105 3403 3
