4284 6267
538 1102 611 1144 Ps.
624 1114 785 1153 cxxxiv,

560 1487 707 1530 Marc.
730 1501 769 1529 iv

524 1553 591 1617 ³⁹?

521 1784 659 1841 Αροο.
670 1787 766 1836 vini
775 1816 786 1829 .

522 2280 600 2321 Pe.
611 2280 779 2330 xxxu,7.

528 2475 612 2519 :012
622 2489 787 2529 xxxvui,

539 2570 631 2645 :len
648 2615 692 2650 v.
705 2603 773 2645 22.

546 2772 684 2815 Pwv.
700 2784 787 2825 vm,

522 2836 591 2878 27.

565 3565 667 3609 Aet.
688 3580 787 3623 xvu,

523 3629 589 3681 u,
611 3629 679 3677 2⁶.

552 4153 661 4197 Gen.
678 4167 707 4206 1,
720 4156 759 4198 ⁹.

814 492 929 559 184

1454 512 1803 559 ENARRATIO
1846 512 1909 557 m
1952 512 2091 559 cAP.
2138 512 2265 557 XXX
2307 510 2791 557 Pnovnnmomm.
2838 530 2919 539 —
2962 510 3103 556 ΛΒΤ.
3149 510 3277 555 XXX

814 702 949 745 mas
1010 683 1370 761 hominum,
1428 683 1555 747 imo
1603 692 1667 747 et
1716 683 2013 766 spiritum
2063 684 2318 765 jumen·
2347 680 2395 742 A
2429 688 2554 743 tam
2594 681 2791 746 Deum
2835 689 3206 757 creatorem,
3247 700 3436 763 quam
3479 678 3708 742 Filium
3745 680 3910 761 ejus’

814 789 1023 845 torum
1061 799 1074 842 :
1110 784 1415 864 quoniam
1454 783 1594 845 sine
1636 781 2002 846 incessabili
2037 789 2318 844 manute-

816 880 1033 942 nentia
1065 879 1399 958 Creatoris,
1436 881 1611 944 nulla
1650 889 1940 945 ereatura
1984 887 2199 963 posset
2237 882 2317 943 ad

816 987 1209 1041 momentum
1268 980 1639 1043 subsistere.
1701 979 1998 1043 Continet
2055 998 2316 1061 quoque

816 1086 1040 1140 ventos
1091 1077 1157 1138 in
1208 1096 1401 1139 manu
1462 1097 1598 1155 sua,
1655 1097 1813 1159 quos
1873 1079 1951 1141 de
2000 1077 2314 1141 thesauris

816 1175 947 1237 suis
978 1175 1287 1257 producit,
1303 1185 1492 1257 atque
1522 1176 1600 1239 ad
1632 1176 1886 1238 libitum
1918 1196 2103 1238 suum
2137 1176 2316 1238 emit-

816 1273 893 1335 tit
941 1281 1005 1336 et
1046 1274 1330 1353 retrahit,
1380 1282 1571 1356 auget
1616 1294 1691 1337 ac
1742 1275 1994 1337 minuit.
2032 1274 2208 1348 Quod
2251 1283 2315 1336 et

816 1372 1049 1453 exponi
1090 1380 1298 1454 potest
1329 1373 1407 1435 de
1445 1372 1717 1451 Christ0,
1752 1374 1831 1435 de
1870 1392 1999 1454 quo
2029 1372 2262 1453 legitur
2297 1390 2310 1435 :

775 1467 1093 1551 ,Surgens
1139 1469 1339 1547 IesuS,
1392 1471 1813 1535 comminatus
1860 1480 1958 1533 est
2004 1480 2216 1547 vento,
2251 1480 2314 1535 et

817 1567 979 1629 dixit
1026 1568 1207 1646 mari,
1251 1569 1431 1647 Tace,
1486 1578 1549 1632 et
1592 1569 1991 1650 obmutesce3
2038 1578 2101 1633 et
2149 1568 2314 1633 facta

817 1674 913 1729 est
943 1667 1372 1749 tranquillitas
1405 1686 1655 1749 magna.
1688 1669 1973 1751 Denique
2001 1668 2312 1750 scriptum

817 1773 914 1828 est
960 1782 975 1827 τ
1022 1764 1167 1829 Vidi
1210 1776 1483 1848 quatuor
1525 1767 1785 1847 angelos
1836 1775 2073 1830 stantes
2121 1785 2312 1848 super

2427 780 2954 844 innominabilem
2986 789 3049 844 et
3081 777 3785 863 incomprehensibilem
3817 798 3918 841 es-

2426 899 2515 942 se.
2547 880 2727 944 Unde
2756 880 3179 953 concluditur,
3205 879 3402 942 Filius
3431 878 3565 955 Dei,
3597 879 3721 941 Deo
3749 876 3914 939 Patri

2424 998 2564 1041 esse
2594 979 2858 1061 aequalis
2895 988 2958 1042 et
2987 978 3570 1053 consubstantialiS,
3605 996 3677 1040 ac
3716 976 3916 1039 incre—

2424 1086 2586 1140 atus,
2620 1078 2838 1141 Omnis
2881 1079 3120 1141 etenim
3165 1096 3326 1160 pura
3362 1086 3670 1152 creatura,
3712 1076 3915 1138 nomi-

2425 1176 2663 1239 nabilis
2693 1176 3422 1259 comprehensibilisque
3450 1174 3742 1239 consistit
3754 1193 3770 1255 3
3795 1193 3912 1237 nec

2425 1275 2749 1357 Scriptura
2788 1276 3009 1339 divina
3039 1275 3256 1353 alicui,
3289 1275 3414 1337 nisi
3452 1292 3600 1337 vero
3631 1275 3776 1350 Dc0,
3811 1274 3910 1335 in-

2423 1374 2997 1437 nominabilitatem
3019 1382 3082 1437 et
3103 1372 3912 1456 incomprehensibilitatem

2421 1471 2748 1536 adscribit.
2781 1473 2926 1537 Ideo
2955 1481 3252 1556 praetacta
3281 1470 3908 1536 exeaecatissimorum

2420 1572 2825 1636 Hebraeorum
2855 1578 3099 1635 extorta
3127 1572 3389 1635 omnino
3418 1590 3491 1634 ac
3523 1569 3696 1632 fatua
3722 1587 3912 1651 expo-

2421 1671 2590 1745 sitio,
2626 1671 2706 1733 de
2744 1670 2952 1753 Moyse
2989 1670 3256 1753 ejusque
3297 1668 3440 1734 silio
3477 1667 3778 1752 praedicta
3806 1686 3910 1730 ex-

2421 1787 2687 1852 ponenS,
2732 1770 2874 1831 ideo
2920 1767 3001 1831 ab
3042 1769 3134 1831 eis
3177 1766 3455 1831 conficta
3496 1774 3613 1844 est,
3666 1785 3746 1829 ne
3791 1765 3908 1829 hac

815 1872 1089 1945 quatuor
1134 1864 1403 1945 angulos
1452 1873 1656 1943 terrae,
1702 1873 1989 1928 tenentes
2036 1872 2312 1947 quatuor
2345 1868 2390 1929 B
2420 1868 2699 1931 evidenti
2723 1868 3095 1954 auctoritate
3114 1876 3492 1949 cogerentur
3513 1867 3770 1929 unicum
3797 1864 3902 1927 Dei

817 1970 1063 2039 ventOS,
1099 1982 1180 2025 ne
1220 1962 1474 2027 flarent.
1512 1966 1667 2033 Quis
1695 1967 2051 2042 colliyavit‚
2086 1964 2149 2026 id
2189 1972 2307 2042 est,

817 2060 989 2123 infra
1041 2062 1345 2125 terminos
1390 2063 1511 2125 sibi
1562 2062 1861 2146 praefixos
1914 2064 2181 2126 arctavit
2238 2083 2310 2128 ac

816 2167 1013 2237 tenet,
1047 2177 1267 2239 aquas·
1291 2162 1485 2223 maris
1524 2162 1756 2225 Oceani
1795 2165 1985 2241 quasi
2024 2165 2096 2223 in
2126 2164 2311 2224 vesti-

816 2261 1069 2320 mento?
1093 2258 1272 2340 juxta
1301 2258 1460 2323 illud
1490 2260 1745 2337 Psalmi,
1768 2259 2170 2341 Congregans
2200 2260 2312 2323 sic-

816 2364 888 2419 ut
938 2356 1004 2419 in
1055 2365 1195 2420 utre
1244 2377 1439 2439 aquas
1483 2358 1699 2420 maris,
1752 2358 1843 2421 Ad
1890 2359 2005 2421 Job
2055 2377 2310 2441 quoque

816 2455 981 2518 Deus
1011 2456 1261 2519 locutus
1289 2464 1419 2519 est:
1447 2457 1597 2532 Quis
1629 2457 1942 2520 conclusit
1971 2458 2152 2522 ostiis
2182 2478 2313 2520 ma-

817 2557 919 2616 re‘l
948 2554 1026 2617 Et
1058 2573 1170 2637 per
1198 2555 1571 2638 Prophetam
1601 2556 1757 2620 dicit
1791 2574 1804 2617 :
1840 2555 2021 2619 Posui
2050 2576 2308 2620 arenam

815 2653 1160 2715 terminum
1212 2654 1394 2716 mari.
1452 2654 1533 2717 De
1581 2654 1701 2719 hoc
1752 2656 1990 2719 dictum
2040 2664 2137 2718 est
2184 2656 2312 2737 ple-

817 2749 963 2812 nius
996 2770 1211 2833 supra,
1236 2771 1429 2834 super
1460 2752 1616 2815 illud
1648 2770 1662 2815 :
1695 2753 1877 2817 Certa
1906 2753 2043 2834 lege
2072 2762 2135 2817 et
2155 2774 2310 2837 gyro

817 2848 1098 2914 vallabat
1126 2848 1407 2933 abyssos,

898 2951 1057 3018 Quis
1098 2951 1437 3011 suscitavit
1480 2971 1693 3013 omnes
1743 2954 2044 3013 terminos
2085 2955 2312 3013 terrae?

2419 1965 2648 2028 Filium
2697 1976 2760 2029 et
2804 1968 2941 2050 ejus
2982 1967 3280 2030 deitatem
3328 1965 3546 2046 fateri3
3578 1983 3773 2047 quum
3818 1972 3907 2027 ta·-

2419 2082 2564 2126 men
2613 2064 2804 2125 etiam
2857 2083 3047 2146 supra
3096 2065 3174 2127 de
3225 2071 3460 2126 aeterna
3501 2062 3906 2143 generat-ione

2419 2181 2493 2224 ac
2521 2162 2755 2224 deitate
2793 2162 2938 2224 Filii
2969 2163 3101 2238 Dei,
3128 2162 3422 2225 Salomon
3453 2160 3790 2224 manifeste
3817 2161 3908 2224 lo-

2419 2268 2602 2323 eutus
2635 2260 2737 2338 sit,
2773 2260 2938 2323 sicut
2968 2260 3057 2323 ibi
3090 2260 3424 2343 probatum
3453 2268 3570 2323 est.
3603 2259 3905 2341 Denique,

2419 2358 2715 2440 quamvis
2754 2358 2915 2421 Deus
2955 2359 3134 2422 Pater
3176 2367 3238 2422 et
3276 2358 3474 2421 Filius
3515 2360 3677 2440 ejuS,
3710 2357 3909 2419 multa

2421 2456 2696 2519 habeant
2739 2457 3023 2535 nomina,
3057 2456 3261 2520 nihilo
3304 2457 3517 2519 minus
3557 2456 3910 2519 innomina-

2422 2553 2581 2618 biles
2621 2574 2761 2618 esse
2798 2555 3115 2633 dicuntur,
3152 2556 3454 2637 quoniam
3495 2553 3672 2617 nullo
3707 2554 3909 2617 nomi-

2421 2673 2500 2716 ne
2530 2653 2815 2736 perfecte
2853 2662 3120 2738 possunt
3157 2654 3451 2735 cognosci
3489 2661 3598 2717 aut
3629 2672 3910 2734 compre-

2419 2752 2634 2815 hendi.
2669 2752 2925 2830 Idcirco,
2961 2761 3121 2817 teste
3147 2754 3469 2836 Apostolo,
3507 2754 3662 2815 Deus
3703 2752 3904 2815 lucem

2419 2850 2664 2914 habitat
2708 2851 3212 2915 inaccessibilem
3249 2869 3263 2914 :
3296 2860 3360 2915 et
3399 2851 3519 2914 hoc
3557 2851 3765 2933 ipsum
3805 2870 3908 2914 co-

2417 2958 2775 3031 gnoverunt
2808 2950 3196 3033 philosophi.
3220 2950 3398 3013 Unde
3426 2958 3599 3013 sexta
3627 2950 3908 3033 proposi-

817 3045 881 3109 id
929 3055 1045 3124 est,
1089 3047 1233 3129 quis
1285 3047 1351 3109 in
1395 3066 1533 3111 esse
1582 3049 1880 3131 produxit
1925 3049 2141 3113 orbem
2187 3059 2310 3112 ter·
2346 3053 2389 3116 C
2420 3050 2592 3112 tione
2622 3048 2768 3112 libri
2794 3051 2874 3113 de
2903 3048 3678 3125 CausiS‚habetur:Causa
3707 3047 3906 3131 prima

816 3164 1052 3223 rarum,
1104 3154 1171 3209 et
1215 3148 1522 3211 terminos
1574 3155 1756 3211 terrae
1803 3148 2172 3211 habitabilis
2229 3147 2310 3211 ab

816 3244 1001 3325 aquis
1042 3263 1180 3309 esse
1220 3245 1653 3329 discoopertos
1692 3248 1996 3331 praecepit
2026 3267 2099 3311 ac
2132 3246 2306 3325 fecit,

818 3352 1010 3426 atque
1067 3363 1181 3426 per
1236 3344 1513 3423 climata,
1567 3364 1759 3426 regna
1818 3346 2312 3429 provinciasque

817 3442 1141 3505 distinxit?
1185 3443 1413 3525 Utique
1457 3444 1743 3508 omnium
1785 3446 2075 3509 conditor
2122 3446 2306 3508 Deus,

816 3540 903 3603 De
946 3560 1074 3624 quo
1122 3542 1405 3624 loquitur
1447 3543 1674 3606 Paulus
1726 3561 1740 3605 ε
1792 3545 1953 3607 Deus
2001 3545 2113 3626 qui
2161 3544 2313 3608 fecit

817 3640 1148 3718 mundum,
1190 3648 1254 3703 et
1300 3641 1517 3704 omnia
1566 3661 1708 3723 quae
1758 3642 1823 3704 in
1873 3662 1947 3706 eo
1991 3651 2160 3720 sunt,
2206 3644 2311 3708 hic

817 3738 964 3801 coeli
996 3746 1059 3802 et
1099 3746 1281 3803 terrae
1324 3759 1523 3821 quum
1566 3740 1648 3802 sit
1687 3741 2012 3816 DominuS,
2049 3740 2203 3805 fecit
2234 3762 2312 3807 ex

815 3855 945 3900 uno
974 3856 1163 3901 omne
1194 3858 1394 3919 genus
1432 3838 1763 3902 hominum
1811 3839 2168 3905 inhabitare
2207 3863 2312 3905 su-

815 3954 932 4018 per
961 3935 1325 4000 universam
1358 3936 1587 4000 faciem
1619 3946 1822 4015 terrae,
1842 3938 2162 4003 definiens
2192 3950 2312 4003 sta-

817 4040 953 4095 tuta
1022 4042 1329 4116 tempora,
1399 4043 1462 4097 et
1519 4036 1825 4099 terminos
1895 4037 2310 4102 habitationis

816 4150 1059 4195 eorum.
1108 4131 1193 4195 De
1241 4151 1369 4214 quo
1414 4130 1617 4196 fertur
1652 4151 1665 4196 ε
1698 4134 1867 4197 Dixit
1907 4135 2069 4198 Deus
2104 4155 2117 4199 :
2152 4136 2312 4200 Con-

2421 3155 2517 3211 est
2547 3148 2840 3230 superior
2870 3148 3046 3213 omni
3079 3148 3460 3225 narratione,
3489 3147 3790 3228 quoniam
3822 3147 3910 3230 ip-

2421 3266 2490 3309 sa
2527 3255 2622 3309 est
2661 3266 2853 3330 supra
2890 3266 3142 3311 omnem
3183 3265 3461 3323 causam,
3503 3254 3568 3309 et
3611 3265 3738 3311 non
3768 3265 3910 3308 nar-

2422 3352 2618 3421 ratur,
2653 3345 2777 3407 nisi
2800 3364 2915 3428 per
2941 3365 3162 3408 causas
3195 3345 3527 3408 secundaS.
3561 3344 3712 3407 Item
3742 3345 3910 3408 vice-

2422 3443 2583 3506 sima
2631 3445 2909 3507 secunda
2953 3444 3387 3528 propositione
3434 3444 3718 3525 ejusdem
3758 3443 3906 3506 libri

2422 3540 2784 3607 inducitur:
2807 3542 3005 3605 Causa
3031 3544 3234 3625 prima
3262 3551 3360 3606 est
3390 3562 3576 3625 super
3597 3560 3780 3606 omne
3805 3561 3911 3607 no-

2422 3659 2571 3703 men
2619 3660 2745 3722 quo
2791 3641 3177 3703 nominatur.
3222 3641 3307 3703 De
3349 3641 3469 3704 hoo
3511 3640 3579 3702 in
3623 3640 3910 3703 Elemen-

2419 3739 2657 3802 tatione
2708 3739 3062 3819 theologica
3103 3738 3304 3803 Procli
3353 3739 3656 3803 Platonici
3709 3739 3910 3803 multa

2421 3837 2742 3900 subtiliter
2779 3838 3290 3901 conscribuntur.

2502 3938 2725 4000 Omnis
2760 3958 2962 3998 sermo
3003 3940 3122 3998 Dei
3157 3940 3431 4014 iynicus,
3465 3936 3528 4000 id
3573 3945 3670 4000 est
3710 3957 3907 4019 purus

2417 4034 2500 4097 ab
2528 4035 2702 4099 omni
2743 4054 2957 4099 errore
2993 4044 3058 4098 et
3097 4034 3455 4117 iniquitate,
3494 4044 3790 4117 tanquam
3825 4035 3906 4099 ab

2421 4134 2702 4197 increata
2730 4133 3008 4198 Veritate
3045 4154 3370 4211 emananS,
3403 4154 3475 4198 ac
3517 4135 3830 4199 revelatus
3870 4154 3908 4198 a

814 4239 1157 4311 gregentur
1182 4249 1365 4312 aquae
1392 4250 1535 4313 quae
1567 4231 1687 4294 sub
1724 4232 1885 4295 eoelo
1917 4243 2086 4311 sunt,
2123 4234 2190 4297 in
2222 4236 2310 4299 lo-
2341 4236 2389 4297 D
2420 4232 2658 4315 Spiritu
2702 4232 2953 4312 Sancto,
2984 4253 3056 4297 ac
3085 4234 3225 4316 ejus
3255 4234 3606 4298 directione
3633 4234 3909 4297 conscri-

814 4346 958 4391 cum
992 4347 1217 4405 unum,
1249 4336 1312 4391 et
1344 4338 1648 4412 appareat
1684 4331 1883 4393 arida.
1916 4332 2075 4397 Hinc
2116 4333 2182 4395 in
2213 4334 2310 4397 Ti-

812 4444 972 4489 maeo
1014 4426 1315 4490 disseruit
1355 4428 1549 4506 Plato,
1587 4429 1757 4511 quod
1797 4429 2013 4512 opifex
2043 4431 2208 4495 Deus
2240 4434 2306 4495 in

810 4524 1069 4588 exordio
1098 4524 1291 4606 jussit
1321 4533 1576 4603 terram,
1614 4532 1914 4608 tanquam
1946 4538 2213 4592 matrem
2244 4540 2310 4593 et

809 4621 1097 4685 altricem
1128 4630 1502 4687 cunctorum
1545 4623 1943 4702 animalium,
1980 4644 2095 4708 pro
2124 4636 2306 4710 parte

810 4738 949 4782 esse
986 4718 1067 4782 ab
1112 4720 1297 4802 aquis
1336 4722 1661 4799 nudatam,
1696 4730 1768 4784 ut
1809 4722 2187 4788 habitationi
2233 4746 2306 4790 ac

810 4817 1295 4881 necessitatibus
1327 4818 1660 4881 hominum
1692 4827 1757 4882 et
1786 4829 2139 4885 ceterorum
2171 4824 2307 4886 ani-

812 4916 1125 4979 mantium
1157 4916 1526 4980 deserviret.

902 5018 1084 5085 Quod
1124 5035 1355 5076 nomen
1402 5027 1492 5077 esc
1538 5018 1703 5094 ejece,
1751 5028 1811 5079 ec
1858 5022 2027 5099 quod
2074 5040 2305 5085 nomen

806 5115 944 5191 filii
988 5114 1145 5191 ejus,
1190 5116 1251 5174 si
1290 5116 1503 5175 nosti?
1534 5114 1693 5178 Ecce
1736 5115 1841 5179 hic
1884 5116 2182 5181 Salomon
2226 5122 2305 5183 de

807 5210 989 5275 Patre
1018 5220 1276 5291 aeterno,
1310 5220 1372 5275 et
1401 5212 1731 5293 unigenito
1770 5216 1908 5297 ejus
1940 5215 2098 5280 Filio
2127 5237 2304 5302 aper-

809 5308 1055 5373 tissime
1096 5309 1401 5393 loquitur,
1435 5310 1767 5376 insinuans
1809 5322 1873 5377 et
1917 5323 2300 5398 protestans,

2418 4340 2588 4413 ptus,
2620 4332 2799 4395 Circa
2837 4332 2958 4395 hoc
2995 4332 3221 4396 asserit
3257 4331 3476 4395 Glossa
3509 4349 3524 4394 :
3558 4332 3908 4415 Proprieta-

2418 4437 2544 4492 tem
2575 4429 2772 4494 Graeci
2809 4431 3110 4508 nominiS,
3144 4432 3315 4514 quod
3353 4439 3450 4494 est
3486 4434 3900 4517 πεπυρωμένος,

2418 4547 2533 4610 pro
2577 4548 2705 4610 quo
2745 4530 3037 4606 habetur,
3073 4531 3332 4610 ignitus,
3368 4549 3566 4592 unum
3612 4528 3902 4591 Latinum

2417 4646 2648 4690 nomen
2683 4647 2810 4692 non
2842 4629 3162 4712 exprimit.
3193 4630 3344 4692 Nam
3375 4629 3718 4711 aliquando
3747 4628 3908 4707 igni-

2417 4734 2576 4803 tum,
2629 4726 2973 4809 aliquando
3023 4727 3449 4791 examinatum
3501 4725 3902 4790 transfertur.

2417 4830 2470 4885 Π
2479 4829 2830 4909 πεπυρωμένος
2859 4843 3008 4906 ergo
3037 4824 3376 4906 significat,
3395 4826 3566 4906 quod
3592 4825 3738 4906 igne
3763 4842 3908 4889 con·

2416 4921 2645 4986 flatum
2706 4932 2801 4987 est
2853 4933 3048 5006 atque
3101 4932 3459 5007 purgatum.
3511 4923 3686 4987 Sicut
3729 4924 3902 4987 enim

2414 5022 2672 5085 metalla
2715 5021 2996 5087 conflata
3038 5023 3208 5105 igne,
3242 5023 3490 5085 sordem
3535 5021 3601 5084 in
3645 5042 3712 5085 se
3753 5022 3905 5085 alie-

2415 5141 2564 5184 nam
2611 5140 2738 5184 non
2785 5122 3091 5202 retinent3
3127 5122 3213 5184 ita
3255 5121 3581 5202 eloquium
3625 5120 3897 5198 Domini,

2414 5219 2507 5282 nil
2570 5218 2865 5282 falsitatis
2927 5219 3118 5283 habet
3175 5220 3547 5281 admixtum.
3600 5218 3776 5281 Unde
3833 5218 3900 5281 in

2412 5318 2658 5382 Psalmo
2709 5336 2723 5380 :
2773 5317 3042 5400 Eloquia
3089 5316 3362 5395 Domini,
3405 5316 3658 5399 eloquia
3701 5323 3894 5393 casta,

3957 2075 4113 2118 Pron.
4132 2090 4222 2123 vm.

3935 2140 3985 2167 00

3936 2165 4004 2181 uu·

3977 2778 4142 2821 [Tin.
4159 2792 4216 2827 τι,

3938 2843 4004 2886 1⁶.

3947 5344 4030 5390 Pe.
4049 5360 4105 5397 xi,
4129 5349 4168 5388 7.
