4284 6267
1118 535 1473 583 tumulo
1515 536 1580 581 m
1620 536 1757 584 GAP.
1803 537 1871 583 111
1910 536 2346 585 nccmsusrffl.
2391 558 2471 569 --
2511 540 2652 587 ΛΒΤ.
2699 540 2766 587 111

3368 524 3488 589 229

385 703 458 765 di
488 721 855 768 sermonem
872 684 971 767 'ex
1014 705 1500 769 auctoritatibus
1539 707 1888 790 Scriptura·
1916 704 1968 769 A
1998 708 2260 773 missive
2309 718 2419 773 aut
2468 709 2788 787 effective,
2818 713 2984 789 filiis
3020 714 3383 783 hominum,
3415 724 3488 775 ut

387 829 533 873 rum
562 820 760 893 atque
790 814 1147 877 doctorum.

496 914 771 988 Tempus
823 916 1106 982 tacendi,
1152 922 1213 975 et
1262 923 1510 992 tempus
1559 916 1883 994 loquendi.

384 1006 701 1081 Quocirca
740 1010 831 1071 ait
883 1009 1302 1092 Hieronymus
1357 1028 1371 1073 ε
1422 1012 1567 1075 Post
1613 1013 1887 1074 multum

384 1115 668 1190 tempuS,
694 1110 775 1171 de
804 1107 1141 1191 discipulis
1172 1108 1542 1173 efficiamur
1576 1111 1883 1191 magistri.

383 1205 579 1270 Porro
609 1206 853 1270 Seneca
883 1208 950 1269 in
981 1207 1115 1270 suis
1146 1208 1235 1270 ait
1264 1207 1658 1273 Proverbiis:
1693 1209 1890 1272 Locu-

384 1312 523 1366 tum
557 1323 664 1368 me
694 1305 1040 1388 aliquando
1070 1306 1402 1389 poenituit;
1428 1307 1717 1383 tacuisse,
1736 1327 1891 1371 nun-

384 1423 605 1486 quam.
640 1408 913 1482 Tempus
942 1407 1311 1467 dilectionis
1340 1406 1450 1469 Dei
1480 1414 1543 1469 et
1574 1408 1890 1488 proximo-

268 1562 283 1571 ,
386 1518 566 1581 rum3
614 1511 678 1561 et
728 1512 975 1579 tempus
1019 1505 1159 1564 odii
1211 1502 1507 1565 vitiorum
1559 1511 1624 1565 et
1666 1516 1887 1567 'eorum

385 1600 499 1680 qui
540 1599 731 1662 nobis
773 1600 839 1662 in
871 1600 976 1663 via
1005 1600 1116 1662 Dei
1158 1600 1501 1677 obsistunt,
1537 1603 1883 1665 secundum

84 1710 357 1801 gamunu.
382 1698 557 1779 quod
592 1698 752 1761 tales
788 1718 802 1763 :
836 1699 1015 1779 juxta
1044 1699 1218 1781 quod
1258 1699 1565 1781 scriptum
1602 1709 1720 1777 est,
1752 1701 1890 1763 Per-

384 1796 557 1859 fecto
588 1797 742 1860 odio
768 1798 1029 1861 oderam
1055 1797 1223 1861 illos.
1250 1797 1427 1861 Unde
1455 1806 1519 1861 et
1548 1798 1834 1861 Christus
1868 1820 1882 1864 ε

1997 809 2481 877 distendantur,
2529 808 2592 870 id
2639 817 2758 886 est,
2799 808 3230 873 diversimode
3275 819 3491 874 exten-

1998 905 2232 967 dantur
2262 914 2325 968 et
2353 915 2766 988 occupentur,
2787 909 2860 967 in
2889 928 2962 968 ea
2987 916 3344 988 :quatenus
3375 928 3490 991 per

2000 1003 2164 1067 hanc
2209 1004 2398 1066 etiam
2442 1024 2479 1067 a
2515 1004 2918 1085 gravioribus
2953 1005 3128 1069 vitiis
3167 1015 3231 1069 et
3269 1008 3490 1069 nimiis

1997 1102 2479 1165 carnalitatibus
2517 1102 2938 1179 retrahantur,
2983 1105 3488 1187 periculosisque

1995 1200 2145 1264 otiis
2193 1209 2470 1278 careant,
2516 1202 2810 1284 quamvis
2862 1202 2927 1265 in
2975 1222 3050 1267 ea
3094 1204 3170 1266 ad
3218 1204 3487 1267 salutem

1998 1319 2222 1381 parum
2264 1308 2374 1362 aut
2410 1300 2572 1362 nihil
2613 1299 2979 1382 proficiant.

2079 1400 2323 1460 Cuncta
2352 1400 2506 1476 fecit
2536 1400 2698 1462 Deus
2732 1403 2895 1462 bona
2928 1404 3001 1461 in
3034 1410 3308 1479 tempore
3344 1421 3483 1473 suc,

1998 1497 2061 1559 id
2094 1504 2210 1573 est,
2243 1497 2394 1559 dum
2434 1516 2508 1560 ea
2551 1498 2870 1580 produxit,
2903 1498 3038 1563 sive
3068 1498 3136 1561 in
3167 1499 3486 1582 principio

1996 1596 2246 1673 mundi,
2290 1614 2401 1658 seu
2436 1605 2682 1677 postea.
2716 1596 2894 1659 Unde
2934 1596 3002 1659 in
3049 1597 3274 1661 Genesi
3320 1618 3486 1681 saepe

1995 1693 2231 1756 dicitur
2250 1714 2264 1757 :
2286 1692 2461 1756 Vidit
2489 1694 2652 1756 Deus
2683 1695 2852 1776 quod
2883 1703 3048 1757 esset
3078 1694 3486 1760 bonum.0m-

1998 1810 2079 1855 ne
2117 1791 2292 1854 enim
2333 1801 2637 1867 creatum,
2672 1793 2917 1874 aliquid
2963 1794 3257 1857 incrcatoe
3297 1794 3483 1859 boni-

84 1915 349 1968 nemas.
384 1894 449 1958 Si
489 1894 642 1977 quis
678 1895 949 1977 (inquit)
989 1896 1167 1959 venit
1205 1897 1286 1959 ad
1327 1915 1451 1970 me,
1486 1905 1550 1959 et
1591 1915 1716 1960 non
1755 1898 1885 1960 odit
1923 1893 1969 1954 B
1998 1890 2145 1952 tatis
2187 1891 2544 1973 participat.
2577 1892 2720 1954 Ideo
2763 1892 2841 1954 ad
2883 1892 3282 1956 Timotheum
3327 1894 3485 1958 dicit

1996 1989 2336 2071 Apostolus
2374 2007 2387 2052 :
2420 1988 2638 2052 Omnis
2677 1998 2969 2053 creatura
2998 1991 3107 2053 Dei
3147 1990 3335 2055 bona.
3369 1992 3482 2056 Vel
3514 2009 3776 2061 trimani.

122 2210 309 2254 nidera.

103 2407 256 2451 Ima.

90 2472 153 2514 25.

86 3099 264 3203 ιξρὴα.
282 3115 307 3143 v

96 3396 171 3440 lob
188 3412 259 3449 vn,
288 3401 327 3441 ί.

90 3496 265 3601 ,ἐναύῃ
282 3511 325 3539 xx

120 4082 245 4124 Rom.
266 4095 345 4131 m,

89 4146 145 4185 te.

195 5152 261 5208 10

380 2003 635 2076 patrem
674 2013 863 2057 suum
893 2002 957 2057 et
986 2003 1277 2071 matrem,
1305 2014 1432 2059 non
1470 2003 1677 2077 potest
1708 2014 1887 2059 meus

380 2112 525 2156 esse
563 2092 948 2174 discipulus
999 2092 1264 2171 Rursus,
1303 2102 1555 2176 tempus
1604 2094 1735 2157 odii
1786 2096 1886 2157 sui

382 2192 616 2274 ipsiuS,
665 2191 833 2255 sicut
874 2191 1209 2274 subjunxit
1249 2212 1263 2257 :
1299 2193 1520 2255 Adhuc
1569 2201 1781 2256 autem
1823 2202 1888 2256 et

378 2290 663 2353 animam
698 2309 905 2353 suam.
948 2290 1091 2353 Ideo
1121 2299 1185 2353 et
1215 2290 1281 2352 in
1320 2290 1668 2371 Evangelio
1699 2291 1887 2355 Joan-

273 2424 349 2461 ιιι,
380 2390 485 2453 nis
545 2388 855 2470 loquitur,
910 2388 1129 2451 dicens
1178 2406 1193 2449 :
1245 2387 1363 2464 Qui
1422 2388 1555 2451 odit
1605 2390 1883 2453 animam

379 2506 569 2551 suam
618 2486 685 2549 in
735 2487 856 2550 hoc
904 2487 1165 2563 mund0,
1220 2487 1288 2549 in
1337 2486 1537 2550 vitam
1584 2496 1882 2551 aeternam

375 2587 665 2650 custodit
692 2605 858 2649 eam.
901 2586 1029 2649 Hoc
1066 2586 1287 2649 odium
1319 2593 1437 2663 est,
1474 2586 1881 2668 iniquitatem

375 2686 583 2760 odire,
638 2702 901 2766 pravam
964 2683 1449 2747 inclinationem
1509 2684 1879 2765 reprimere,

378 2784 665 2848 debitam
708 2801 826 2865 pro
872 2781 1149 2865 peccatis
1189 2782 1670 2863 castigationem
1712 2804 1884 2848 assu-

376 2902 580 2947 mere.
611 2886 884 2960 Tempus
914 2882 1087 2954 belli,
1121 2889 1344 2944 contra
1382 2880 1742 2945 invisibiles
1772 2882 1885 2947 ho-

376 2991 511 3045 stes
540 3000 615 3044 ac
643 2979 849 3043 aciem
883 2979 1207 3043 vitiorum.
1228 2980 1372 3043 Ideo
1401 2979 1693 3043 hortatur
1721 2982 1885 3062 Apo—

378 3178 681 3242 resistere
726 3176 793 3238 in
832 3175 934 3238 die
978 3175 1165 3253 mala,
1200 3184 1263 3238 et
1302 3176 1368 3238 in
1402 3175 1702 3240 omnibus
1742 3196 1884 3259 per-

379 3277 532 3341 fecti
577 3284 770 3338 stare.
806 3274 1065 3356 Nempe,
1097 3282 1171 3336 ut
1208 3283 1464 3338 sanctus
1507 3273 1623 3339 Job
1674 3275 1881 3337 fassus

376 3384 497 3453 est,
530 3373 755 3437 Militia
786 3380 883 3436 est
911 3372 1041 3436 vita
1080 3372 1361 3436 hominis
1394 3392 1587 3455 super
1617 3382 1875 3436 terram.

329 3530 344 3548 ,
374 3474 669 3538 Christus
717 3490 975 3554 quoque
1018 3470 1086 3532 in
1134 3470 1479 3551 Evangelio
1514 3492 1528 3536 :
1566 3472 1877 3553 Regnum,

374 3572 615 3654 inquit,
664 3569 969 3634 coelorum
1019 3569 1149 3632 vim
1198 3570 1457 3651 patitur,
1504 3578 1566 3633 et
1613 3569 1880 3632 violenti

375 3671 639 3754 rapiunt
683 3667 867 3731 illud.
902 3667 1062 3730 Hinc
1109 3666 1346 3730 Seneca
1390 3666 1677 3748 loquitur
1722 3688 1737 3732 ε
1780 3669 1883 3731 Pa-

372 3788 512 3831 cem
558 3768 796 3831 habeto
832 3785 979 3829 cum
1021 3765 1417 3843 hominibus,
1450 3764 1691 3829 bellum
1733 3786 1876 3830 cum

376 3867 575 3932 vitiis.
613 3870 698 3929 Εἰ
730 3877 978 3944 tempus
1010 3867 1195 3942 pacis
1234 3865 1499 3927 internae
1540 3884 1686 3927 cum
1727 3865 1874 3941 DeO‚

376 3966 554 4048 pacis
604 3983 865 4047 quoque
922 3962 1290 4045 temporalis
1338 3982 1483 4026 cum
1546 3963 1874 4045 proximiS,

378 4064 542 4128 sicut
574 4063 656 4126 ad
690 4062 1007 4125 Romanos
1042 4060 1275 4142 legitur
1310 4078 1324 4123 :
1366 4060 1432 4123 Si
1464 4060 1611 4124 sieri
1648 4069 1874 4143 potest,

379 4163 548 4246 quod
589 4180 667 4225 ex
695 4159 879 4224 vobis
918 4168 1037 4234 est,
1072 4180 1219 4223 cum
1263 4160 1564 4224 omnibus
1610 4160 1881 4223 homini-

1998 2088 2140 2151 ideo
2172 2088 2281 2161 ait,
2315 2088 2383 2150 ln
2427 2096 2712 2170 tempore
2750 2108 2888 2167 suo,
2923 2089 3225 2170 quoniam
3265 2111 3486 2173 quam-

1996 2186 2095 2250 vis
2140 2187 2432 2267 quaedam
2481 2187 2708 2251 nociva
2752 2188 2880 2250 sint
2926 2187 3194 2265 homini,
3229 2190 3320 2252 eis
3371 2189 3486 2252 im-

1998 2292 2270 2366 portune
2309 2284 2534 2359 utenti,
2571 2292 2781 2347 tamen
2815 2285 2868 2347 si
2909 2294 3192 2367 tempore
3237 2306 3373 2363 suc,
3416 2288 3480 2351 id

1995 2391 2090 2446 est
2119 2390 2502 2465 opportuno,
2538 2381 2628 2446 eis
2662 2392 2894 2460 utatur,
2914 2383 3082 2447 bona
3113 2393 3262 2447 sunt
3291 2385 3373 2448 ei.
3405 2390 3485 2449 Et

1996 2485 2318 2543 mundum
2343 2484 2620 2542 tradidit
2649 2484 3088 2561 disputationi
3115 2504 3335 2546 eorum
3364 2506 3386 2545 .·
3417 2485 3483 2547 id

1993 2587 2108 2655 est,
2158 2587 2477 2642 creaturas
2527 2588 2591 2642 et
2633 2580 2920 2643 ordinem
2958 2580 3246 2645 universi
3294 2602 3483 2665 expo-

1994 2677 2121 2740 suit
2175 2676 2431 2741 Creator
2484 2677 2979 2741 considerationi
3038 2679 3485 2761 disputationi-

1991 2795 2119 2858 que
2148 2775 2514 2856 hominum3
2544 2785 2616 2837 ut
2636 2796 2766 2837 non
2785 2779 3082 2838 inveniat
3101 2780 3283 2840 homo
3303 2800 3478 2859 opus,

1992 2879 2165 2956 quod
2212 2885 2509 2953 operatus
2555 2884 2644 2935 est
2692 2879 2888 2947 Deus,
2944 2875 3006 2938 id
3065 2884 3181 2953 est,
3236 2877 3480 2939 nullam

1992 2981 2346 3037 creaturam
2377 2972 2579 3054 possit
2609 2971 2892 3055 perfecte
2928 2981 2992 3036 et
3021 2973 3208 3056 plene
3247 2992 3480 3055 cogno-

312 3116 341 3151 t,
374 3077 927 3160 stoluszAccipite
954 3086 1339 3141 armaturam
1372 3079 1504 3154 Dei,
1524 3087 1595 3142 ut
1626 3080 1882 3161 possitis
1917 3074 1962 3137 C
1992 3091 2190 3148 scere,
2226 3072 2391 3135 sicut
2420 3071 2659 3135 dictum
2691 3079 2787 3135 est
2822 3091 3013 3154 supra
3047 3092 3060 3137 :
3093 3073 3346 3137 Cunctae
3380 3094 3480 3137 res

1991 3169 2342 3249 difficiles;
2385 3189 2512 3233 non
2552 3177 2760 3252 potest
2797 3189 2902 3231 eas
2942 3169 3134 3233 homo
3165 3171 3483 3253 explicare

1992 3286 2308 3331 sermone.
2342 3267 2418 3328 Et
2452 3268 2624 3349 quod
2653 3267 2763 3343 ait,
2788 3267 2866 3329 Ut
2895 3286 3022 3332 non
3058 3268 3343 3332 inveniat
3372 3270 3484 3333 ho-

1992 3384 2119 3441 m0,
2155 3364 2639 3446 intelligendum
2687 3366 2941 3429 videtur
2984 3367 3484 3431 concomitanter

1992 3464 2205 3547 potius
2248 3483 2443 3545 quam
2488 3464 2846 3541 causaliter,
2881 3464 3046 3528 sicut
3092 3466 3160 3528 in
3208 3465 3476 3543 PsalmO,

1992 3562 2131 3625 Tibi
2175 3561 2295 3625 soli
2344 3561 2626 3643 peccavi,
2658 3570 2726 3623 ut
2775 3563 3173 3643 justificeriS‚
3207 3571 3327 3627 etc.
3370 3564 3482 3627 Po-

1992 3669 2114 3725 test
2145 3670 2355 3723 tamen
2387 3660 2723 3723 causaliter
2751 3661 2978 3742 accipi,
3003 3662 3308 3743 quoniam
3338 3662 3481 3726 ideo

1989 3760 2195 3825 voluit
2223 3760 2385 3822 Deus
2416 3758 2708 3822 homines
2739 3759 2831 3822 sic
2861 3758 3139 3822 deficere
3170 3760 3233 3822 in
3265 3761 3481 3843 cogni-

1989 3858 2164 3922 tione
2192 3866 2648 3934 creaturarum,
2683 3865 2996 3938 quatenus
3025 3876 3101 3919 ex
3128 3858 3248 3922 hoc
3277 3866 3481 3921 atten-

1991 3959 2147 4021 dant
2184 3955 3016 4037 incomprehensibilitatem
3062 3963 3123 4019 et
3174 3957 3480 4020 excellen-

1991 4055 2145 4117 tiam
2188 4055 2520 4127 CreatoriS,
2556 4053 3192 4136 imbecillitatemque
3234 4056 3478 4137 proprii

1988 4153 2372 4216 intellectus.
2424 4151 2596 4225 Quod
2647 4161 2856 4215 autem
2920 4152 3351 4234 subjungitur,
3400 4157 3479 4216 ab

379 4261 497 4324 bus
529 4278 756 4343 pacem
786 4257 1302 4331 habentesQuod
1331 4258 1385 4320 si
1416 4258 1525 4320 alii
1561 4258 1880 4321 noluerint
1909 4257 1960 4319 D
1988 4253 2184 4312 initio
2235 4270 2434 4330 usque
2479 4253 2568 4310 ad
2609 4255 2836 4328 finem,
2871 4250 3095 4313 referri
3143 4258 3352 4333 potest
3399 4252 3476 4314 ad

376 4358 725 4424 concordes
768 4365 833 4420 et
876 4355 1137 4438 pacifici
1181 4375 1321 4419 esse
1363 4355 1723 4434 nobiscum,
1763 4375 1879 4421 nos

378 4467 589 4521 tamen
648 4454 1177 4536 tranquillitatem
1228 4472 1554 4518 servemus
1605 4453 1673 4515 in
1727 4455 1873 4519 Deo,

378 4555 535 4619 Hinc
570 4554 811 4618 Seneca
837 4553 1023 4616 docet
1058 4571 1071 4615 :
1106 4553 1169 4616 Id
1204 4570 1339 4633 age,
1367 4571 1447 4616 ne
1478 4552 1619 4633 quis
1650 4553 1879 4617 merito

379 4664 488 4718 tuo
530 4662 597 4717 te
640 4652 873 4716 oderit.

480 4852 661 4920 Quid
719 4850 906 4909 habet
959 4849 1249 4927 amplius
1306 4850 1491 4910 homo
1535 4852 1615 4909 de
1672 4851 1882 4909 labore

380 4970 521 5020 suo,
552 4947 683 5009 nisi
730 4945 976 5027 aliquid
1026 4945 1517 5027 praedictorum?
1562 4946 1743 5028 quasi
1794 4946 1883 5009 di-

384 5056 484 5112 cat
523 5067 539 5111 :
576 5044 1001 5108 stabilitatem
1048 5062 1175 5107 non
1219 5044 1431 5121 habet,
1466 5063 1675 5125 neque
1719 5044 1884 5107 salu-

390 5152 513 5206 tem
549 5141 617 5203 in
649 5140 780 5203 vita
812 5138 1135 5221 praesenti.
1168 5142 1320 5201 Vidi
1348 5142 1784 5217 afflictionem,
1818 5140 1884 5202 id

388 5249 485 5305 est
532 5238 917 5303 laboriosam
978 5237 1495 5300 exercitationem
1542 5238 1711 5301 circa
1757 5246 1887 5301 stu-

393 5338 570 5403 dium
622 5335 1033 5413 litterarium,
1074 5356 1273 5416 quam
1318 5338 1499 5398 dedit
1539 5340 1711 5399 Deus
1746 5354 1890 5418 per-

1989 4350 2254 4415 verbum
2304 4349 2486 4424 illud,
2539 4348 2716 4422 Quod
2764 4356 3062 4431 operatus
3110 4357 3228 4427 est,
3277 4359 3348 4412 ut
3396 4350 3480 4413 sit

1989 4447 2423 4529 sensuS,quod
2454 4447 2694 4509 nullam
2722 4447 3195 4523 creaturam,ab
3225 4449 3482 4513 exordio

1993 4547 2214 4610 mundi
2256 4564 2460 4627 usque
2504 4546 2581 4608 ad
2633 4544 2834 4608 finem
2882 4547 3021 4627 ejus
3067 4544 3301 4610 factam
3346 4547 3480 4611 sive

1991 4645 2296 4723 fiendam,
2333 4644 2532 4726 possit
2577 4642 2767 4707 homo
2809 4644 2997 4726 plene
3042 4663 3424 4727 cognoscere
3459 4664 3475 4725 3

1987 4745 2090 4808 vel
2120 4744 2200 4807 ad
2235 4743 2418 4819 illud,
2452 4742 2531 4805 Ut
2568 4759 2697 4805 non
2740 4741 3024 4807 inveniat
3063 4742 3277 4820 homo,
3311 4743 3481 4806 scili-

1990 4853 2090 4909 cet
2118 4845 2200 4907 ab
2231 4843 2418 4906 initio
2447 4842 2594 4905 vitae
2621 4860 2752 4904 suae
2783 4860 2988 4924 usque
3015 4842 3094 4903 ad
3124 4850 3416 4905 mortem.

2069 4946 2157 5005 Et
2197 4943 2464 5021 cognovi
2501 4944 2675 5022 quod
2703 4962 2833 5001 non
2861 4950 3016 5002 esset
3053 4944 3309 5012 melius,
3345 4944 3480 5002 nisi

1993 5042 2209 5104 loetari
2246 5040 2311 5102 in
2341 5038 2590 5103 actibus
2620 5037 2828 5115 boniS,
2861 5046 2925 5101 et
2954 5037 3019 5100 in
3054 5038 3200 5114 Dec,
3232 5037 3477 5102 seclusa

1993 5140 2266 5215 curiosa,
2302 5137 2742 5213 immoderata,
2781 5144 2840 5199 et
2872 5135 3058 5199 anxia
3087 5136 3483 5201 exercitatio-

1997 5257 2076 5301 ne
2114 5234 2446 5314 studendi3
2483 5245 2540 5295 et
2568 5236 2782 5312 facere
2816 5236 2978 5293 bona
3018 5252 3211 5315 opera
3239 5236 3313 5294 in
3342 5237 3482 5296 vita

1995 5356 2139 5404 sua,
2185 5351 2298 5415 per
2343 5350 2489 5413 quae
2532 5339 2851 5394 mereatur
2891 5331 2971 5394 ad
3019 5331 3482 5414 plenitudinem

3616 1411 3678 1467 11

3537 1715 3646 1759 Gen.
3665 1728 3694 1767 ι,
3711 1717 3776 1766 ¹0,

3517 1780 3581 1829 η,
3613 1780 3679 1828 ιε,
3707 1780 3778 1829 2¹,

3513 1841 3581 1885 25.

3521 3089 3672 3135 Eccle.
3688 3104 3717 3142 ι,
3729 3092 3771 3134 8.

3547 3586 3622 3629 Pa.
3639 3599 3678 3638 ι,
3697 3587 3740 3629 θ.

3607 4948 3674 5005 12
