4284 6267
1026 516 1380 564 manuue
1422 518 1486 564 m
1528 518 1665 564 car.
1713 519 1859 565 xxvi
1900 519 2384 568 rnovnnmoaun.
2431 542 2513 552 —
2551 525 2693 570 Am.
2740 526 2886 570 xxv1
3380 512 3497 576 165

387 686 707 768 jurgium,
743 687 1216 770 cessabuntque
1244 707 1451 752 causae
1480 698 1546 752 et
1574 698 1899 752 contume-
1929 691 1978 752 A
2010 690 2356 754 humanam
2392 694 2809 776 industriam3
2843 698 2954 760 sed
2991 697 3058 759 in
3096 700 3365 763 consilio
3403 709 3497 763 at-

186 786 249 840 21
390 785 521 849 liae.
564 821 642 832 —
679 789 872 848 Sicut
908 791 1213 848 carbones
1242 791 1331 849 ad
1356 809 1631 866 prunas,
1664 788 1897 869 quibus
2006 809 2133 870 que
2175 790 2421 871 judicio
2467 793 2576 854 Dei
2626 811 2814 857 omne
2856 794 3118 874 malum,
3153 805 3494 879 quantum-

388 883 677 968 appositi
725 885 1187 962 accenduntur,
1220 897 1279 946 et
1315 889 1499 964 liqna
1534 890 1620 948 ad
1652 890 1894 964 iqnem,
2008 906 2284 969 cumque
2313 889 2779 967 absconditum,
2816 892 3352 972 manifestabitur,
3378 895 3496 958 sic-

388 1003 589 1066 quem
644 983 944 1047 nutriunt
993 992 1057 1047 et
1104 993 1556 1065 augmentant3
1588 988 1682 1045 sie
1712 986 1895 1046 homo
2006 993 2075 1048 ut
2124 985 2188 1047 in
2249 987 2594 1067 Evangelio
2644 991 2869 1052 asserit
2913 991 3202 1055 Christus
3254 1010 3268 1054 :
3321 993 3490 1056 Nihil

390 1085 766 1144 iracundus
794 1086 1065 1146 suscitat
1090 1086 1303 1156 rimas,
1336 1083 1723 1166 proferendo
1758 1103 1896 1147 ver·
2004 1085 2450 1148 absconditum
2489 1088 2663 1168 quod
2700 1108 2828 1151 non
2869 1090 3201 1153 reveletur.

392 1180 478 1243 ba
526 1181 869 1264 injuriosa,
902 1190 968 1244 et
1005 1182 1206 1245 alium
1247 1182 1605 1246 invadendo
1649 1183 1897 1246 deside·
2088 1186 2215 1251 Qui
2259 1186 2431 1263 fodit
2475 1187 2754 1262 foveam,
2802 1190 3040 1248 incidet
3079 1191 3152 1250 in
3199 1211 3342 1252 eam
3373 1213 3395 1251 .·
3426 1191 3491 1253 id

192 1285 261 1337 22
390 1279 491 1344 rio
549 1280 843 1344 ultioniS.
899 1317 975 1327 —
1024 1284 1224 1344 Verba
1279 1284 1656 1343 susurronis
1703 1285 1895 1360 quasi
2000 1288 2117 1357 est,
2143 1281 2254 1363 qui
2285 1282 2467 1345 alteri
2500 1284 2761 1347 molitur
2792 1285 3078 1364 insidias,
3104 1287 3493 1370 laqueosque

386 1381 751 1457 simplicia,
796 1389 857 1442 et
904 1382 1047 1458 ipsa
1090 1383 1486 1457 perveniunt
1522 1383 1611 1441 ad
1653 1382 1893 1442 intima
2000 1381 2284 1442 extendit
2315 1388 2378 1443 et
2415 1390 2596 1462 parat
2624 1382 2898 1461 ruinam,
2923 1385 3202 1466 patietur
3228 1404 3345 1468 pro
3375 1405 3492 1450 suo

114 1490 353 1543 emm-m.
388 1480 627 1540 cordis.
666 1477 794 1541 Hoc
830 1498 1022 1561 supra
1060 1479 1420 1560 expositum
1451 1485 1568 1541 est.
2002 1475 2286 1541 facinore
2316 1478 2597 1542 debitam
2629 1499 2916 1562 poenam3
2949 1491 3011 1544 et
3044 1482 3346 1564 iniquitas
3379 1505 3490 1547 sua

472 1580 804 1646 Quomodo
832 1579 893 1637 si
932 1586 1197 1655 argento
1234 1580 1517 1646 sordido,
1552 1577 1616 1640 id
1663 1585 1779 1654 est,
1823 1579 1889 1639 in
1999 1575 2314 1638 redundat
2345 1576 2410 1638 in
2454 1577 2690 1664 ipsum,
2725 1580 3059 1661 magisque
3099 1581 3270 1644 laedit
3299 1602 3367 1646 se
3398 1582 3494 1666 ip-

383 1693 515 1756 quo
573 1675 787 1738 scoria
844 1683 1079 1752 manet,
1134 1695 1369 1736 ornare
1426 1678 1583 1735 velis
1640 1697 1753 1759 pas
1807 1681 1889 1754 fi·
1998 1693 2137 1734 sum
2204 1676 2548 1755 peccando,
2603 1696 2790 1757 quam
2849 1677 3048 1740 alium
3105 1681 3336 1742 damna
3381 1689 3493 1743 aut

382 1776 587 1836 ccile:
624 1773 742 1855 qui
793 1783 1054 1837 ornatus
1105 1793 1231 1837 non
1281 1774 1579 1837 convenit
1596 1793 1613 1853 3
1662 1778 1755 1835 sic
1802 1781 1889 1836 la·
1998 1772 2318 1854 supplicia
2368 1773 2703 1838 inferendo
2756 1793 2769 1837 :
2827 1776 2954 1839 imo
3007 1776 3375 1858 frequenter
3424 1781 3488 1842 in

384 1873 493 1933 bia
526 1874 872 1944 cume-ntia,
906 1891 1052 1954 quae
1093 1871 1429 1955 proferunt
1468 1873 1663 1935 verba
1698 1874 1880 1951 elata,
1924 1869 1971 1930 B
1998 1869 2115 1932 hac
2147 1871 2279 1934 vita
2313 1872 2482 1934 cadit
2522 1872 2586 1934 in
2627 1874 2865 1935 malum
2903 1876 3075 1955 quod
3106 1876 3290 1938 alteri
3333 1897 3491 1959 prae-

382 1992 533 2031 cum
554 1973 839 2048 pessimo
868 1974 1057 2031 corde
1085 1973 1327 2031 sociata
1362 1993 1385 2030 .·
1423 1989 1697 2052 quorum
1741 1991 1885 2035 con·
1997 1969 2267 2049 paravit,
2303 1970 2466 2032 sicut
2507 1972 2704 2034 Judaei
2748 1973 3068 2036 Christum
3115 1983 3179 2037 et
3217 1975 3357 2056 ejus
3396 1976 3490 2039 di-

380 2067 634 2149 junctio
670 2075 769 2131 est
807 2067 1187 2150 periculosa,
1222 2067 1377 2149 quia
1415 2070 1583 2148 quod
1628 2069 1776 2131 latet
1818 2071 1883 2132 in
1996 2067 2278 2148 scipulos
2311 2068 2683 2146 occidendo,
2721 2070 3022 2150 fugando,
3047 2073 3484 2155 despoliand0‚

382 2167 768 2242 corde,mox
797 2185 913 2248 per
944 2165 1113 2229 labia
1140 2166 1431 2230 animosa
1462 2167 1787 2248 profertur
1816 2169 1882 2230 in
1994 2175 2368 2228 meruerunt
2397 2186 2433 2228 a
2464 2167 2763 2230 Romanis
2795 2169 3022 2246 occidi,
3057 2171 3389 2252 captivari,
3423 2181 3487 2235 et

192 2269 257 2323 24
382 2264 694 2328 medium.
728 2265 911 2328 Unde
958 2265 1371 2348 subjungitur
1418 2283 1433 2327 ε
1478 2268 1702 2327 Labiis
1746 2271 1883 2328 suis
1993 2272 2126 2326 toto
2157 2263 2310 2327 orbe
2342 2265 2644 2346 dispergi.
2670 2267 2846 2329 Unde
2877 2267 2966 2329 ait
2995 2267 3318 2333 Salvator:
3353 2269 3488 2333 Om-

380 2366 791 2442 intelliqitur
843 2365 1180 2434 inimicus,
1233 2364 1296 2426 id
1356 2374 1474 2441 est,
1522 2384 1635 2446 per
1690 2366 1882 2430 verba
1996 2363 2095 2425 nis
2128 2364 2242 2445 qui
2283 2363 2600 2445 acceperit
2628 2364 2934 2444 gladium,
2961 2366 3173 2446 gladio
3206 2368 3482 2450 peribit;

379 2463 661 2546 superba
694 2471 758 2526 et
796 2462 1131 2544 injuriosa,
1166 2463 1368 2526 hostis
1413 2464 1702 2527 occultus
1742 2483 1884 2546 pro-
1994 2470 2054 2525 et
2079 2461 2428 2537 Psalmista‚
2446 2462 2676 2525 Lacum
2708 2466 2961 2545 aperuit
2984 2474 3046 2528 et
3071 2465 3297 2529 effodit
3321 2485 3478 2542 eum,

376 2562 473 2624 dit
522 2581 591 2624 se
644 2562 883 2644 ipsum,
920 2581 1124 2642 quum
1166 2563 1239 2622 in
1279 2565 1466 2623 corde
1509 2565 1884 2624 tractaverit
1993 2569 2057 2622 et
2086 2560 2314 2623 incidit
2345 2559 2408 2622 in
2444 2559 2696 2623 foveam
2727 2581 2918 2643 quam
2954 2562 3128 2626 fecit.
3164 2565 3370 2645 Atque
3407 2566 3485 2627 ad

374 2663 579 2732 dolos,
596 2660 661 2722 id
690 2669 810 2738 est,
832 2661 1001 2722 intra
1034 2678 1102 2722 se
1138 2660 1591 2740 excogitaverit
1622 2662 1881 2724 modum
1996 2660 2164 2722 idem
2200 2667 2442 2741 spectat
2473 2660 2644 2741 quod
2675 2660 3009 2727 subditur:
3046 2673 3104 2724 et
3135 2665 3253 2742 qui
3285 2667 3486 2726 volvit

375 2768 442 2821 et
487 2759 627 2822 vias
679 2757 955 2822 nocendi
1000 2759 1221 2822 dolose
1271 2767 1335 2822 et
1382 2759 1546 2822 clam
1597 2780 1611 2824 :
1662 2761 1881 2842 sicque
1995 2761 2300 2836 lapidem,
2353 2769 2708 2819 revertetur
2755 2763 2844 2820 ad
2893 2781 3040 2821 eum
3089 2783 3112 2820 .·
3164 2762 3316 2843 quia
3372 2764 3483 2844 qui

376 2857 705 2920 interdum
737 2865 959 2920 contra
991 2857 1387 2938 propositum
1422 2877 1631 2934 suum,
1667 2878 1743 2920 ex
1774 2859 1884 2920 im·
1990 2876 2186 2938 grave
2217 2857 2454 2918 malum
2488 2856 2716 2919 nititur
2751 2859 3246 2941 superinducere
3275 2861 3482 2940 alteri,

378 2965 529 3038 petu
558 2955 935 3038 passionum
968 2955 1191 3038 pandit
1223 2974 1401 3018 suam
1434 2956 1875 3038 iniquitatem:
1992 2963 2273 3018 meretur
2309 2955 2582 3037 opprimi
2625 2963 2687 3017 ct
2728 2956 2979 3038 perire3
3021 2965 3081 3019 et
3116 2957 3484 3038 frequenter

376 3055 458 3117 de
507 3073 641 3136 quo
680 3062 905 3136 postea
950 3055 1144 3130 dolet,
1190 3063 1251 3116 et
1301 3054 1479 3137 cupit
1528 3073 1641 3137 per
1688 3056 1881 3119 verba
1917 3053 1960 3117 C
1990 3053 2069 3116 ab
2112 3053 2204 3115 eis
2250 3060 2552 3130 vastatur,
2589 3071 2748 3134 quos
2789 3055 3138 3117 conabatur
3181 3056 3481 3138 suppedi-

380 3152 539 3217 ficta
587 3153 940 3216 amicitiam
991 3153 1451 3230 demonstrare,
1484 3163 1553 3216 ut
1602 3173 1730 3217 non
1779 3155 1882 3218 ob-
1992 3159 2145 3227 tare,
2201 3151 2365 3213 sicut
2411 3159 2474 3212 et
2522 3151 2773 3213 Balaam
2819 3171 2856 3213 a
2909 3151 3068 3215 filiis
3115 3153 3306 3215 Israel
3357 3153 3480 3216 suit

379 3251 793 3316 servantibus
841 3270 910 3314 se
952 3252 1164 3314 acrius
1211 3271 1284 3314 ac
1322 3252 1593 3315 celerius
1632 3259 1874 3315 noceat.
1988 3249 2259 3326 occisuS,
2295 3251 2375 3312 de
2417 3269 2688 3331 quorum
2740 3250 3115 3332 deceptione
3162 3260 3225 3314 et
3273 3261 3478 3316 morte

184 3358 251 3412 25
376 3350 623 3413 Idcirco
674 3349 1089 3431 subjungitur
1136 3367 1150 3412 :
1201 3353 1467 3420 Quando
1512 3353 1881 3412 submiserit
1988 3348 2163 3409 dedit
2222 3347 2582 3410 consilium.
2640 3347 2842 3410 Simili
2905 3350 3093 3412 modo
3152 3350 3479 3431 perierunt

3535 1012 3644 1056 Luc.
3661 1026 3732 1066 xii,
3745 1015 3784 1057 2.

3617 1201 3690 1257 27

3568 2289 3730 2333 Manli.

3516 2365 3626 2403 xxvi,
3643 2353 3710 2396 52.

3532 2486 3612 2531 1²⁸.
3627 2501 3698 2541 vu,
3713 2489 3777 2531 16.

3523 3183 3772 3235 Numam,

3531 3308 3653 3353 loia.
3675 3311 3742 3352 16.

376 3469 591 3509 vocem
624 3469 840 3517 suam,
872 3446 1123 3509 bassius
1152 3447 1590 3529 humiliusque
1621 3448 1879 3528 loquen-
1988 3445 2264 3508 Absalon
2309 3453 2501 3527 atque
2535 3446 2934 3527 Achitophel,
2969 3447 3079 3528 qui
3115 3456 3338 3511 contra
3364 3450 3478 3511 Da·
3507 3470 3768 3526 ulmum.

376 3547 457 3608 do
490 3566 568 3610 ex
600 3545 892 3620 fictione,
918 3567 999 3607 ne
1026 3548 1379 3607 credideris
1407 3548 1493 3615 ei,
1522 3547 1632 3608 sed
1665 3545 1879 3610 obser-
1986 3543 2093 3608 vid
2125 3543 2675 3624 conspiraverunt.
2699 3544 2860 3606 Hinc
2891 3544 2956 3606 in
2987 3543 3367 3610 Ecclesiaste
3397 3546 3478 3611 le-

376 3665 455 3708 va
506 3653 591 3721 te,
621 3645 776 3726 quia
822 3643 1155 3707 abundans
1206 3645 1455 3707 cautela
1502 3663 1630 3707 non
1674 3657 1872 3722 nocet,
1982 3643 2200 3724 gitur:
2239 3641 2355 3716 Qui
2399 3642 2669 3724 dissipat
2707 3661 2944 3725 sepem,
2981 3645 3296 3708 mordebit
3327 3664 3473 3708 eum

3506 3537 3547 3584 9,
3581 3535 3646 3583 14,
3685 3535 3766 3585 15;

3507 3606 3608 3646 xvii,
3629 3597 3696 3638 2³.

3515 3658 3635 3702 lbid.
3647 3671 3716 3711 xv,
3729 3661 3772 3701 1·

375 3745 704 3826 praecipue
762 3743 933 3806 circa
996 3743 1237 3822 talem;
1290 3745 1601 3822 quoniam
1645 3754 1877 3822 septem
1985 3741 2269 3805 coluber.
2321 3741 2397 3803 Et
2451 3740 2608 3803 alibi
2666 3741 2902 3805 dicitur
2956 3763 2970 3806 :
3027 3742 3308 3807 Facienti
3367 3764 3474 3808 ne-
3505 3728 3768 3838 Zeten&

374 3845 691 3922 nequiciae
719 3851 873 3902 sunt
906 3843 979 3902 in
1007 3844 1195 3902 eorde
1222 3843 1409 3902 illius
1438 3863 1460 3901 .·
1492 3841 1555 3904 id
1591 3850 1707 3919 est,
1744 3861 1877 3905 om·
1986 3841 2370 3923 quissimum
2410 3841 2773 3920 consilium,
2799 3861 2991 3924 super
3021 3842 3227 3925 ipsum
3259 3844 3474 3908 devol-
3501 3850 3767 3901 Eccum-u.

376 3940 443 4002 ni
504 3940 699 4002 modo
758 3939 882 4002 sibi
945 3938 1237 4021 possibili
1298 3939 1701 4002 machinatur
1759 3940 1874 4003 tibi
1986 3947 2189 4002 vetur.
2242 3939 2586 4001 Attendant
2635 3940 2768 4003 haec
2822 3941 2936 4022 qui
2990 3941 3120 4002 suis
3170 3941 3348 4003 vitiis
3399 3961 3473 4006 ac

375 4039 645 4100 malum.
674 4036 1045 4120 Septenario
1078 4038 1320 4119 quippe
1362 4037 1741 4101 universitas
1772 4039 1876 4101 de·
1986 4037 2392 4120 passionibus
2443 4039 2536 4100 sic
2587 4037 3106 4118 obtenebrantur,
3155 4048 3226 4102 ut
3274 4060 3474 4122 quum

376 4137 691 4217 signatur.
1983 4134 2374 4198 detraxerint
2406 4135 2860 4217 proximiS,aut
2889 4157 3360 4220 quamcumque
3391 4139 3479 4200 in-

190 4246 255 4299 26
460 4237 592 4304 Qui
621 4235 829 4313 operit
858 4235 1087 4295 odium
1117 4235 1607 4310 fraudulenter,
1640 4234 1703 4297 id
1754 4243 1870 4310 est,
1907 4233 1956 4294 D
1982 4234 2217 4315 juriam
2247 4233 2586 4295 intulerint
2616 4233 2730 4309 eiS‚
2765 4234 3118 4314 gloriantur
3149 4244 3212 4299 et
3239 4237 3479 4318 jactant

376 4349 713 4396 rancorem
758 4351 946 4393 suum
996 4340 1216 4394 contra
1258 4332 1455 4394 alium
1505 4332 1725 4395 dolose
1774 4351 1878 4395 oc·
1986 4353 2054 4396 se
2103 4332 2232 4394 illis
2286 4331 2602 4408 nocuisse,
2642 4351 2840 4413 quum
2884 4334 3100 4415 potius
3144 4335 3480 4399 nocuerint

375 4429 599 4505 cultat,
632 4438 745 4492 aut
792 4448 907 4512 per
950 4429 1251 4492 amicitiae
1290 4431 1471 4509 signa
1510 4431 1875 4512 oppositum
1986 4429 2428 4512 sibimetipsiS‚
2462 4429 2591 4491 illis
2641 4449 2811 4507 vero,
2846 4431 3191 4495 dummodo
3241 4431 3482 4496 fuerint

139 4541 344 4600 111229.n,
374 4527 661 4604 simulat,
696 4527 1235 4608 quemadmodum
1264 4527 1420 4591 Joab
1448 4529 1741 4590 Amasam
1780 4547 1879 4590 os·
1985 4530 2324 4613 patienteS,
2377 4528 2758 4610 profuerint,
2799 4537 2865 4591 et
2911 4529 3130 4610 gloriae
3180 4549 3478 4594 coronam

112 4608 223 4654 ⁹⁹¹⁰·
374 4625 692 4704 culand03
739 4629 1137 4688 revelabitur
1166 4629 1427 4688 malitia
1465 4629 1608 4705 ejus
1636 4629 1709 4687 in
1738 4647 1878 4688 con-
1986 4627 2374 4711 paraverint.
2411 4627 2664 4688 Etenim
2704 4627 2878 4688 nulla
2918 4629 3172 4690 nocebit
3199 4630 3481 4694 adversi-

373 4725 556 4795 silio,
588 4723 652 4786 id
684 4731 803 4800 est,
840 4742 955 4805 per
986 4723 1362 4806 diligentem
1394 4725 1875 4806 inquisitionem
1988 4736 2103 4802 tas,
2144 4725 2200 4786 si
2247 4725 2426 4787 nulla
2474 4725 2839 4788 dominetur
2887 4725 3213 4807 iniquitas,
3263 4727 3478 4808 ltaque

378 4821 616 4905 poterit
648 4821 1047 4903 deprehendi
1086 4843 1163 4886 ex
1194 4822 1519 4904 aliquibus
1554 4822 1738 4886 sactis
1769 4832 1879 4885 aut
1986 4825 2497 4905 uniuscujusque
2527 4824 2768 4885 malum
2801 4825 2867 4885 in
2898 4823 3225 4906 proprium
3259 4826 3483 4888 redun-

378 4919 608 5001 signiS,
645 4927 757 4980 aut
786 4920 1175 4984 revelatione
1204 4921 1625 5002 quorumdam
1664 4939 1677 4983 :
1716 4920 1880 4985 sicut
1987 4925 2095 4987 dat
2134 4931 2479 4986 auctorem.
2514 4922 2658 4984 ldeo
2701 4921 3010 5004 scriptum
3050 4931 3144 4986 est
3179 4923 3325 4986 :Vae
3363 4923 3480 4987 im-

377 5019 447 5080 in
502 5017 675 5080 libro
708 5017 965 5099 [primo]
1017 5018 1513 5082 Machabaeorum
1564 5039 1731 5102 saepe
1774 5020 1882 5082 ha-
1991 5022 2097 5105 pio
2139 5021 2208 5083 in
2254 5020 2532 5100 malum3
2579 5020 2916 5083 retributio
2958 5021 3129 5083 enim
3174 5041 3480 5085 manuum

128 5129 281 5177 lueet.
298 5147 345 5186 m,
380 5117 593 5192 betur,
642 5117 816 5197 quod
860 5115 1035 5180 Judae
1075 5125 1138 5179 et
1183 5116 1490 5179 fratribus
1524 5117 1663 5200 ejus
1709 5118 1884 5182 inno·
1990 5123 2129 5202 ejus
2171 5118 2288 5182 fiet
2327 5119 2406 5182 ei.

114 5195 347 5247 ³²³*'¹⁰‘¹⁵·
382 5214 510 5278 tuit
550 5213 775 5278 odium
814 5223 879 5277 et
917 5215 1306 5278 machinatio
1351 5216 1879 5280 adversariorum.
2072 5221 2337 5295 Linqua
2369 5219 2587 5293 fallam
2619 5237 2746 5276 non
2781 5227 2959 5277 amat
2989 5219 3352 5288 veritatem,
3373 5220 3483 5281 sed

138 5261 153 5268 “
166 5281 181 5289 -
196 5260 255 5310 27;
282 5275 349 5312 vu.

114 5258 172 5360 {³⁰-
380 5313 557 5378 lstud
614 5321 831 5376 tamen
875 5313 1262 5394 quandoque
1315 5312 1461 5376 fieri
1508 5314 1729 5396 nequit
1776 5333 1888 5397 per
1994 5316 2215 5380 dolosa
2263 5315 2694 5395 mendosaque
2739 5312 2953 5390 verba,
3001 5334 3074 5378 ac
3122 5314 3488 5379 testimonia

3503 3915 3570 3957 ³0.

3530 4949 3592 4993 1⁸.
3609 4962 3667 4999 ιιι,
3686 4951 3754 4994 11.

3608 5226 3680 5282 28
