4284 6267
170 2668 227 2722 {0

136 3576 255 3623 Galat.

178 4650 227 4705 11

176 5344 227 5401 13

937 510 1291 559 manuario
1330 510 1395 560 m
1436 510 1574 561 CAP.
1620 512 1769 560 xm
1811 512 2297 567 Paenuleum.
2344 534 2424 547 -·
2465 516 2607 567 ΛΒΤ.
2653 517 2826 565 mn

3305 500 3422 567 2⁰¹

1350 929 2001 1017 ARTICULUS
2083 932 2420 1017 XXXII

552 1202 636 1249 DE
681 1202 841 1249 auls
888 1202 1383 1251 Exposrrlonmus
1427 1203 1716 1253 cmmls
1758 1206 1947 1253 nulus
1994 1206 2009 1251 2
2052 1207 2364 1253 munuum
2405 1209 2644 1255 roam
2686 1210 2822 1265 oms
2865 1197 3192 1257 mmmm?

445 1481 698 1544 ATUlT
739 1484 873 1563 jam
916 1484 1299 1565 praecedenti
1342 1482 1636 1562 articu10,
1677 1502 1828 1565 qua·
1854 1485 1904 1547 A
1941 1493 2004 1547 θῖ
2042 1503 2237 1567 opera
2278 1486 2484 1551 ovinae
2529 1486 2980 1570 simplicitatiS‚
3022 1490 3424 1565 innocentiae,

466 1580 617 1642 liter
646 1579 975 1643 canticum
1016 1579 1187 1644 istud
1218 1580 1297 1643 de
1336 1580 1687 1644 universali
1718 1581 1831 1644 Ec-

324 1677 539 1755 clesia,
592 1686 659 1741 et
704 1697 1117 1761 quacumque
1162 1680 1378 1743 anima
1424 1680 1709 1743 virtuosa
1757 1698 1831 1743 ac

326 1784 567 1853 sancta,
602 1776 1003 1856 intelligatur
1035 1798 1153 1843 :ex
1183 1778 1419 1860 quibus
1450 1776 1829 1841 facillimum

327 1882 419 1937 est
460 1894 760 1958 pensare,
797 1876 1075 1958 qualiter
1102 1876 1183 1941 de
1214 1896 1620 1959 quacumque
1651 1876 1834 1941 femi-

328 1994 405 2037 na
448 1982 673 2038 sancta
702 1975 913 2039 valeat
948 1975 1304 2057 explanari,
1338 1976 1719 2059 applicando
1750 1977 1831 2039 ad

328 2093 461 2137 eam
520 2073 592 2136 in
653 2073 1049 2157 particulari,
1106 2093 1249 2156 quae
1294 2074 1375 2137 de
1431 2074 1719 2137 Ecclesia
1769 2082 1829 2137 et

328 2172 541 2235 anima
561 2172 853 2235 virtuosa
882 2181 1034 2235 sunt
1064 2173 1233 2237 dicta
1264 2172 1329 2236 in
1359 2172 1655 2253 generali.
1676 2173 1831 2237 Con-

332 2271 675 2335 siderando
704 2271 1007 2353 equidem
1042 2271 1361 2337 naturales
1390 2270 1832 2336 defectuosita-

333 2378 443 2447 ωε,
486 2368 871 2449 fragilitates
915 2377 981 2433 et
1032 2369 1446 2434 infirmitates
1484 2369 1832 2453 cujuslibet

332 2468 621 2532 mulieris
670 2487 745 2532 ac
793 2468 1067 2550 virginis
1115 2468 1414 2533 virtuosae
1462 2478 1527 2533 et
1568 2476 1824 2547 sanctae,

336 2566 560 2630 merito
590 2586 739 2630 cum
781 2566 1207 2631 admiratione
1236 2568 1449 2633 dicere
1491 2587 1829 2650 possumus

1940 1603 2013 1646 ac
2072 1584 2434 1650 christianas
2484 1586 2798 1665 infantiae,
2851 1588 3016 1652 sicut
3071 1587 3428 1671 expositum

1940 1690 2057 1744 est.
2090 1686 2290 1745 Facta
2317 1696 2408 1746 esc
2438 1690 2630 1766 quasi
2653 1690 2844 1749 navis
2873 1690 3192 1749 institoris
3221 1708 3244 1749 .·
3274 1706 3433 1769 quo-

1940 1781 2113 1844 niam
2159 1802 2340 1845 mens
2385 1785 2526 1867 ejus
2571 1784 3012 1870 spiritualibus
3057 1786 3290 1870 opibus
3334 1796 3432 1851 est

1942 1880 2204 1962 repleta,
2239 1890 2304 1945 et
2332 1883 2714 1947 charismata
2743 1884 2869 1947 sibi
2898 1904 3200 1949 concessa
3230 1885 3434 1968 proxi-

1940 1978 2063 2041 mis
2094 1981 2615 2060 communicavit,
2641 1982 2910 2047 aliorum
2949 2002 3207 2067 quoque
3234 1984 3433 2047 virtu-

1940 2084 2035 2139 tes
2065 2085 2129 2141 et
2157 2079 2447 2164 exempla
2477 2079 2711 2143 intuita
2733 2090 2851 2159 est,
2887 2082 3099 2145 hausit
3127 2090 3192 2145 et
3219 2084 3431 2145 attulit

1940 2176 2087 2238 sibi.
2128 2180 2447 2258 Dedicque
2485 2182 2782 2256 proedam
2826 2182 3188 2243 domesticis
3235 2185 3373 2243 suis
3405 2204 3429 2244 :

1938 2292 2099 2355 quos
2144 2294 2220 2337 ex
2266 2275 2548 2356 legendis
2594 2296 2667 2340 ac
2705 2278 3052 2342 virtutibus
3093 2298 3432 2343 converso-

1941 2390 2081 2434 rum
2115 2373 2192 2435 ad
2226 2372 2423 2437 fidem
2469 2394 2545 2439 ac
2572 2376 3040 2458 poenitentiam,
3075 2375 3432 2443 laetil'icavit

1940 2478 2133 2551 atque
2187 2471 2410 2536 refecit
2452 2490 2466 2535 :
2506 2474 2684 2556 juxta
2730 2475 3192 2558 expositionem
3246 2476 3431 2541 indu-

1940 2577 2128 2647 ctam,
2165 2588 2241 2633 ex
2273 2590 2400 2652 qua
2430 2572 2646 2635 omnia
2681 2572 2802 2637 ista
2843 2572 3148 2639 facillime
3191 2575 3430 2640 innote-

336 2666 413 2729 de
455 2665 751 2748 qualibet
800 2666 912 2729 tali
962 2684 976 2729 ε
1012 2670 1356 2729 Mulierem
1401 2668 1637 2746 fortem
1684 2671 1830 2747 quis
1868 2674 1913 2735 B
1940 2670 2476 2747 scuntDefruelu
2491 2678 3431 2753 manuumsuarumplantavit

336 2767 621 2825 inveniet
653 2767 685 2825 ?
728 2764 929 2839 Quam
960 2764 1360 2848 impossibile
1391 2774 1487 2829 est
1519 2767 1711 2830 talem
1742 2784 1833 2829 es-

336 2883 421 2941 se,
455 2863 740 2927 inveniri
767 2883 845 2927 ac
876 2863 1117 2927 imitari
1161 2864 1299 2927 sine
1330 2883 1562 2946 magna
1591 2874 1653 2929 et
1684 2883 1828 2947 spe-

334 2962 477 3027 ciali
518 2981 647 3046 ope
677 2971 741 3025 et
778 2962 983 3043 gratia
1022 2961 1298 3044 Spiritus
1338 2963 1590 3027 Sancti!
1634 2963 1828 3047 Cujus

326 3064 615 3140 pretium
644 3068 741 3123 est
782 3066 1033 3139 procul,
1067 3073 1127 3123 ec
1167 3065 1249 3123 de
1290 3062 1545 3125 ultimis
1584 3066 1827 3141 finibus

334 3160 711 3238 (secundum
740 3158 1206 3241 expositionem
1236 3161 1651 3243 praecedentis
1682 3161 1831 3223 arti-

336 3260 489 3342 culi)
524 3276 539 3321 :
574 3258 886 3341 quoniam
926 3258 1213 3321 Christus
1261 3258 1535 3341 pretium
1588 3268 1683 3323 est
1733 3279 1829 3323 re-

338 3357 729 3442 demptionis
760 3374 885 3420 non
919 3357 1123 3421 solum
1156 3357 1351 3421 totius
1382 3356 1701 3436 Ecclesiae,
1718 3360 1825 3421 sed

337 3466 395 3521 et
436 3456 951 3539 uniuscujusque
990 3455 1259 3519 membri
1312 3454 1539 3537 ipsiuS.
1572 3455 1832 3539 Propter

272 3558 503 3639 11‚quod
544 3556 709 3620 dixit
737 3556 967 3619 Paulus
1016 3556 1092 3619 ad
1127 3555 1376 3618 Galatas
1418 3556 1828 3621 secundozln

337 3656 461 3721 fide
490 3655 646 3721 vivo
688 3656 834 3718 Filii
876 3654 1008 3733 Dei,
1043 3656 1156 3737 qui
1189 3654 1413 3719 dilexit
1442 3674 1569 3732 me,
1605 3664 1667 3719 et
1708 3664 1831 3719 tra-

332 3756 491 3818 didit
552 3754 969 3837 semetipsum
1031 3773 1146 3836 pro
1200 3773 1323 3817 me.
1380 3753 1685 3828 Quocirca
1740 3755 1832 3817 ait

332 3855 821 3935 Chrysostomus
856 3873 871 3917 ε
905 3854 1019 3916 Ηίθ
1048 3861 1145 3915 θεῖ
1172 3852 1239 3916 ef
1243 3852 1445 3917 fectus
1474 3853 1643 3917 servi
1675 3853 1831 3918 fidc-
1864 3858 1909 3922 C

331 3954 425 4033 lis,
462 3962 536 4017 ut
566 3953 742 4035 quod
770 3970 807 4012 a
837 3950 1089 4015 Christo
1120 3971 1235 4033 pro
1269 3952 1571 4016 omnibus
1602 3952 1831 4016 tolera-

330 4063 457 4116 tum
497 4072 575 4115 ac
612 4060 863 4131 gestum
907 4059 1023 4127 est,
1057 4050 1242 4132 quasi
1288 4069 1404 4134 pro
1445 4070 1513 4113 se
1557 4052 1694 4115 solo
1738 4071 1831 4115 re-

332 4160 505 4235 putet
554 4149 895 4215 toleratum
934 4168 1006 4212 ac
1043 4157 1313 4230 gestum.
1341 4150 1493 4213 Nam
1524 4158 1588 4213 et
1630 4150 1828 4213 Filius

328 4251 432 4315 Dei
473 4270 548 4315 ea
592 4248 859 4313 caritate
889 4266 1005 4331 pro
1045 4248 1343 4311 omnibus
1383 4248 1569 4311 nobis
1610 4267 1677 4311 se
1718 4249 1831 4313 ob-

331 4351 494 4427 tulit,
546 4349 727 4433 quod
772 4366 891 4431 pro
934 4364 1322 4429 unoquoque
1370 4346 1589 4411 mallet
1640 4348 1824 4425 mori,

333 4469 525 4532 quam
572 4446 974 4531 permitteret
1020 4446 1225 4520 illum,
1277 4454 1588 4527 quantum
1644 4447 1711 4509 in
1762 4464 1829 4509 se

336 4558 447 4627 θεῖ,
489 4545 931 4613 condemnari.

414 4647 703 4725 Cbnfidic
726 4646 801 4705 in
820 4664 897 4705 ea
914 4664 1023 4704 cor
1042 4645 1180 4705 viri
1194 4646 1322 4705 sui.
1339 4642 1627 4706 Christus
1655 4642 1825 4705 enim

336 4746 397 4809 in
435 4744 733 4828 qualibet
762 4741 875 4805 tali
919 4760 1195 4824 persona
1224 4750 1400 4805 tanto
1437 4741 1585 4824 plus
1622 4741 1830 4805 confi-

334 4847 481 4909 dere
508 4841 911 4926 perhibetur,
945 4842 1124 4922 juxta
1166 4840 1629 4922 expositionem
1672 4859 1831 4922 prae-

334 4944 641 5017 habitam,
677 4947 922 5022 quanto
956 4939 1077 5002 scit
1105 4958 1243 5002 eam
1277 4937 1401 5001 sibi
1438 4937 1823 5014 fideliorem,

1942 2768 2232 2838 vineam,
2265 2767 2326 2831 id
2379 2776 2494 2846 est,
2537 2770 2670 2832 suis
2718 2772 3048 2853 exempliS,
3090 2773 3434 2837 documen-

1942 2864 2046 2942 tis,
2090 2866 2488 2930 orationibus
2519 2886 2590 2930 ac
2637 2868 2904 2946 meritiS,
2937 2870 3170 2933 multas
3222 2890 3435 2953 perso-

1942 2982 2053 3025 nas
2094 2963 2172 3026 ad
2220 2964 2570 3028 virtuosam
2607 2974 2670 3027 et
2705 2965 3066 3048 religiosam
3099 2970 3296 3033 vitam
3337 2971 3434 3032 in-

1939 3061 2159 3127 duxit:
2187 3062 2274 3124 ita
2304 3064 2477 3144 quod
2507 3063 2691 3128 factae
2721 3074 2869 3127 sunt
2897 3066 3102 3130 vineae
3131 3068 3434 3151 Dei,quia

1940 3180 2071 3225 non
2120 3161 2330 3224 solum
2379 3164 2902 3244 congregationes
2961 3164 3228 3245 devotae,
3283 3174 3432 3230 sunt

1940 3260 2144 3325 vineae
2190 3259 2464 3335 Domini,
2509 3262 2617 3324 sed
2658 3254 2730 3325 et⁰
2764 3262 3066 3343 quaelibet
3105 3263 3430 3329 fructuosa

1938 3368 2002 3421 et
2041 3359 2326 3423 virtuosa
2369 3376 2639 3440 persona
2683 3360 3039 3443 appellatur
3076 3362 3186 3425 Dei
3216 3363 3424 3427 vinea.

1939 3456 2115 3521 Unde
2165 3467 2229 3521 et
2264 3456 2555 3522 Christus
2601 3459 2690 3523 ait
2733 3459 2995 3524 loannis
3039 3462 3430 3543 quintodeci-

3559 1694 3626 1750 u

3560 2186 3627 2242 15

3561 2683 3629 2739 16

1941 3574 2045 3619 mo
2090 3576 2104 3620 :
2138 3556 2270 3638 Ego
2308 3577 2450 3621 sum
2483 3557 2633 3621 vitis
2673 3577 2842 3623 vera.
2877 3562 3324 3624 Sum-exerunt
3351 3567 3430 3640 fi'·
3477 3582 3724 3632 namn,

1940 3657 2042 3727 lii,
2076 3654 2138 3717 id
2182 3663 2278 3718 est
2318 3655 2666 3721 imitatores
2705 3676 2816 3719 seu
2854 3658 3176 3741 discipuli.
3210 3659 3431 3723 Cetera
3459 3647 3499 3687 ¹·

1940 3772 2016 3817 ex
2046 3753 2439 3836 praeinducta
2465 3755 2862 3839 expositione
2891 3756 3156 3839 limpide
3185 3766 3424 3841 patent.

2020 3954 2361 4015 Pam-tunm
2399 3953 2657 4035 quidam
2693 3973 2948 4019 carmen
2983 3956 3102 4020 hoc
3136 3958 3214 4020 de
3251 3976 3432 4021 sacra

1942 4051 2270 4134 Scriptura
2303 4059 2652 4133 exponunt,
2677 4072 2870 4134 quam
2913 4054 3170 4118 nomine
3209 4056 3432 4121 mulie-

1941 4151 2051 4228 riS‚
2086 4150 2188 4215 vel
2223 4149 2599 4227 litteraliter,
2627 4151 2729 4215 vel
2761 4152 3175 4236 spiritualiter
3205 4164 3432 4237 putant

1942 4248 2445 4330 intelligendam,
2496 4258 2568 4311 ut
2617 4250 2702 4312 sit
2749 4270 2971 4313 sensus
3021 4269 3036 4313 ε
3085 4256 3430 4317 Mulierem

1938 4348 2200 4428 fortem,
2248 4346 2314 4410 id
2361 4356 2457 4410 est
2506 4367 2750 4411 sacram
2801 4348 3190 4431 Scripturam
3238 4373 3253 4417 :
3296 4373 3434 4435 quae

1941 4464 2175 4529 sponsa
2216 4445 2450 4509 dicitur
2487 4446 2770 4511 hominis
2815 4448 3104 4524 studiosi,
3139 4451 3251 4531 qui
3291 4470 3431 4514 eam

1940 4562 2234 4608 amoroso
2277 4544 2682 4626 amplectitur
2715 4546 2926 4620 corde,
2969 4545 3250 4629 facitque
3291 4569 3431 4613 eam

1941 4642 2333 4726 prolificare,
2369 4643 2434 4705 id
2483 4652 2578 4706 est
2623 4652 2994 4707 convertere
3037 4662 3146 4707 eos
3194 4646 3432 4727 quibus

1943 4742 2078 4824 ipse
2137 4741 2441 4824 praedicat
2499 4760 2679 4820 eam3
2728 4760 2872 4823 quae
2928 4742 3163 4805 dicitur
3219 4743 3426 4820 fortiS,

1940 4840 2242 4922 quoniam
2273 4841 2435 4902 Deus
2469 4858 2581 4922 per
2611 4838 2870 4902 infinita
2898 4848 2961 4904 et
2990 4841 3289 4924 praeclara
3316 4844 3430 4904 mi-

1940 4939 2154 5001 racula
2182 4937 2502 5002 roboravit
2527 4939 2828 5013 eamdem,
2847 4938 3024 5020 juxta
3054 4940 3211 5003 illud
3243 4940 3426 5005 Marci

3561 4264 3628 4319 10

334 5041 752 5115 stabiliorem,
788 5045 854 5101 et
896 5038 1290 5102 devotiorem
1335 5037 1708 5101 consistere.
1742 5040 1830 5099 E't
1859 5038 1907 5100 D
1939 5036 2367 5101 sextodecimo
2401 5057 2415 5101 :
2447 5035 2544 5098 Illi
2587 5036 2879 5118 profecti,
2924 5038 3429 5120 praedicaverunt
3479 5064 3723 5113 uas-mv..

332 5142 556 5220 spoliis
584 5158 719 5199 non
750 5138 1069 5215 indigebit
1098 5158 1120 5197 :
1151 5135 1454 5218 quoniam
1484 5136 1658 5200 omni
1701 5136 1830 5219 spi-

336 5238 548 5303 rituali
606 5235 939 5319 opulentia
995 5235 1299 5318 impletur
1354 5236 1628 5319 desuper
1683 5236 1827 5298 talis

334 5356 629 5423 persona.
664 5334 979 5407 Quaesivit
1006 5338 1255 5406 lanam,
1290 5334 1354 5397 id
1390 5341 1488 5399 θεῖ
1528 5334 1821 5417 νίνῖιιῖθε,

1940 5136 2200 5218 ubique,
2237 5135 2503 5199 Domino
2535 5144 2936 5217 cooperante,
2975 5145 3038 5198 et
3068 5155 3426 5200 sermonem
3457 5130 3525 5169 ²⁰·

1940 5233 2363 5299 confirmante
2388 5231 2794 5315 sequentibus
2821 5232 3213 5313 signiaUnde
3235 5234 3425 5298 etiam

1939 5333 2278 5416 Apostolus
2325 5332 2417 5395 ait
2463 5330 2865 5395 Hebraeorum
2913 5332 3192 5398 secundo
3227 5352 3241 5398 :
3275 5332 3430 5409 Quo-
3456 5355 3724 5408 neos-‚nim
